1958 3490
312 219 354 261 AD
370 217 566 271 CORINTHIOS,
576 219 612 262 vii.
786 218 814 259 55

111 334 392 394 vestriedmonecmus,
412 334 546 394 scribimus,
565 334 610 385 sed
632 339 663 384 ut
682 351 727 384 nos
748 333 814 401 ipsos

112 412 355 465 commonefaciamus
365 433 371 474 3
384 413 411 463 in
422 413 508 464 eadem
520 412 586 463 enim
597 430 671 463 arena
682 429 814 472 versemur,

113 498 140 543 et
148 496 271 542 certamen
282 490 349 541 idem
359 491 430 543 nobis
441 491 574 559 impendet,
599 491 681 554 Quare
692 491 778 541 inanes
789 496 816 540 et

112 588 189 622 venas
206 588 276 621 cures
292 569 466 638 relinquamus,
479 577 505 621 et
516 570 548 621 ed
562 570 693 638 gloriosam
706 575 732 619 et
742 587 815 620 vene-

92 696 96 701 ,,
112 649 214 699 randum
222 654 321 699 sunctae
329 649 464 700 vocationis
472 656 570 700 nostrae
577 649 668 699 lineam
674 648 814 699 veniamus:

112 726 173 795 quid
183 726 320 794 pulchrum,
332 727 392 795 quid
399 728 546 796 jucundum,
557 733 584 777 et
595 733 723 795 acceptum
734 745 815 778 corum

112 805 197 874 opifice
216 811 300 856 nostro
320 806 360 866 sit,
380 807 514 857 videamus.
550 806 702 875 Sanguinem
722 806 815 857 Christi

111 968 146 1002 νον,
156 952 267 992 certamino.
283 951 381 1005 Ohrysost.
389 952 448 992 Hom.
477 954 525 992 ‘seu
541 953 613 1003 repulit,
626 958 677 991 κενῶν
691 955 718 991 καὶ
734 955 814 1001 ματαίων,

111 1020 125 1046 v
139 1006 164 1046 ed
178 1006 224 1059 Pop.
239 1006 330 1047 Antioch.
344 1012 391 1047 tom.
401 1008 416 1047 ii
429 1021 448 1060 p.
477 1007 515 1046 ‘de
525 1007 632 1059 quibushic
642 1020 710 1056 sermo,
718 1009 815 1057 φροντίδων

111 1071 138 1112 59
152 1062 181 1101 ed.
192 1062 238 1102 Ben.
252 1064 267 1101 εἰ
279 1063 303 1111 μὴ
313 1067 347 1112 νῦν,
357 1064 380 1102 ὡς
393 1065 418 1101 ἔτι
432 1065 450 1101 ἐν
477 1062 654 1103 ‘renuntiationem
671 1062 760 1115 inprimis
778 1076 812 1115 po·

110 1120 135 1170 τῷ
147 1119 233 1166 σκάμματι
246 1118 332 1166 ἔτήκαμεν,
347 1122 381 1155 τῶν
393 1120 450 1157 πόνον
477 1117 588 1157 ‘mutabat'

111 1175 142 1221 τῆς
154 1173 215 1223 ἅρετῆο
228 1173 319 1222 ἁψώμεθα,
335 1172 393 1211 Hom.
406 1172 448 1211 xliii
503 1172 528 1211 ib.
544 1170 612 1227 κανόνα]
630 1172 680 1222 Vox,
700 1172 755 1224 sique
770 1172 813 1222 eliu,

110 1226 132 1266 in
147 1226 195 1266 Gen.
207 1231 254 1267 tom
265 1226 285 1267 iv
298 1240 316 1279 p.
328 1229 373 1277 346,
388 1229 411 1277 ιἰο
424 1229 449 1266 ἔτι
476 1227 587 1280 agonistica,
603 1232 626 1268 ut
641 1241 698 1279 suprc
714 1227 813 1267 adnotavi-

110 1283 129 1321 ἐν
139 1286 163 1334 τῷ
177 1283 264 1332 σκάμματὶ
277 1283 333 1330 εὀμεν,
343 1283 401 1333 πρὶνῆ
411 1286 447 1321 δια-
475 1295 524 1331 mus,
534 1283 630 1334 quomodo
643 1287 737 1335 perpetue
750 1282 790 1322 fere
801 1296 812 1322 α

110 1338 181 1386 λυθῆναι
194 1339 214 1374 τὸ
228 1338 304 1387 θέατρον,
314 1351 332 1390 p.
342 1346 387 1388 347.
403 1338 448 1377 We·
475 1337 500 1377 D.
508 1338 574 1387 Paulo,
588 1338 628 1378 scil.
639 1338 661 1376 ΙΙ
672 1338 715 1378 Gor,
725 1352 739 1377 x
751 1351 774 1388 13
787 1349 810 1388 15

109 1391 154 1432 kius
168 1396 188 1431 et
198 1391 281 1432 Ohevull.
296 1391 448 1444 interpretantur
477 1393 507 1442 16,
518 1392 559 1432 Gal.
566 1393 586 1432 vi
595 1394 625 1443 16,
632 1397 737 1446 usurpetur
743 1405 749 1441 3
760 1392 812 1432 idem

109 1446 133 1486 ι’νν
149 1446 178 1486 tire
192 1460 244 1487 samo
257 1447 304 1486 lists.
333 1448 446 1500 Herzogius,
474 1447 513 1487 fere
527 1448 579 1500 quod
592 1449 665 1499 γραμμή,
676 1453 695 1488 et
708 1448 811 1500 aliquando

109 1501 169 1541 Deum
190 1501 214 1540 ι’νν
234 1502 315 1554 pleuto
337 1502 448 1554 Lousdolm
474 1502 526 1553 quod
535 1505 609 1553 σκάμμα,
638 1503 689 1544 Satis
703 1502 809 1555 ergoinfe·

108 1556 172 1596 stelicu
189 1557 231 1601 wir.
269 1557 373 1605 Ruchutus
396 1572 447 1597 νιαινο
473 1557 536 1597 liciter
549 1571 640 1597 ινονννιανννι
655 1558 740 1597 reddidit
751 1558 811 1598 inter-

108 1625 189 1651 sommus
200 1611 281 1651 decute
294 1613 353 1651 ννιέννιν
366 1612 444 1663 daupu.
472 1625 517 1663 pres
538 1610 641 1666 [Junius2]
670 1627 706 1652 nos
723 1613 811 1664 reputem

109 1666 166 1705 Hunc
176 1680 252 1719 quoque
260 1680 327 1706 vocem
336 1681 347 1706 e
356 1667 445 1706 Patribus
473 1667 612 1717 substituimus,
627 1681 674 1707 voce
690 1668 810 1719 aliquantum

109 1721 188 1761 Graecis
202 1726 302 1761 mutuatus
315 1726 345 1761 est
356 1722 446 1762 Tertulli·
472 1721 530 1761 letius
539 1726 623 1774 patente.
634 1722 707 1762 FELL.
728 1722 811 1763 Videtur

108 1789 161 1816 anus.
182 1775 232 1816 Vide
241 1790 299 1828 supra
307 1791 325 1829 p.
337 1778 367 1826 26,
377 1782 417 1816 not.
428 1790 444 1817 α,
474 1776 493 1816 S.
504 1777 627 1829 Polycarpus,
641 1777 675 1829 qui
688 1777 777 1830 plurimis
790 1779 811 1817 in

92 1835 94 1850 ³
109 1831 193 1883 ‘Itaque
207 1832 297 1883 epistates
310 1836 375 1873 vester
388 1831 445 1871 Ohri-
473 1830 520 1870 loeis
529 1832 628 1883 Epistolae
639 1845 684 1872 suae
693 1833 718 1872 ad
727 1832 809 1885 Philipp.

110 1888 165 1926 ‘stus
184 1885 245 1935 Jesus,
265 1886 298 1938 qui
316 1900 350 1927 vos
371 1886 446 1938 Spiritu
473 1899 534 1937 paene
548 1887 594 1938 ipsis
608 1887 713 1928 Clementis
725 1888 811 1941 vestigiis

109 1940 187 1990 ‘unxit
196 1945 216 1981 et
227 1941 297 1980 adhoc
309 1955 445 1994 sccmmepro·
473 1941 552 1990 insistit,
561 1942 668 1995 respexisse
681 1943 706 1982 sd
719 1943 770 1982 hunc
784 1944 812 1983 lo-

63 2001 64 2004 ’
109 1995 192 2035 ‘duxit’
205 1996 382 2047 AdMertyrusS3¹
398 1996 446 2035 Am·
474 2009 523 2046 cum,
541 2010 600 2048 quum
616 1998 692 2047 scribat,
711 1995 762 2052 [§7]
780 2001 811 2037 Διὸ

107 2050 352 2103 brosillsquoquelrlb.de
359 2051 446 2091 Helluet
473 2052 585 2092 ἀπολιπόντες
606 2055 636 2102 τὴν
654 2057 755 2101 putarimus
777 2059 811 2092 τῶν

107 2105 191 2158 Jejunio,
202 2105 212 2156 ξ
222 2120 252 2156 13,
262 2105 300 2144 ‘In
314 2112 418 2146 scammate
430 2107 446 2146 si
473 2110 548 2151 πολλῶν,
559 2110 586 2145 καὶ
595 2110 625 2147 τὰς
637 2109 809 2158 ussermannus.

109 2161 166 2213 ‘quis
176 2165 196 2200 ie
209 2174 268 2200 manu
280 2161 337 2201 levai'
348 2192 353 2201 .
364 2191 368 2201 .
379 2192 383 2200 .
395 2162 405 2213 ξ
414 2175 445 2210 21,
474 2162 501 2199 ἐπὶ
512 2164 542 2200 τὸν
551 2163 571 2209 ἐξ
579 2164 635 2212 ,ἀρχῆς
648 2163 687 2211 ἡμῖν
695 2164 811 2212 παραδοθέντα

108 2218 113 2238 ‘
123 2216 237 2268 Progressus
246 2216 268 2255 in
274 2229 363 2265 scamma,
369 2230 445 2256 necesse
472 2219 525 2267 λόγον
534 2218 672 2268 ἐπιστρέψωμεν.
701 2218 765 2257 Nemo
774 2218 810 2271 igi-

108 2273 152 2311 ‘est
161 2275 184 2311 ut
193 2271 277 2323 excipies
286 2271 396 2323 pulverem?
473 2275 506 2310 tur
519 2271 564 2324 jure
577 2272 669 2324 suspicari
682 2277 751 2326 potest,
763 2274 810 2325 quin

136 2336 153 2376 5.
174 2328 214 2377 τ[ῆο
231 2328 280 2378 ἁγίας
301 2324 395 2381 κλή]οεας]
414 2327 446 2366 Itu
473 2325 520 2366 haee
529 2326 554 2366 sit
563 2326 605 2378 ipsa
614 2327 810 2379 epistolccPetribus

106 2385 151 2432 post
160 2381 242 2420 Junium
250 2381 296 2421 libri
305 2395 383 2421 omnes:
397 2395 445 2434 quoe
473 2382 572 2430 celebrate,
583 2386 602 2422 et
610 2383 686 2434 publice
694 2383 715 2422 in
725 2383 809 2423 Ecclesia

106 2435 164 2476 lectio
182 2436 230 2475 mihi
246 2436 322 2489 saepius
336 2441 356 2476 et
371 2449 446 2476 summe
472 2435 527 2486 lectu,
537 2450 597 2489 quum
606 2437 664 2478 toties
676 2439 697 2477 in
709 2438 766 2477 unice
778 2452 808 2478 eu·

107 2504 146 2543 que
161 2491 216 2543 potui
226 2505 276 2531 curu
288 2491 341 2532 MSti
354 2491 445 2544 reliquias
472 2504 509 2543 que
518 2492 630 2531 brevissime
640 2492 725 2544 epistole,
732 2493 757 2531 ad
766 2507 808 2533 eum

106 2545 216 2599 inspicienti
222 2546 361 2587 verisimillime
370 2560 410 2586 esse
417 2547 445 2586 vi-
472 2546 544 2586 alludat
560 2560 635 2586 necnon
649 2561 692 2587 eum
707 2548 765 2587 citare
780 2549 808 2588 vi-

106 2601 169 2641 detur.
197 2601 257 2642 Juvut
270 2606 337 2642 tomen
351 2601 374 2641 cl.
387 2602 445 2642 Millii
472 2601 541 2642 deutur
559 2602 577 2641 S.
592 2603 713 2654 Polycarpus,
729 2603 750 2641 B.
765 2603 807 2643 cle-

106 2656 130 2696 de
144 2657 180 2696 hoc
193 2656 235 2696 leco
248 2657 364 2697 sententium
374 2658 445 2697 exseri·
472 2657 533 2696 menti
543 2657 642 2708 σθγχρονοο.
652 2657 733 2696 WOTT.
752 2657 806 2698 Oonf.

106 2711 156 2751 bere.
174 2711 263 2752 ‘Lacuna
272 2725 311 2751 non
320 2712 358 2751 nisi
367 2725 401 2751 sex
410 2717 444 2752 eut
471 2711 521 2750 infru
531 2711 541 2762 ξ
549 2724 581 2760 41,
591 2714 621 2750 τὸν
629 2712 723 2762 ὡρισμένον
731 2715 761 2761 τῆς
772 2717 808 2751 λει-

106 2769 111 2788 ‘
120 2770 195 2818 septem
202 2766 302 2808 literarum
309 2771 343 2807 esi.
358 2767 444 2820 Ideoque
471 2768 551 2818 τανργίας
559 2768 610 2805 αὐτοῦ
619 2769 683 2806 κανόνα.

106 2819 249 2875 (ε[ελειαί]σεοκ
270 2823 374 2874 legendum
396 2823 444 2862 mal·
499 2831 516 2872 7.
530 2819 668 2875 [Ἀτενίσ]ωμεν]
684 2821 716 2862 Sic
732 2823 808 2875 supple-

107 2876 165 2925 ‘lem‚
177 2878 229 2928 quod
244 2878 296 2917 inter
311 2882 380 2917 caeterc
392 2878 444 2930 opud
470 2875 577 2924 vitJuuius,
585 2878 806 2929 quemsequuuturlldd.

105 2943 111 2963 ‹
121 2930 265 2973 Ecclesiasticus
274 2932 382 2985 Scriptores
389 2933 442 2985 Bup-
471 2944 541 2971 omnes.
559 2929 671 2970 Gullundius
680 2932 758 2984 quidem
767 2947 808 2973 sus-

105 3002 110 3018 ‘
121 2986 200 3026 tisinum
211 2987 312 3041 significat,
323 2988 377 3041 cujus
391 2991 444 3027 κθνον
471 2986 546 3039 picatur
554 2985 573 3026 S.
582 2987 659 3027 Patrem
668 2988 774 3040 respexisse
783 2989 808 3028 ad

510 3064 546 3095 Μ
