1958 3490
306 231 348 275 AD
364 230 559 284 CORINTHIOS,
573 233 616 275 xxi.
777 234 806 280 93

109 368 166 402 suos
182 349 282 400 faciunt.
317 347 388 398 Haec
404 348 486 398 omnia
501 366 607 416 magnus
621 348 710 415 opifex,
722 355 748 399 et
759 366 809 399 om-

108 430 179 491 nium
198 426 326 486 Dominus,
346 426 374 476 in
391 443 451 493 pace
471 431 497 476 et
515 425 643 477 concordia
657 425 711 476 fieri
726 426 810 494 jussit,

109 505 262 570 benefaciens
279 503 399 564 omnibus,
415 504 485 555 nobis
499 522 557 555 vero
574 504 810 573 superabundanter,

42 651 43 654 Ἴ
109 584 152 653 qui
163 583 195 635 ad
206 582 375 634 miserationes
387 582 440 650 ejus
451 583 612 651 confugimus,
624 602 669 651 per
675 574 811 635 Dominum

108 649 221 714 nostrum
232 661 250 712 J
251 680 320 713 esum
332 661 466 722 Christum,
478 663 518 713 cui
531 663 609 730 gloria
620 669 646 714 et
657 664 773 731 majestas
784 664 811 714 111

109 740 373 794 saeordasaeculorum.
407 741 495 792 Amen.

143 821 215 871 XXI.
235 820 333 880 Videte,
354 819 443 880 dilecti,
463 839 495 871 ne
517 820 647 872 benefacta
669 820 729 888 ejus,
748 838 812 888 quae

109 899 189 951 multa
211 905 277 959 sunt,
298 899 378 950 nobis
392 900 505 950 omnibus
529 899 557 950 in
584 900 812 950 condemnationem

109 979 204 1038 cedant,
224 978 273 1029 nisi
294 978 394 1047 dignam
417 996 445 1029 eo
464 979 543 1029 vitam
565 978 726 1029 instituentes
748 978 812 1030 bona

110 1064 136 1108 et
150 1063 250 1125 accepta
268 1057 295 1107 in
315 1064 447 1125 conspeetu
464 1057 517 1125 ejus
532 1076 589 1108 cum
605 1057 733 1108 concordia
749 1057 811 1108 fece-

109 1136 202 1196 rimus3
229 1134 289 1186 dicit
309 1135 374 1186 enim
396 1135 486 1187 alicubi
508 1135 623 1203 Spiritus
645 1135 753 1187 Domini
775 1137 812 1187 lu·
820 1155 869 1189 rav.
877 1164 901 1188 11

110 1232 187 1266 cerua
213 1224 328 1265 scrutans
355 1224 449 1266 secretu
467 1215 574 1287 >secaris.
624 1215 812 1267 Consideremus
821 1207 847 1243 ²7'

110 1312 185 1361 quam
199 1312 276 1361 prope
292 1294 332 1354 sit,
345 1300 371 1345 et
387 1295 454 1362 quod
470 1294 648 1363 cogitationum
664 1300 811 1355 nostrarum,

110 1378 136 1423 et
147 1372 322 1441 colloquiorum
338 1391 402 1441 quae
417 1374 543 1433 habemus,
554 1372 617 1424 nihil
630 1374 713 1441 ipsum
726 1373 810 1425 lateat.

111 1535 143 1577 27,
157 1539 182 1566 ex
197 1526 290 1566 memoria
303 1526 368 1578 paullo
383 1525 446 1565 11111111-
472 1526 600 1578 interponere,
627 1526 703 1578 aliaque
729 1530 811 1576 mutare,

110 1581 192 1634 gentius,
207 1586 231 1622 ut
242 1581 282 1621 fere
296 1581 324 1631 fit,
335 1581 446 1632 prolatum;
473 1581 557 1633 quesibi
567 1581 665 1620 eamelius
675 1582 811 1630 accommodet,

110 1649 171 1688 neque
181 1635 232 1676 1111111
242 1636 378 1676 recurrendum
390 1636 415 1675 ad
424 1635 447 1674 li-
473 1636 527 1688 prius
539 1636 641 1688 probatum
654 1635 746 1676 dedimus.
776 1636 812 1676 Le-

109 1691 155 1730 bros
164 1690 194 1730 vel
203 1690 334 1743 Apocryphos,
341 1691 372 1730 vel
379 1689 447 1730 Sacros
473 1690 537 1743 gimus
551 1690 602 1743 apud
610 1689 769 1741 Alexandrinum,
779 1691 813 1730 ot-

110 1745 226 1798 deperdiios,
235 1759 274 1797 quo
284 1744 381 1785 mittimur
391 1745 446 1785 ado·
474 1762 507 1785 wc
521 1748 583 1796 ἐγγίζει
596 1749 632 1785 τοῖς
644 1747 713 1785 δικαίοις
726 1749 736 1784 ὁ
745 1746 813 1797 Κύριος,

110 1800 174 1840 banne
196 1800 279 1850 Morino,
304 1800 449 1840 Exereitatione
475 1802 502 1838 καὶ
518 1802 567 1839 οὐδὲν
583 1801 659 1849 λέληθεν
676 1803 726 1839 αὐτὸν
739 1806 773 1839 τῶν
788 1803 814 1840 ἐν·

111 1854 221 1905 Biblieaix,
234 1868 274 1907 cap.
285 1867 359 1903 4num.
371 1857 389 1895 8.
404 1855 449 1895 00-
475 1860 525 1894 νοιῶν
542 1857 570 1894 καὶ
587 1857 703 1906 διαλογισμῶν
719 1857 742 1894 ὧν
755 1856 814 1895 ποιού-

111 1909 167 1949 TEL.
195 1909 254 1962 Apud
264 1909 318 1949 LXX
329 1910 448 1962 Interpretes
475 1912 524 1959 μεθο.
545 1910 815 1963 SimiliaiisaS.Polyearpo

111 1970 147 2017 pro
162 1969 232 2014 Πνεῦμα
246 1966 310 2016 Κυρίου
325 1965 389 2015 λύχνος
401 1965 450 2017 legi·
477 1964 582 2005 Clementis
605 1968 696 2017 σνγχμόνῳ
714 1964 814 2015 habentur,

111 2032 155 2059 mus
171 2024 207 2059 Φῶς
220 2021 283 2069 Κυρίου
298 2021 341 2068 πνοὴ
357 2021 450 2070 ἀνθρώπων
477 2019 554 2069 exilio,
567 2020 588 2058 ni
601 2033 644 2060 mea
658 2033 689 2059 me
702 2020 756 2061 fallat
769 2035 813 2060 oon-

112 2087 148 2114 sec.
158 2074 202 2114 Vat.
218 2074 321 2124 codicem,
335 2080 373 2115 Φῶς
387 2077 450 2126 Κυρίου
474 2075 555 2127 jectnra,
569 2075 643 2127 petita:
657 2077 690 2113 Καὶ
701 2076 774 2124 λεληθεν
785 2077 814 2114 οὐ-

111 2130 154 2178 arari
163 2130 255 2180 ἀνθρώπων
264 2130 274 2177 ἢ
283 2129 346 2179 λύχνος
355 2143 390 2169 see.
402 2130 448 2170 (lod.
477 2133 507 2169 τὸν
515 2132 569 2176 οὐδὲν,
579 2134 618 2168 οὔτε
630 2133 725 2181 λογισμῶν,
737 2134 776 2169 οὔτε
790 2133 815 2169 ἐν·

112 2183 350 2236 Α1111.11Ε11.01111111111.
368 2183 451 2225 Videtur
477 2191 531 2224 νοιῶν,
564 2185 608 2237 [Ep.
625 2185 649 2223 ad
663 2184 744 2240 Philipp.
761 2186 771 2237 §
786 2187 814 2236 4.]

112 2244 178 2279 autem
191 2239 201 2288 ἢ
212 2240 276 2290 λίχνος
289 2239 310 2278 in
322 2240 358 2279 hos
371 2239 451 2280 (lodices
478 2239 530 2292 quod
539 2240 555 2279 si
564 2240 592 2279 ita
601 2239 703 2289 schabest,
712 2240 765 2279 locus
776 2254 816 2281 non

113 2307 138 2333 ex
154 2294 284 2334 Theodotione
300 2294 403 2346 irrepsisse,
419 2295 451 2335 vel
478 2300 507 2335 est
521 2294 624 2347 suspicioni
640 2293 745 2347 Anonymi,
760 2296 816 2346 [Ber-

113 2362 141 2398 ex·
156 2349 251 2402 Hexaplis
267 2349 356 2402 Origenis
363 2363 369 2399 3
388 2351 451 2400 λύχνος
477 2349 541 2401 nardi]
551 2351 598 2389 haec
604 2350 719 2402 interpolata
726 2351 784 2390 fuisse
791 2364 816 2390 ex

113 2404 165 2443 enim
183 2409 212 2444 est
228 2403 315 2457 Aquilae,
334 2404 450 2457 Symmachi,
478 2405 538 2445 (ilem.
548 2404 603 2444 Alex.
618 2404 699 2444 Worr.

113 2463 133 2498 et
142 2459 279 2499 Theodotionis
288 2460 350 2509 lectio,
360 2474 395 2512 pro
405 2463 450 2511 φῶς,
507 2473 537 2510 13.
547 2465 583 2499 πῶς
592 2460 643 2511 ἐγγύς
652 2457 706 2513 ἐστιν]
724 2458 756 2499 sic
765 2459 816 2499 infra

113 2514 166 2565 quod
176 2511 277 2555 verterunt
286 2515 341 2554 LXX
353 2515 450 2568 1111111111-
480 2520 489 2565 t
502 2524 532 2566 27,
547 2515 642 2563 Νοήσωμεν
654 2514 680 2552 ὅτι
695 2516 750 2553 πάντα
765 2516 816 2566 ἐγγὺς

112 2572 147 2608 tes.
163 2569 244 2609 Worr.
478 2571 584 2622 οὐτῴἐοτίν.
606 2567 672 2608 Addas
682 2568 781 2621 ignatium
790 2569 815 2609 ad

143 2635 173 2663 12.
194 2627 215 2662 τὰ
233 2628 299 2673 ταμιεῖα
314 2628 344 2673 τῆς
357 2622 448 2678 peremtis]
478 2624 527 2677 Eph.
548 2625 600 2675 §15
666 2625 693 2661 καὶ
710 2625 732 2660 τὰ
750 2626 816 2667 κρυπτὰ

113 2677 160 2717 Post
169 2678 215 2718 haec
224 2681 282 2720 verba
294 2679 399 2732 interponit
409 2679 451 2719 (tle-
478 2681 524 2729 ἡμῶν
532 2680 583 2730 ἐγγὺς
589 2681 634 2730 αὐτῷ
641 2679 692 2716 ἐστίν.
708 2677 752 2727 Quo
758 2690 816 2719 sensu

113 2745 167 2772 mens
179 2733 234 2784 Alex.
255 2737 288 2773 Καὶ
300 2736 337 2787 ὅσῳ
349 2752 375 2775 τις
387 2736 448 2773 δικοιο-
477 2731 742 2785 1111111ο11111ἐγγύςοῙ1111111
755 2732 816 2773 inter-

112 2792 183 2837 πμαγῶν
204 2793 342 2841 γνωστικώτερος
368 2791 449 2841 γίγνει-ιιι,
477 2787 582 2842 probaberis
596 2787 647 2840 apud
661 2787 685 2826 D.
696 2787 778 2827 Paulum
791 2789 817 2828 ad

112 2844 252 2895 προσεχέστερον
269 2845 324 2897 τούτῳ
343 2847 364 2883 τὸ
386 2849 451 2893 πνεῦμα
478 2844 526 2884 Phil.
541 2843 562 2884 iv
574 2851 592 2892 5,
607 2845 617 2881 ὁ
633 2842 695 2893 Κύριος
709 2843 764 2894 ε’γγιίς.
789 2857 815 2885 sc.
889 2850 890 2854 ’

113 2898 133 2935 τὸ
151 2899 239 2946 φωτεινόν.
272 2900 298 2939 ln
315 2912 369 2939 more
387 2904 452 2940 autem
478 2900 527 2940 faeta
535 2902 600 2938 vestra
608 2897 720 2950 etcogitata
728 2903 817 2940 accurate

113 2964 154 2991 esse
169 2951 264 2994 Clementi
278 2953 410 2995 Alexandrino
429 2967 452 2994 1ο
478 2953 573 3008 perspicit.

114 3005 178 3053 modo,
190 3012 249 3059 prout
262 3008 299 3049 sibi
311 3010 374 3050 visum
387 3009 451 3054 fuerit,
509 3018 537 3058 15.
557 3010 625 3048 Δίκαιον
640 3008 708 3058 οὗν-ἢ
723 3014 748 3062 τῷ
763 3008 817 3065 θεῷ]
