2017 3420
154 222 183 268 76
308 251 311 257 «
395 217 492 266 INDEX
508 222 680 267 VERBORUM

180 333 199 368 ἐν
216 336 240 382 τῷ
259 333 323 383 κόσμῳ.
348 327 412 384 Pulyc.
432 332 482 372 Phil.
502 342 520 383 5.

180 386 246 434 ἀφανὴς
255 388 279 437 τῷ
289 387 347 438 κίσμιρ
356 389 449 436 γενόμενος.
457 386 521 426 'Maru

181 439 223 490 Igu.
242 452 259 490 3.
291 440 352 479 θῖιττον
367 442 476 492 ἀναχωρῆσαι
492 446 523 480 τοῦ

181 495 251 541 κόσμου.
266 502 283 543 5.
304 498 335 532 τοῦ
344 497 407 535 παντὸς
416 498 481 545 κόσμου
490 502 524 534 τῶν

181 548 287 595 σωζομένων.
302 548 359 588 Maru
370 549 434 601 Polyc.
447 560 476 600 17.

576 348 636 381 μενοι.
649 360 652 369 .
665 360 668 370 .
680 330 752 381 κρίσεως
760 332 824 369 ἀδίκου.
853 329 917 382 Polye.

577 385 625 425 Phil.
641 386 658 424 6.
687 386 710 433 μὴ
725 386 808 433 ἀπότομον
823 385 841 422 ἒν
857 385 917 435 κρίσει.

577 441 602 480 ib.
620 441 646 478 καλ
655 439 766 489 λέγη..,μὴτε
775 440 832 489 κρίσιν
840 437 887 477 εἶναι.
898 447 916 489 7.

577 498 597 533 τδ
606 497 636 542 τῆς
644 493 741 541 μελλούσης
750 494 822 543 κρίσεως
831 523 835 531 .
847 524 850 532 .
862 523 866 531 .
876 497 916 544 πῦρ.

578 549 635 588 Mart.
646 547 710 599 Polyc.
723 560 754 586 11.

154 604 242 651 Κραταιίς.
272 603 305 640 ἀπὸ
323 606 353 651 τῆς
370 607 449 652 κραταιᾶς
466 605 524 654 χειρὸς
551 603 617 653 Κριτής.
646 605 669 642 ὡς
683 605 722 646 περὶ
738 606 794 651 κριτοῦ
811 604 877 648 ζώντων
891 603 918 639 καὶ

181 657 244 700 αὐτοῦς
260 654 319 695 Olem.
333 658 383 696 128.

154 713 230 759 Κρατεῖν.
260 712 368 761 κρατηθέντες
377 716 397 760 τῇ
407 715 458 762 σαρκὶ
466 714 522 750 αὐτοῦ.

182 764 225 815 Igu.
237 764 313 815 Smyrn.
326 778 349 814 3.

578 662 645 707 νεκρῶν.
665 655 724 695 Olem.
738 655 761 694 Π
774 668 789 693 1.
819 656 838 695 δς
851 657 919 705 ἔρχεται

578 712 713 803 κΡρχηρςΖζώυτων
726 711 753 748 καὶ
766 714 832 760 νεκρῶν,
853 710 917 762 Polyc.

154 820 227 867 Κράτος.
249 822 277 870 Τῷ
286 820 483 871 γάρπαμμεγεθεστάτῳ
492 823 522 858 αὐ·
550 820 640 869 Κρύπτειυ.
671 820 746 868 ἔκρυψεν
761 819 784 857 εἷς
799 820 819 856 τδ
835 820 918 869 ὑπερῷον.

181 876 211 910 τοῦ
227 874 288 922 κράτει.
309 872 439 924 016111Ῑ33.
467 876 488 913 δι’
503 876 523 912 οὗ

181 927 226 977 αὐτῷ
238 928 280 973 δόξα
291 928 318 964 καὶ
329 928 447 976 μεγαλωσύνη,
457 930 522 977 κράτος,

578 872 664 913 01611κῖ
681 885 710 911 12.
739 874 766 910 καλ
779 873 802 921 μὴ
816 872 875 923 κρύψῃ
889 874 919 911 τδν

577 931 656 965 τοιοῦτον.
676 925 781 978 Ὲκωὲηι.ἰί.

182 981 225 1028 τιμή.
241 982 272 1029 58.
301 981 323 1018 δι’
332 982 352 1018 οδ
366 982 412 1032 αὐτῷ
421 983 468 1028 δόξα,
478 984 522 1030 τιμὴ.
551 983 632 1031 Κρυπτός.
655 982 676 1018 τὰ
685 982 750 1030 κρυπτὰ
759 982 805 1029 ὑμῶν
814 981 865 1030 ἐγγύς
874 982 919 1031 αύτῷ

181 1036 246 1083 κράτος.
263 1043 293 1083 59.
309 1034 337 1073 Of.
346 1034 404 1074 Μοτί.
415 1035 478 1087 Polyc.
491 1049 521 1075 πο.

181 1087 202 1125 δι’
212 1088 232 1125 οὗ
241 1090 269 1126 καὶ
277 1089 314 1134 μεθ’
323 1090 356 1126 ού.
369 1118 373 1126 .
384 1090 458 1137 ,ἡδόξα
467 1092 494 1128 καλ
503 1093 523 1129 τὸ

181 1144 246 1192 κράτος.
262 1142 395 1195 Ma1·t.Igu.7.
420 1170 424 1177 ·

154 1196 250 1245 Κρατύνειν.
279 1197 350 1245 ἀκρίτως
364 1198 394 1246 ὑφ’
409 1199 469 1235 ἑαυτοῦ
484 1214 523 1248 κρα-

181 1250 252 1288 τύνεται.
268 1250 330 1290 Olem.
341 1250 418 1303 Frugm.
428 1251 453 1291 vi.

578 1037 628 1073 ἐστιν.
646 1034 689 1086 Igu.
699 1034 748 1085 Eph.
761 1043 791 1083 15.
819 1036 840 1072 τὰ
854 1036 919 1085 κρυπτὰ

578 1090 649 1139 ἐλέγχει.
665 1087 738 1127 Philad.
750 1096 768 1137 7.
797 1087 816 1127 δς
827 1091 878 1136 μόνος
889 1104 919 1127 πε-

578 1144 666 1182 πίστευται
678 1144 699 1180 τὰ
712 1143 778 1192 κρυπτὰ
789 1146 820 1181 τού
832 1147 881 1181 θεοῦ.
900 1155 918 1193 9.

579 1200 618 1235 οὔτε
632 1213 648 1235 τι
662 1201 696 1235 τῶν
710 1201 788 1246 κρυπτῶν
801 1199 831 1244 τῆς
845 1198 918 1247 καρδίας.

580 1251 643 1302 Polyc.
654 1250 704 1289 Phil.
715 1263 732 1298 4.

154 1306 264 1354 Κραυγάζειν.
293 1305 402 1355 Ἐκραύγασα
417 1307 481 1355 μεταξύ
495 1308 523 1345 ἀν.
552 1306 634 1355 Κρύφιος.
658 1308 702 1355 πρὸς
716 1307 760 1342 θεὸν
775 1306 805 1344 τδν
818 1307 839 1343 τά
855 1305 920 1355 κρύφια
970 1311 972 1315 ”

182 1359 225 1409 Igu.
236 1357 309 1398 Philad.
322 1368 339 1409 7.

580 1361 640 1398 εἰδότα.
655 1359 697 1411 Igu.
709 1359 774 1410 Magn.
785 1372 802 1408 3.

155 1412 229 1462 Κραογίη.
251 1414 290 1463 τρία
298 1415 383 1463 μυστήρια
392 1418 469 1464 κραυγῆς,
481 1415 522 1466 Igu.
550 1415 632 1452 Κτῖισθαι.
655 1416 673 1451 ἔν
687 1415 720 1463 γὰρ
735 1417 759 1464 τῷ
775 1414 861 1461 ἐπιθυμεῖν
877 1413 919 1462 ἡμᾶς

182 1466 232 1518 uph.
245 1480 274 1517 19.

154 1520 245 1570 Κρείττων.
283 1523 364 1571 κρείττονι
387 1525 445 1574 ἔργῳ.
457 1551 461 1560 .
473 1553 476 1561 ,
488 1525 523 1561 εἰτι-

180 1578 272 1625 γραφῆναι.
287 1576 330 1627 Igu.
339 1575 396 1615 Rom.
406 1590 423 1615 2.
443 1581 524 1627 κρεῖσσον

181 1630 200 1667 δὲ
209 1632 219 1666 ὁ
228 1630 321 1679 ἀρχιερεύς.
338 1630 411 1669 Philad.
423 1644 441 1681 9.
469 1632 524 1681 κρείτ-

181 1699 229 1722 τονος
240 1684 336 1735 ἐλευθερίας
346 1685 380 1723 ἀπὸ
393 1689 442 1723 θεοῦ.
458 1685 522 1737 Polyc.

182 1752 200 1785 4.
229 1739 239 1786 ἡ
254 1739 287 1777 ἀπδ
302 1744 335 1776 τῶν
349 1742 448 1788 κρειττόνων
461 1741 489 1778 ἐπὶ
503 1741 524 1778 τὰ

181 1793 234 1842 χείρω
243 1794 326 1840 μετάνοια.
342 1792 399 1832 Mart.
408 1793 472 1844 Polyc.
483 1806 514 1832 ΙΙ.

155 1849 227 1894 Κρεμᾶν.
253 1846 299 1886 ὅπως
313 1849 389 1897 κρεμάση
403 1849 421 1885 εἰς
435 1851 465 1885 τού
479 1848 524 1886 οίκου

182 1901 233 1948 αὐτῆς
241 1903 319 1940 κόκκινον.
336 1901 396 1940 Glem.
407 1901 419 1939 I
430 1914 459 1940 12.

155 1955 216 2003 Κρίμα.
241 1956 265 1993 εἷς
274 1956 324 2004 κρίμα
331 1957 357 1992 καί
364 1957 388 1994 εἷς
395 1956 498 2004 σημείωσιν,
506 1988 510 1996 .
519 1987 522 1994 .

182 2007 261 2057 γίνονται.
283 2008 343 2047 (λίθω.
359 2009 370 2047 Ι
386 2022 415 2048 11.
444 2011 525 2060 νερτέρων

179 2062 292 2114 Ὶάνεκδιήγητα
311 2064 385 2112 κρίματα,
410 2076 440 2102 20,
469 2065 491 2111 μὴ
507 2068 524 2101 αἱ

577 1468 673 1516 κτήσασθαι
692 1471 749 1505 ταῦτα.
779 1467 838 1506 Olem.
858 1466 881 1506 Π
900 1476 918 1516 5.

578 1523 587 1559 δ
595 1523 676 1570 κέκτησθε
683 1522 737 1571 φύσει
744 1523 803 1570 δικαίᾳ.
818 1521 861 1573 Igu.
869 1521 917 1573 Eph.

581 1590 598 1614 1.
621 1577 676 1624 ἀξίοις
686 1577 726 1614 οὖσι
738 1580 814 1614 τοιοῦτον
826 1577 920 1615 ἐπίσκοπον

578 1632 673 1678 κεκτῆσθαι.
689 1630 714 1668 ih.
738 1631 777 1668 ούδὲ
786 1632 852 1680 ἀγάπην
861 1646 918 1677 κεκτη-

577 1685 686 1733 μένοςμισεῖ.
705 1696 735 1732 14.
763 1685 783 1720 ‘0
796 1687 850 1735 λύγον
862 1685 920 1732 Ἰησοῦ

578 1740 679 1787 κεκτημένος.
702 1747 732 1788 15.
761 1739 855 1787 κεκτημένοι
873 1739 919 1777 ἀδικί-

579 1809 636 1842 κριτον
644 1797 714 1841 πνεῦμα.
729 1792 795 1844 Magu.
808 1801 838 1841 15.
863 1796 919 1841 κεκτῆ-

579 1848 620 1885 σθαι
629 1848 659 1894 τὴν
668 1848 757 1885 διακονίαν.
772 1846 847 1886 Philad.
860 1859 875 1886 1.
896 1848 919 1896 μὴ

579 1903 603 1940 εἷς
618 1901 709 1951 μαρτύριον
721 1903 761 1939 αὐτδ
778 1901 877 1949 κτήσωνται.
898 1902 919 1939 6.

579 1956 668 2003 ἀκοίμητον
681 1959 746 2003 πνεῦμα
760 1957 864 2004 κεκτημένος.
884 1955 919 1994 Ρο-

578 2009 614 2060 lyo.
634 2022 649 2047 1.
678 2011 701 2047 ὡς
717 2013 761 2047 θεοῦ
779 2012 846 2060 γνώμην
862 2025 919 2057 κεκτη-

578 2065 631 2111 μένος.
647 2065 664 2102 8.

183 2117 278 2165 εὐεργεσίαι
297 2118 360 2154 αὐτοῦ.
373 2119 483 2166 ..γένωνται
501 2120 525 2157 εἷς
552 2120 616 2165 Κτημα.
632 2118 863 2167 ε’πισφαλὲςγάρτδκτῆμα.
874 2117 918 2170 Igu.

182 2172 238 2220 κρίμα.
255 2182 285 2208 21.
314 2175 338 2221 τῷ
349 2172 407 2222 δικαίῳ
418 2173 436 2209 ἐν
444 2175 479 2210 ταῖς
490 2173 524 2221 κρί-

579 2171 654 2222 Fragm.
664 2185 690 2210 τι.

181 2239 239 2271 μασιν,
263 2231 293 2273 27.
329 2225 362 2263 ἀπὸ
378 2230 412 2263 τῶν
427 2227 525 2273 μελλόντων
552 2226 616 2264 Κτίσις.
640 2226 683 2274 πρδς
693 2228 750 2263 πᾶσαν
758 2226 789 2272 τὴν
798 2227 852 2264 κτίσιν
862 2228 918 2265 αὐτοῦ.

182 2280 270 2328 κριμάτων,
288 2280 318 2317 28.
341 2281 365 2316 ὧν
373 2281 393 2316 τδ
402 2281 453 2328 κρίμα
461 2281 523 2329 πρόδη·

181 2336 213 2370 λον
222 2333 295 2382 ἐγενήθη.
315 2342 346 2382 51.
375 2333 437 2380 ἵναμὴ
451 2333 525 2380 ἡμῖνείς

181 2388 232 2436 κρίμα
240 2387 313 2437 γένηται.
328 2388 370 2439 Igu.
382 2387 430 2439 Eph.
444 2399 473 2425 11.

579 2278 641 2317 Olem.
652 2279 660 2316 Ι
673 2291 702 2328 19.
731 2282 740 2316 ὁ
750 2281 792 2317 Θεὸς
803 2280 903 2329 ἀγγέλων..
914 2309 919 2318 .

579 2335 606 2370 καὶ
619 2334 675 2380 πάσης
683 2336 712 2380 της
724 2334 799 2372 κτίσεως,
815 2333 872 2373 Mart.
884 2334 920 2373 Po·

579 2387 614 2438 lyo.
627 2400 656 2435 14.

155 2442 225 2489 Κρίνειν.
254 2443 275 2479 τά
293 2442 401 2492 ὑστερήματα
420 2444 474 2480 αὐτῶν
491 2442 525 2479 ίδια
552 2441 631 2490 Κτιστης.
654 2443 683 2479 τὸν
692 2443 757 2492 πατέρα
769 2444 796 2480 καὶ
808 2443 878 2491 κτιστίηυ
889 2447 920 2481 τοῦ

181 2497 257 2544 ἐκρίνετο.
283 2495 342 2535 Olem.
359 2497 371 2535 I
387 2510 403 2535 2.
433 2500 463 2544 τῆς
478 2512 525 2545 περι-

579 2496 676 2544 σύμπαντος
685 2498 754 2544 κόσμου.
769 2495 829 2536 Olem.
840 2498 849 2535 I
862 2509 891 2547 19.

181 2552 239 2600 χώρου
253 2552 310 2599 πάσης
324 2552 410 2600 κριθείσης
425 2552 452 2589 διὰ
466 2553 523 2600 πυρός.
552 2553 644 2599 Κυβερνᾶν.
676 2552 757 2600 ἐκυβέρνα
778 2553 808 2599 την
829 2553 919 2600 ἐκκλησίαν

184 2617 213 2643 11.
256 2606 284 2642 διὰ
306 2608 336 2653 τῆς
358 2607 451 2656 ὑπηρεσίας
473 2607 525 2644 αὐτοῦ

578 2605 672 2654 Ἀντιοχέων
679 2607 766 2653 ἐπιμελῶς.
782 2605 839 2645 Mart.
848 2605 891 2658 Igu.
902 2619 918 2645 1.

181 2661 243 2708 έκρινεν
259 2663 269 2696 ὁ
286 2663 333 2698 Θεός.
357 2669 386 2710 17.
414 2661 441 2699 ὅτι
456 2659 497 2707 αὕτη
514 2660 524 2706 ἡ
552 2660 663 2708 Κυβερνίητηε.
688 2661 710 2699 διο
724 2663 823 2710 κυβερνῆται
839 2662 916 2710 ἀνέμους.

181 2715 228 2763 σάρξ
243 2715 263 2750 οδ
280 2715 356 2763 κρίνεται,
377 2715 399 2753 Π
416 2729 433 2765 9.
463 2715 486 2753 εἷς
503 2716 524 2751 τὰ

182 2769 231 2817 θηρία
240 2769 327 2817 κριθέντες.
344 2769 401 2808 Maru.
413 2769 476 2821 Polyo.
489 2782 506 2807 2.

154 2824 210 2871 Κριός.
239 2825 298 2872 ὥσπερ
308 2826 353 2873 κριὸς
362 2825 450 2873 ἐπίσημος.
465 2822 522 2862 Mart.

182 2878 223 2928 Igu.
236 2891 253 2920 α.
263 2881 283 2916 οδ
293 2878 349 2917 Mart.
361 2878 424 2931 Polyc.
438 2892 467 2927 14.

580 2713 622 2764 Igu.
635 2714 697 2765 Polye.
711 2727 727 2752 2.
752 2716 826 2765 καθάπερ
839 2716 920 2765 κυβερνή-

579 2784 608 2815 της
617 2769 684 2818 ἀγαθός.
699 2768 756 2807 Mart.
767 2769 810 2821 Igu.
823 2782 838 2807 1.
859 2773 919 2820 κυβερ-

579 2822 628 2870 νήτην
642 2829 674 2862 τῶν
689 2826 772 2872 σωμάτων
787 2825 837 2872 ἡμῶν.
861 2824 917 2863 Mart.

580 2877 642 2927 Polyc.
656 2891 684 2928 19.

155 2933 221 2979 Κρίσις.
251 2933 314 2979 δισσὴν
330 2934 399 2980 ἕξουσιν
414 2936 444 2982 τὴν
461 2935 521 2984 κρίσιν.
551 2931 621 2971 Κύκλος.
650 2933 706 2985 κύκλῳ
722 2934 836 2983 περιετείχισε
850 2935 869 2970 τὸ
884 2937 918 2971 σῶ-

182 2985 241 3025 Olelu.
262 2985 285 3024 Π
307 3000 336 3025 10.
371 2988 450 3027 κάκείνοις
468 2990 524 3039 κρίσις
577 3002 600 3033 μα
618 2991 648 3024 τοῦ
666 2990 754 3038 μάρτυρος.
779 2987 836 3026 Mau.
853 2987 915 3039 Polyc.

182 3039 233 3079 ε’στίν,
256 3041 298 3092 Igu.
317 3041 392 3092 Sulyrll.
412 3045 428 3080 6.
458 3044 521 3091 ἀπεχό-

580 3049 608 3088 15.
