2061 3403
249 158 291 202 ιιι
443 177 445 182 -
494 144 704 205 s'enunnnns

249 283 263 307 ‘⁶
275 275 376 332 ἔδονται·
404 278 471 334 αὐτοὶ
493 277 517 332 δὲ
538 280 563 334 ἐκ
583 283 662 334 κακῶν
683 278 726 333 οὐκ
745 278 861 350 ἐξαίρετοι
879 279 948 333 ε”σον-

250 370 264 394 “
277 363 341 419 ται.”

208 476 223 522 ,-
287 448 330 506 M'.
350 450 487 521 Προδάλων
499 453 541 507 οὖν
552 453 608 521 ἡμῖν
620 451 695 507 ὄντων
707 451 806 518 τούτων,
823 456 862 506 καὶ
880 453 944 521 ε’γκε-

250 535 350 610 κυφότες·
362 540 394 595 εὶς
411 538 442 593 τά
454 539 519 607 βάθη
531 543 573 607 τῆς
585 539 647 596 θείας
658 538 779 608 γνώσεως,
792 538 871 594 πάντα
882 537 948 609 τάξει

248 628 323 677 ποιεῖν
335 623 470 698 ὀφείλομεν,
483 625 531 680 ὅσα
543 628 556 680 ὁ
568 623 696 692 Δεσπότης
713 626 826 679 ἐπιτελεῖν
838 623 945 697 ἐ[κέλ]ευ-
956 638 968 678 5

250 712 310 782 [adv
329 710 390 766 rard
408 710 503 783 καιροὺς
520 710 682 781 τεταγμένους,
699 709 741 769 τάς
760 733 785 765 τε
803 710 947 784 προσφοράς

249 798 288 851 καὶ
300 798 448 868 λειτουργίας
459 800 624 853 ἐπιτελεῖσθαι·
644 799 682 851 καὶ
696 799 738 851 οὐκ
750 800 798 865 εἰκῆ
813 795 828 865 ἢ
841 795 948 859 ἀτάκτως

249 882 372 938 ἐκέλευσεν
402 886 517 953 γίνεσθαι,
541 884 598 938 ἀλλ’
623 884 761 954 ὡρισμένοις
792 888 880 955 καιροῖς
908 888 947 938 καὶ

248 1075 266 1108 et
274 1069 339 1121 ι’ριιναι
350 1071 427 1123 recipiet
435 1078 528 1112 armatas.
557 1073 584 1111 A·
611 1070 789 1111 Horananonicae.
797 1069 945 1111 elnonem.

248 1124 306 1176 quila,
322 1130 383 1165 πεινῶν
398 1129 477 1177 φάγεται,
497 1129 547 1167 αὐτὸς
565 1129 584 1166 δὲ
610 1126 697 1166 Turbunt
706 1126 746 1166 sine
759 1139 829 1178 magna
842 1138 903 1175 causa,
913 1125 946 1177 qui

247 1182 290 1229 πρὸς
299 1181 376 1220 ἐνόπλων
384 1182 481 1232 ἀρθήσεται,
496 1181 583 1233 Symma-
610 1181 641 1221 hic
655 1181 701 1233 quid
716 1185 812 1221 mutatum
825 1181 898 1229 volunt,
912 1185 946 1219 aut

247 1233 298 1283 ellus,
307 1241 396 1275 πεινῶντες
409 1238 498 1287 φάγονται,
508 1238 583 1275 adroldi
610 1236 635 1276 ad
647 1236 764 1276 Christianos
777 1235 824 1275 haee
836 1235 946 1275 immediate

247 1291 290 1339 πρὸς
299 1291 489 1340 ἐνόπλωνᾶρθίγσονται.
500 1291 581 1331 WOTT.
609 1291 700 1331 referunt.
729 1291 760 1330 Ex
777 1291 815 1330 fine
833 1290 890 1343 hujus
908 1303 946 1329 see-

276 1358 293 1394 3.
302 1347 421 1396 ἐγκεκυφότες]
431 1345 581 1386 ΟΙοπιοοοΑΙοκ.
609 1345 668 1387 tionis
687 1351 746 1398 patet,
765 1345 874 1385 universum
896 1345 947 1384 hunc

247 1398 305 1439 hahet
315 1402 477 1450 trrexvptrscnon
486 1401 533 1440 adeo
542 1415 583 1441 rec·
609 1414 717 1441 sermonem
741 1400 766 1439 ad
788 1401 871 1440 iudaeos
894 1414 946 1452 spec·

247 1458 272 1503 te,
282 1455 311 1494 nti
320 1454 395 1495 monuit
405 1455 500 1505 Potterus,
510 1456 581 1496 Strom.
609 1460 661 1496 tare:
670 1456 733 1508 primo
739 1455 827 1495 universe
833 1454 946 1495 Christianis

247 1508 267 1549 lv
278 1511 308 1559 16,
322 1524 340 1562 p.
353 1512 398 1560 613.
414 1512 527 1562 ἐγκεκυφότες
540 1525 582 1563 ger·
609 1510 701 1550 Judaieae
723 1512 828 1561 λειτουργίας
853 1509 945 1559 ordinem,

247 1570 324 1604 manam
339 1579 379 1605 esse
390 1565 492 1605 lectionem
507 1565 583 1606 Boisius
609 1570 677 1618 postea
691 1564 790 1618 specialius
806 1569 851 1605 sect.
867 1578 905 1616 seq.
921 1565 947 1604 ob

244 1619 287 1670 jam
300 1624 356 1660 antea
369 1620 448 1661 viderat.
479 1620 508 1661 ef,
519 1621 530 1660 Ι
540 1622 580 1661 Pet.
610 1620 674 1660 oculos
680 1621 735 1672 ponit
741 1620 898 1671 commendatque
904 1619 946 1659 ele-

247 1673 296 1724 ira,
310 1676 415 1726 παρακύψαι,
609 1688 669 1725 mens,
678 1675 785 1715 intersertis
798 1675 823 1714 ad
836 1674 947 1715 Corinthios

275 1746 293 1778 4.
308 1733 364 1770 εῖςτὰ
379 1732 425 1779 βάθη
438 1734 468 1780 τῆς
481 1732 526 1771 θείας
539 1734 582 1782 γνώ-
609 1730 775 1770 admonitionibus.
804 1729 907 1770 Caeterum
915 1729 946 1768 hic

249 1782 302 1838 σεως]
325 1785 380 1825 Haec
398 1785 476 1837 quidem
494 1785 583 1826 Clemens
610 1789 630 1825 et
643 1799 681 1837 seq.
695 1785 806 1825 sectlocus
822 1789 857 1834 est,
870 1798 895 1823 ex
908 1798 946 1836 qno

249 1837 391 1879 Alexandrinus
409 1841 485 1889 dixerit,
504 1845 524 1880 at
543 1854 583 1880 non
609 1840 647 1880 viri
656 1840 708 1880 docti
716 1840 767 1879 haud
776 1840 841 1892 inepte
848 1839 946 1891 collegere,

248 1893 350 1942 Romanus.
367 1895 501 1935 BERNARD.
531 1895 583 1945 Quid
609 1894 946 1947 scriptumesseEpistolamhanece,

247 1953 301 1988 vetat
308 1949 427 1989 Clementem
435 1955 523 1990 nostrum
531 1951 583 1990 locu·
610 1954 673 1990 stante
683 1950 745 1990 adhue
753 1950 826 2002 templo
835 1949 947 2001 Hierosoly-

248 2003 321 2042 tionem
334 2004 383 2043 hanc
396 2018 408 2043 a
422 2005 443 2044 B.
459 2005 518 2044 Paulo
532 2019 583 2045 sum·
609 2005 688 2054 mitano,
703 2004 823 2057 peractisque
841 2005 946 2044 etiamnum

248 2058 300 2108 sisse,
315 2059 351 2111 Ep.
365 2060 389 2098 ad
398 2059 501 2104 Romanos,
511 2059 532 2098 xi
542 2061 583 2110 33l
610 2060 631 2098 in
637 2059 671 2098 illo
678 2060 735 2099 sacris
741 2059 880 2098 fimetionibus:
888 2072 947 2110 quum

244 2111 269 2150 Ὦ
282 2115 337 2159 βάθος
350 2114 426 2153 πλούτου
439 2117 465 2153 καὶ
479 2116 544 2164 σοφίας
557 2117 584 2153 καὶ
610 2114 634 2153 de
643 2114 685 2153 istis
692 2119 783 2166 tanquam
792 2114 853 2153 adhue
862 2113 947 2153 duranti-

247 2171 328 2218 γνώσεως
337 2170 393 2208 efod!
610 2170 646 2209 bus
659 2169 680 2207 in
693 2168 788 2220 praesenti
800 2169 890 2221 loquatur
898 2173 946 2208 tem-

275 2232 292 2272 5.
316 2225 411 2262 Ἐπιτελεῖν
440 2220 581 2276 ε’[κέλ]ευ[σε]ν]
610 2237 661 2276 pore.
697 2224 742 2263 Non
760 2223 832 2275 ignoro,
851 2224 946 2276 quomodo

246 2277 396 2318 Distinetionem
407 2283 452 2330 post
460 2278 509 2317 hanc
517 2291 585 2317 vocem
610 2291 645 2330 per
654 2278 736 2330 figuram
742 2279 844 2330 quamdam
852 2292 947 2331 gramma-

245 2334 340 2383 ἐκελενσεν,
350 2333 430 2373 adunio
443 2333 520 2372 incaute
533 2333 584 2384 posi·
611 2332 674 2382 ticam,
687 2334 774 2373 adductis
786 2334 900 2386 quibusdam
914 2348 946 2373 ex-

245 2392 291 2437 tam,
301 2389 375 2441 primus
387 2389 465 2428 sustulit
475 2387 584 2437 Woaonus,
612 2388 684 2440 emplis,
697 2393 789 2428 conentur
803 2389 855 2428 istud
870 2388 946 2428 eludere

245 2456 303 2494 quem
319 2443 380 2483 secuti
396 2449 441 2483 sunt
456 2442 506 2482 Edd.
519 2456 585 2481 omues
610 2442 647 2481 viri
656 2444 733 2495 quidam
742 2443 794 2483 docti
803 2444 836 2496 qui
846 2444 870 2483 ad
879 2444 946 2482 Domi-

245 2499 360 2539 recentiores
372 2504 450 2551 praeter
463 2499 585 2551 Horneman-
610 2497 946 2551 tianiautTrajuniimperiumaeta-

245 2566 297 2593 num.
336 2554 517 2606 interpunctionem
530 2552 585 2591 Junii
610 2558 651 2592 tem
659 2553 716 2605 hujus
725 2554 815 2606 epistolae
826 2554 896 2594 referre
905 2567 945 2592 ma·

245 2608 268 2647 cl.
279 2608 358 2649 Pottero
371 2611 433 2662 magis
445 2608 539 2662 placuisse
548 2607 584 2645 mi-
610 2608 658 2647 lunt.
686 2609 764 2658 Verum,
775 2609 796 2647 ni
809 2609 870 2658 fallor,
884 2609 946 2648 neuti-

245 2670 278 2701 ὐοι1
285 2677 291 2712 3
305 2678 396 2715 quorsum
406 2665 462 2714 enim,
470 2663 500 2704 uti
509 2662 584 2715 quaerit
611 2675 668 2714 quam
683 2669 728 2704 sunt
742 2663 811 2703 similia
827 2665 851 2703 a'b
865 2663 904 2703 illis
918 2664 946 2702 el.

245 2718 353 2769 Wottonus,
370 2724 399 2759 est
413 2723 455 2758 κατὰ
474 2719 541 2769 καιροὺς
555 2734 582 2756 τε-
610 2718 650 2756 lata
660 2720 747 2771 exempla
758 2719 803 2758 huic
812 2723 853 2759 tam
864 2718 946 2770 simplici

244 2774 336 2823 ταγμένανς
353 2774 374 2813 in
392 2775 460 2814 eodem
477 2772 584 2814 sententiae
610 2775 630 2811 et
647 2772 747 2813 historicae
766 2774 871 2814 Olementis
890 2774 944 2824 ῥήσει.

245 2829 332 2868 membro
345 2843 389 2868 cum
399 2831 439 2868 ἀλλ’
453 2833 471 2869 ἐν
484 2829 584 2880 ὡρισμέναις
610 2827 685 2867 FREY.
721 2829 771 2869 Vide
789 2829 815 2869 sis
832 2842 895 2882 supro,
913 2843 944 2881 pp,

245 2887 308 2933 καιροῖς
318 2886 345 2922 καὶ
354 2886 417 2934 siponi
610 2881 643 2931 xil,
653 2883 692 2922 xlii.

273 2939 290 2977 6.
310 2941 351 2977 κατὰ
374 2942 441 2991 καιροὺς
460 2936 578 2991 τεταγμένους]
637 2937 901 2991 ἰί).προσφορὰς]-Οίιεθι’νυι’ἰ
913 2938 945 2978 de-
