1958 3490
327 219 631 282 Ao‘conrnrulosivr.
795 204 824 276 u

131 342 254 395 Donninnu
264 341 316 393 unit
327 341 451 393 mundare
462 359 517 394 enon
527 359 544 393 o
551 342 642 410 pinpo.
664 341 696 393 Si
706 342 826 395 dederitis

130 432 178 490 pro
193 428 302 489 peoonto,
316 419 406 471 oninin
422 430 502 471 oestro
518 420 612 472 ridebit
632 439 711 471 cernon
728 422 826 489 ionpne·

129 518 193 551 unni.
217 499 251 550 Et
262 499 312 549 enit
323 498 450 550 Doniinns
460 498 562 566 nnferre
574 497 605 549 de
617 497 702 549 dolore
713 497 827 550 nnirnnrn

130 579 187 646 ejnn
205 575 329 628 ostendere
347 576 371 627 ei
388 577 471 637 incorr,
486 586 507 627 et
519 578 640 643 forrnorre
654 576 825 643 inteiiipentior,

123 655 263 724 justificare
273 656 371 723 jnstnnn
386 656 443 707 bene
457 655 600 706 seruientern
611 654 714 713 rnnitis,·
731 663 752 706 et
765 673 825 723 pec-

129 744 186 786 cotn
203 752 286 786 eornrn
300 734 357 802 ipse
369 734 485 802 portabit.
518 735 660 802 Propterea
674 734 728 801 ipre
743 732 826 801 possi-

129 813 195 865 debit
206 814 299 874 rinitos,
306 824 328 865 et
334 814 446 881 fortinrn
456 813 550 864 diridet
562 813 652 881 spoiin,
661 831 712 881 pro
721 831 747 864 eo
759 812 826 880 qnod

128 891 225 944 troditor
243 902 275 944 eet
295 892 332 943 ord
351 902 454 944 norton
467 893 555 944 orninor
574 894 632 960 ejnr,
647 902 669 944 et
686 893 713 944 in
730 892 825 965 iniquis

127 1026 159 1062 tus
167 1036 206 1062 non
219 1022 276 1063 habet
284 1024 337 1062 δῶται
345 1022 366 1062 in
375 1022 424 1063 Esui.
435 1022 463 1062 liii
488 1023 551 1062 locum
560 1022 589 1062 itu
598 1022 681 1075 explicat
690 1037 695 1062 ι
704 1022 763 1063 ‘Vult
771 1023 825 1064 enim

130 1090 160 1127 10,
176 1077 209 1117 sed
225 1080 272 1128 δῶτε,
288 1090 347 1130 quum
361 1077 462 1118 lectionem
489 1077 599 1117 ‘Dominus
616 1077 690 1118 anferre
712 1079 736 1118 de
758 1078 825 1119 dolore

127 1137 172 1172 unte
181 1133 244 1172 oculos
250 1133 359 1173 habuerunt
366 1137 386 1173 et
393 1132 462 1174 Hiero·
488 1136 494 1155 ‘
503 1132 588 1172 animum
600 1133 640 1186 ejus
650 1163 654 1173 .
665 1164 670 1173 .
680 1163 685 1173 .
695 1138 715 1174 et
724 1134 824 1174 ostendere

126 1200 196 1239 nymns
205 1193 224 1227 et
233 1186 320 1240 Gyrillus.
488 1191 494 1210 ‘
502 1187 520 1227 ei
533 1187 602 1238 lucem,
611 1192 634 1227 ut
643 1200 709 1228 omnes
720 1202 754 1241 per
765 1203 786 1229 se
794 1189 824 1229 vi·

154 1255 172 1292 3.
187 1244 257 1294 ὅψεται]
278 1243 302 1281 In
318 1242 389 1283 Ocdice
403 1242 460 1284 Mseo
487 1242 677 1283 ‘dentilluminutcu
705 1243 732 1284 Et
740 1243 823 1284 formare

127 1303 213 1338 ΕΨΕΤΑΙ,
487 1298 634 1350 ‘intelligendu
646 1298 759 1339 subauditur
771 1312 822 1349 eum,

152 1353 177 1392 ib.
189 1356 221 1392 Καὶ
230 1352 290 1403 Κύριος
298 1352 381 1398 βούλεται
390 1353 460 1402 ἀφελεῖν
486 1355 492 1375 ‘
500 1358 580 1406 propter
586 1366 644 1406 quem
653 1353 770 1394 descenderit
778 1354 822 1406 Spi-

126 1422 141 1447 κ,
149 1425 163 1447 τ.
171 1406 197 1462 t]
210 1407 263 1446 LXX
272 1407 340 1447 eodem
348 1407 411 1455 modo,
422 1421 459 1460 quo
487 1407 548 1448 ‘ritus
562 1407 669 1448 sentcntiae
680 1412 699 1448 et
707 1408 821 1458 intellectus,

125 1475 137 1500 u
152 1463 249 1502 Clemente
262 1462 298 1501 hoc
312 1462 334 1501 in
348 1461 390 1501 loco
403 1461 459 1501 hubc-
486 1466 519 1502 ‘et
525 1462 632 1514 justificare
642 1462 717 1514 justum
726 1463 758 1516 qui
771 1464 821 1504 hene

125 1521 163 1567 tur,
178 1517 247 1570 legunt.
276 1517 377 1556 Hebraeus
394 1521 459 1556 textus
486 1517 566 1558 ‘multis
584 1517 677 1558 servierit.
705 1517 751 1558 Non
768 1519 822 1559 enim

124 1572 181 1624 longe
190 1573 249 1621 aliter,
259 1572 333 1613 Videbit
339 1585 406 1620 eennn,
413 1585 458 1622 pro·
485 1572 559 1622 ‘venit
569 1576 592 1611 ut
601 1572 740 1613 ministraretur
753 1574 776 1623 ei,
786 1574 821 1613 sed

125 1626 209 1678 ionpobit
224 1626 267 1676 dies,
284 1632 301 1666 et
317 1627 406 1666 noinntns
420 1627 459 1665 Do·
485 1631 521 1666 ‘ut
529 1626 649 1667 ministraret
658 1657 744 1668 .......
749 1628 821 1668 Etno-

124 1682 175 1721 ruini
183 1682 206 1721 in
214 1695 275 1721 niuno
286 1681 328 1732 ejne
338 1681 458 1732 proeperniri-
484 1683 585 1731 ‘tendum‚
594 1682 646 1734 quod
655 1696 694 1722 non
704 1682 821 1734 justificatus

124 1742 161 1775 tnr.
189 1738 270 1787 Propter
283 1735 368 1775 loborern
381 1735 459 1776 enirnoe
485 1736 524 1776 ‘sit
533 1735 565 1791 (ut
574 1736 598 1776 de
607 1736 673 1789 iniquo
685 1737 748 1789 justus
756 1737 820 1789 fieret)

123 1804 170 1830 enne
191 1791 264 1841 uidebit,
286 1790 414 1840 retinebitur,
435 1791 458 1830 in
484 1791 531 1831 ‘sed
537 1792 603 1844 justus
614 1792 736 1844 justificetur,
745 1806 783 1832 non
797 1797 821 1833 nt

123 1846 203 1886 ueneno
217 1860 254 1885 eno
263 1845 380 1898 jnrtipiooiit
392 1845 459 1896 jnotno
485 1846 593 1899 ‘inciperet
602 1859 648 1896 esse,
658 1846 709 1899 quod
717 1861 756 1887 non
764 1853 806 1888 erut
813 1861 820 1898 ,·

123 1914 188 1940 nerone
205 1914 257 1940 nens
274 1902 351 1941 rnnitoe.
380 1900 457 1953 Vulgut.
485 1901 532 1940 ‘sed
549 1905 579 1951 ut,
597 1901 649 1954 quod
667 1905 713 1952 erut,
732 1903 821 1943 omnibus

127 1955 200 2011 Videbit
220 1969 281 1995 senten
304 1956 422 2007 lonpneonon
441 1962 458 1995 et
484 1959 604 2008 ‘appareret
620 1956 822 2009 Istejnstusproini-

122 2011 211 2050 ooinntoe
219 2010 300 2050 Dornini
308 2011 333 2050 in
344 2024 407 2050 nonu
417 2011 457 2062 ejus
484 2011 540 2063 ‘quis
548 2024 617 2064 passus
629 2016 663 2061 cst,
672 2016 695 2051 ut
707 2026 771 2052 omues
784 2026 821 2052 nos

122 2065 221 2116 diripetnr.
249 2067 289 2105 Pro
305 2080 326 2105 eo
342 2066 395 2116 qnod
408 2065 457 2105 toio—
483 2068 489 2088 ‘
497 2066 574 2106 offerret
584 2066 639 2106 Deu'
652 2067 732 2107 WOTT.

121 2120 457 2173 runituninrnep'ne,oideiit,etsn-
510 2130 527 2170 5.
548 2119 625 2176 πλάσαι]
645 2125 716 2170 πλῆσαι,
731 2121 821 2172 (trebius,

122 2175 233 2215 tinniitnr:
247 2176 269 2215 in
277 2175 359 2216 scientio
368 2189 405 2215 eno
414 2176 457 2227 jne-
483 2176 507 2215 de
524 2175 585 2216 Vitiis
605 2176 660 2216 LXX
682 2176 819 2229 interpretum.

122 2229 138 2268 ti
151 2230 200 2270 coiit
207 2231 247 2282 ipre
253 2231 322 2283 p'nutne
331 2244 397 2270 uerene
405 2244 458 2271 mene
485 2229 510 2286 [p.
521 2229 564 2285 39]
581 2231 676 2271 Hunni.

121 2287 196 2325 notros.
223 2286 289 2325 Vettio
300 2285 457 2338 Syriaca,Uini·
511 2299 527 2336 9.
544 2287 582 2325 ἄνθ’
601 2288 625 2325 ὢν
638 2287 722 2337 παρεδόθη
739 2284 817 2341 eeu]

121 2341 172 2380 deret
185 2354 250 2390 senen,
260 2347 277 2381 et
286 2347 402 2392 proreperet
411 2341 456 2390 dies,
484 2341 516 2380 Ita
531 2341 634 2381 exhibetur
647 2340 725 2380 enxx
738 2340 785 2381 Iutt.
798 2345 820 2385 ut

121 2402 139 2434 et
154 2396 241 2435 oninntor
256 2396 340 2436 Domini
357 2395 381 2435 in
396 2409 458 2435 ninnn
483 2395 634 2448 hebetnrpuullo
640 2396 695 2436 nliter
700 2396 724 2434 nb
729 2395 820 2435 Hebraeo

121 2450 162 2501 ejus
172 2458 331 2503 prosperaretur:
349 2456 366 2489 et
377 2451 458 2491 elebore
484 2451 551 2500 Textn,
564 2452 606 2490 Pro
620 2464 640 2490 eo
654 2450 706 2502 qnod
716 2450 782 2502 effodit
795 2450 820 2489 in

121 2506 199 2545 enimus
207 2520 252 2545 enne
261 2507 339 2555 rideret,
348 2511 365 2545 et
378 2506 457 2546 scientie
482 2512 562 2545 nortern
571 2506 659 2544 oonirncun
667 2518 728 2544 oneri
738 2505 817 2557 Vulgat.

121 2567 221 2610 ootnrnret,
231 2560 407 2613 otqnejnotiptooret
413 2562 456 2612 jnr—
482 2562 523 2600 Pro
531 2575 552 2600 eo
561 2561 614 2611 qnod
621 2560 703 2599 tradidit
711 2560 733 2598 in
739 2566 819 2598 nrortenn

121 2620 163 2654 tos:
172 2617 397 2656 eeronseritrnnitorrnn.
412 2616 456 2656 Ter·
482 2616 571 2655 uninorn
585 2628 646 2654 ennon.
675 2613 693 2654 S.
705 2613 817 2665 Cyprianus,

121 2669 212 2710 tullianus
227 2671 296 2712 habet:
316 2672 345 2711 Ii't
358 2671 411 2710 Dens
425 2686 456 2711 no·
485 2669 534 2725 [ndu.
545 2669 630 2709 iudaeos
639 2668 653 2708 ii
662 2666 701 2722 15‚]
714 2670 819 2719 Propterea

122 2723 159 2763 init
174 2726 253 2765 euinoere
267 2740 281 2766 o
292 2733 353 2766 rnorte
369 2726 457 2766 uninionn
482 2726 534 2777 qnod
540 2724 616 2764 trudito
624 2724 818 2763 ectodrnortonroni-

121 2777 167 2829 ep‘nr.
185 2777 234 2833 [adv.
245 2779 399 2835 Judne0s§11.]
425 2784 456 2820 Καὶ
481 2780 568 2831 nunejus.
589 2779 608 2818 S.
617 2778 746 2829 Hieronymus
755 2778 776 2817 in
788 2779 819 2818 lo-

122 2833 183 2883 Κύριος
196 2835 276 2880 βούλεται
291 2838 364 2887 ἀφελεῖν
378 2838 412 2875 ἀπὸ
426 2840 456 2875 τεῦ
481 2848 529 2883 cum,
540 2833 595 2888 [tom.
605 2833 630 2878 iv,
641 2834 679 2882 623
687 2833 715 2872 ed.
722 2831 813 2888 Vallum]

122 2887 193 2926 dautran
208 2891 238 2938 τὴν
255 2893 316 2941 ψυχὴν
334 2893 399 2930 αὐτοῦς
421 2905 457 2944 pro
483 2890 601 2942 ‘Propterea
610 2887 689 2940 accipiet
698 2892 763 2940 gentes
773 2889 818 2941 plu-

122 2942 193 2991 ἀφελεῖν
201 2945 234 2982 ἀπὸ
248 2950 278 2984 τοῦ
290 2950 345 2985 πόνου
357 2950 386 2995 τῆς
398 2948 457 2996 ψυχῆς
483 2944 560 2993 ί11111115,
579 2943 612 2995 qui
633 2942 686 2982 venit
707 2943 818 2995 praedicare

122 2998 178 3035 αὐτοῦ.
215 2998 233 3038 S.
253 3000 385 3052 Hieronymus
407 3000 457 3041 hunc
483 2998 577 3051 ‘captivis
586 2998 721 3048 remissionem,
731 2999 818 3052 etcnpti-
