1931 3420
278 207 281 220 ‘
331 220 619 290 ααςοιιΜααΑααΜ,

117 345 164 395 ρικῆν
178 344 232 391 τάξιν.
249 343 314 395 Magn.
328 356 345 393 3.
388 346 417 382 οὐκ
431 344 458 381 εὐ-

119 399 214 446 συνείδηταί
232 414 262 447 μοι
276 397 317 437 εἶναι
331 399 423 450 φαίνονται.
439 410 456 446 4.

119 456 136 493 ἐν
144 454 190 492 τίλει
200 454 261 503 ἐφάνη.
276 453 293 491 6.
315 456 386 503 εὔλογόν
394 469 410 492 τι
419 454 459 502 φαί-

119 510 177 548 νεσθαι
189 509 278 557 ίδίᾳηὺμῖν.
292 516 311 558 7.
339 509 422 558 φαίνεοθέ
430 524 459 557 μοι

118 566 138 602 αι’)
147 564 189 602 κατὰ
200 563 289 612 ι’ίνθρωπον
299 566 362 610 ζῶντες.
373 562 428 602 Trall.
440 576 457 601 2.

95 627 98 633 '
119 621 139 657 τδ
151 620 185 669 γὰρ
198 619 250 666 ζῆλος
261 620 334 657 πολλοῖς
344 618 375 666 μὲν
386 620 406 656 οὐ
418 620 459 668 φαί-

119 690 168 712 νεται.
180 686 199 721 4.
229 673 319 723 ε’φαίνοντο
328 673 417 711 δνκλάδοι.
429 685 458 712 11.

119 729 159 767 ὅταν
169 730 229 779 κόσμῳ
240 728 262 776 μὴ
272 728 363 778 φαίνωμαι.
374 728 428 767 Rom.
440 740 457 777 3.

120 784 174 821 Οὐδέν
201 785 308 832 φαινόμενον,
337 783 407 822 αῖῶνιον.
433 782 458 822 ib.

119 839 200 889 Χριστὸς,
211 838 230 875 ἐν
239 839 294 888 Πατρῖ
305 839 334 882 ὢν,
344 840 409 886 μᾶλλον
417 839 458 888 φαί-

120 909 169 931 νεται.
184 892 212 932 ib.
238 893 295 931 Ὅπου
310 894 331 931 δν
344 894 389 942 φανῇ
403 893 459 932 ὁὲαί-

119 964 189 987 σκοπος.
208 945 284 999 Smym.
301 949 320 987 8.
352 948 417 999 Ἐφάνῆ
430 964 459 997 μοι

120 1003 150 1041 οιῖν
164 1003 213 1050 ἀξιον
228 1005 303 1053 πρᾶγμα.
323 1014 352 1041 11.
396 1003 423 1045 ἵνα
438 1003 459 1040 τίι

119 1058 213 1106 φαινόμενό
227 1073 260 1095 σου
272 1058 296 1097 εἰς
308 1055 400 1107 πρόσωπον
407 1060 459 1100 ικολα-

120 1113 172 1161 κεόῃς.
185 1111 249 1162 Polye.
265 1124 282 1151 2.
317 1112 368 1152 λύκος
379 1129 407 1151 σοι
419 1114 459 1162 φαι-

121 1168 180 1206 νέσθω.
192 1166 269 1218 Fragm.
279 1166 307 1205 ix.

94 1225 171 1273 Φανερός.
225 1224 245 1259 τὸ
270 1222 340 1261 ἐπιεικὲς
350 1252 353 1261 .
362 1252 366 1260 .
375 1251 379 1260 .
387 1223 460 1272 φανερὸν

120 1278 248 1325 ποιησάτωσαν.
258 1275 318 1315 Olem.
328 1276 340 1314 I
350 1288 380 1316 21.

94 1336 182 1383 Φανεροιῖυ.
198 1334 310 1382 φανεροῦντοι
319 1332 366 1379 ε’ντῆ
376 1332 458 1378 ἐπισκοπῇ

120 1390 149 1435 τῆς
160 1387 253 1432 βασιλείας
264 1390 295 1424 τοῦ
308 1390 389 1436 Χριστοῦ.
400 1385 458 1425 Ulem.

121 1442 131 1480 I
142 1450 172 1491 50.
201 1439 253 1489 ῆτὰς
259 1440 348 1489 αἰσθήσεις
357 1442 459 1492 ἐφανέρωσε.

121 1497 198 1548 Fragm.
210 1495 249 1535 viii.
284 1497 308 1535 εἷς
316 1495 399 1546 πλήρωμα
411 1496 460 1543 δόξης

121 1554 172 1590 αὐτοῦ
191 1551 295 1601 φανερωθέν.
311 1550 338 1589 ib.
374 1555 414 1590 Πῶς
431 1550 461 1588 οὖν

121 1607 220 1657 ἐφανερώθη
229 1609 265 1645 τοῖς
273 1606 344 1648 αἰῶσινς
358 1604 399 1657 Igu.
411 1604 459 1657 Eph.

124 1670 165 1712 19.
190 1663 235 1698 Θεοῦ
253 1661 361 1711 ἀνθρωπίνως
378 1663 460 1710 φανερου-

121 1717 176 1765 μένου.
186 1714 213 1754 ib.
225 1747 229 1756 .
249 1714 273 1754 εἷς
282 1717 324 1754 θεὸς
336 1717 383 1754 ἔστιν
392 1719 401 1753 ὁ
410 1717 461 1765 φανε-

121 1774 180 1821 ρώσας
191 1773 255 1809 ἔαυτόν.
266 1770 331 1822 Magn.
342 1772 360 1808 8.
388 1772 461 1820 Χριστὸς

122 1828 161 1875 ὑμῖν
176 1829 230 1863 ταῦτα
248 1827 348 1875 φανερώσει.
368 1825 424 1864 Rom.
442 1827 458 1864 8.

122 1882 143 1918 τὰ
157 1882 175 1918 δὲ
192 1881 256 1929 ἀόρατα
270 1879 312 1918 αίτει
325 1879 352 1918 ἵνα
367 1896 395 1918 σοι
409 1882 460 1929 φανε-

111 1936 173 1986 ρωθῇ.
189 1934 254 1986 Polye.
271 1948 287 1973 2.
332 1935 461 1985 ε’φανερώσαμεν

122 1993 161 2039 ὑμῖν
170 1992 197 2028 καὶ
206 1991 237 2037 τῆν
246 1990 313 2039 ἡμέραν.
324 1989 383 2028 Mam
393 1989 434 2041 Ign.
443 1997 459 2039 7.

813 228 857 271 125

499 367 500 370 =
512 347 532 383 τδ
544 345 601 395 ὄνομα.
612 344 675 397 Polyc.
686 342 734 382 Phil.
745 344 763 383 6.
792 344 853 394 φέρεις

511 401 542 437 τὸν
552 399 680 449 σταυρωθέντας
702 399 757 437 Marii.
774 399 817 450 Ign.
834 411 852 437 2.

512 455 556 505 φέρε
581 453 591 491 δ
614 454 678 499 βούλει.
704 453 761 493 Mart.
785 453 851 506 Polyc.

515 522 547 547 11.

484 564 560 614 Φείγειν.
584 565 638 611 Ζῆλος
647 566 709 614 φυγεῖν
717 563 800 613 ἠνάγκασε
810 569 852 600 Μω-

512 621 561 667 ῧσῆν.
582 617 641 657 Clem.
658 618 669 656 Ῑ
687 632 704 667 4.
741 620 803 668 φυγεῖν
819 618 853 656 ἀπὸ

512 676 543 722 τῆς
566 676 645 723 κραταιᾶς
662 675 719 723 χειρὸς
739 674 794 711 αὐτοῦ.
819 675 851 712 28.

512 728 606 778 φεύγοντες
624 730 730 767 καταλαλιάς.
751 740 782 777 3ο.
817 727 852 777 φθ-

512 799 569 834 γωμεν
578 783 608 831 τὴν
616 783 701 828 ἀσέβειαν.
712 782 734 821 Π
745 795 773 822 10.
810 782 853 820 Φειῖ-

512 854 552 888 γετε
571 837 601 875 οιῖν
618 839 648 877 τὰς
666 839 716 877 κακὰς
733 839 852 887 παραφυάδας,

513 894 554 945 Ign.
566 891 622 931 Trall.
635 906 664 932 11.
691 892 772 943 Υφεόγετε
783 894 814 931 τὸν
822 908 852 941 με·

512 949 579 999 ρισμόν.
595 946 668 987 Philad.
684 960 701 987 2.
738 948 777 987 τοὺς
792 963 853 998 μερισ-

512 1004 555 1052 μοδς
571 1002 648 1053 φεύγετε.
667 1011 686 1053 7,
703 1007 723 1042 et
739 1002 815 1055 Smyrn.
833 1004 851 1041 8.

512 1057 585 1108 Φείγετε
599 1057 629 1095 οὖν
639 1059 669 1098 τὰς
682 1057 798 1106 κακοτεχνίας.
807 1056 853 1096 Phi-

512 1112 550 1151 lad.
567 1113 584 1150 6.
618 1114 651 1153 Τιἰς
667 1113 772 1162 κακοτεχνίας
790 1114 851 1163 φεῦγε.

512 1166 576 1218 Polyc.
588 1177 605 1215 5.
640 1170 702 1218 φυγεῖν
713 1169 733 1205 πδ
745 1168 852 1207 αἰώνιον...

512 1226 553 1272 πῦρ.
564 1221 622 1261 Mart.
632 1222 700 1274 Polye.
707 1235 725 1267 2.
739 1233 740 1236 ’

485 1278 564 1316 Φευκτός.
610 1280 644 1315 τῶν
652 1309 668 1317 ,.
678 1280 768 1327 ,φευκτῶν
784 1279 854 1316 πάντων

512 1332 599 1370 ὑπόθεσις.
610 1330 670 1372 olem.
680 1332 755 1384 Fragm.
765 1332 790 1372 iv.

486 1387 562 1425 Φθάνειν.
604 1387 671 1436 φθάσαι
696 1389 725 1426 τὰς
748 1388 852 1437 φιλοτιμίας.

514 1440 660 1493 Maffl.Ig11.5.
697 1441 723 1480 ίνα
735 1443 795 1491 φθάσῃ
809 1443 854 1492 πρδς

514 1497 534 1534 δν
549 1495 637 1546 ἠγάπησεν
655 1497 720 1547 Κύριον.
737 1496 762 1536 ib.
798 1498 854 1535 καθὼς

514 1552 585 1601 φθάσας
594 1551 612 1589 ε’ν
620 1555 640 1600 τῇ
649 1553 736 1600 ἐπιστολῇ.
747 1551 764 1591 6.
817 1588 819 1592 ,

486 1607 569 1656 Φθαρτός.
598 1606 619 1643 τίι
630 1607 688 1644 ε’νθόδε
696 1609 773 1655 μισῆσαι,
784 1606 811 1644 ότι
817 1636 825 1653 ¹.
834 1636 851 1645 ..

514 1661 588 1710 φθαρτά.
599 1658 659 1700 Olem.
670 1661 692 1700 ΙΙ
702 1662 719 1700 6.
746 1660 786 1701 τοὺς
794 1662 853 1711 φθαρ-

513 1716 554 1754 τοὺς
567 1716 637 1765 ἀγῶνας.
653 1725 670 1766 7.
705 1719 714 1754 ὁ
730 1717 760 1754 τδν
775 1717 854 1766 φθαρτὸν

514 1771 571 1820 ἀγῶνα
580 1770 703 1820 ἀγωνιζόμενος,
714 1770 739 1810 ib.
767 1773 786 1809 τὸ
795 1771 853 1821 φθαρ-

514 1827 545 1863 τὸν
553 1829 608 1873 σῶμα.
618 1824 662 1877 Ign.
673 1825 747 1878 Fragm.
758 1825 796 1865 viii.

486 1880 601 1930 Φθέγγεοθαι.
629 1879 657 1918 οἷό
665 1897 690 1920 τις
699 1882 800 1931 ἐφθέγξατο.
809 1879 853 1932 Ign.

515 1935 592 1986 Fragm.
602 1933 614 1973 i.
634 1956 636 1958 ·
648 1937 687 1974 ἀλλ’
696 1936 740 1985 ὅμως
751 1936 853 1986 ἐφθέγξατο.

514 2004 534 2029 11.
654 2004 655 2007 ’

58 2070 59 2074 =
123 2048 180 2093 τὸτῆς
190 2045 318 2094 φανερωθείσης
328 2045 356 2082 ἐπὶ
368 2048 460 2094 τοῦπροσ-
487 2046 569 2095 Φθείρειν.
598 2044 853 2096 ε’ίινεὺμεθῆφθείρων.01θ111.

123 2101 219 2149 κεφαλαίου
229 2100 318 2138 όπτασίας.
330 2098 386 2138 Μαικία
397 2099 460 2151 Polyc.
516 2100 539 2138 H
549 2107 568 2149 7.
594 2103 624 2148 τῆς
632 2100 729 2150 ἀφθαρσίας
737 2101 793 2151 ἀγῶνα
802 2101 854 2150 φθεί-

125 2168 154 2193 12.
193 2155 236 2192 κατὰ
259 2155 369 2204 ἀποκάλυψιν
385 2157 461 2204 φανερός·
515 2154 588 2205 panib.
622 2156 651 2193 ε’άν
666 2172 691 2195 τις
704 2157 763 2194 πίστιν
778 2155 856 2193 θεοῦἐ’ν

124 2212 185 2249 σαντός
194 2224 224 2257 μοι
233 2211 351 2259 Πολυκάρπου.
364 2222 395 2248 22.
516 2215 557 2259 κακῇ
565 2212 665 2259 διδασκαλίᾳ
673 2211 740 2260 φθείρῃ.
749 2209 792 2262 Ign.
803 2208 853 2260 Eph.

97 2269 180 2314 Φανεριῖς.
215 2264 339 2313 καυχήσασθαι,
356 2268 394 2302 οὔτε
408 2265 462 2314 λάθρα
519 2266 549 2303 16.
578 2266 607 2302 ἐὰν
622 2266 690 2314 γνωσθῇ
706 2265 758 2303 πλέον
771 2268 801 2302 τοῦ
816 2266 853 2302 ἐπι-

124 2323 161 2358 οἰίτε
168 2322 253 2369 φανερῶς.
265 2319 307 2370 Ign.
319 2318 390 2359 Philad.
402 2320 419 2357 6.
517 2322 589 2363 σκόπου,
599 2320 686 2369 ἔφθαρται,
697 2319 759 2370 Polyc.
770 2328 787 2368 5.

97 2376 191 2425 Φάρμακον.
213 2375 303 2424 φάρμακον
311 2375 407 2413 ἀθανασίας.
417 2373 459 2425 Igu.
488 2377 562 2413 Φθονεῖν.
597 2375 619 2422 μῆ
632 2375 717 2423 φθονῆσαι
728 2377 751 2425 τῷ
761 2373 854 2412 σπεύδοντι

124 2428 172 2480 Eph.
185 2441 216 2466 20.
246 2430 305 2478 ὥσπερ
318 2429 409 2477 θανάσιμον
418 2430 462 2477 φάρ-
515 2432 559 2479 πρὸς
567 2430 597 2466 τὸν
605 2427 673 2478 Κύριον.
683 2427 741 2467 Μοιί.
751 2428 792 2480 Ign.
805 2428 824 2466 6.

123 2500 176 2531 μακον
185 2485 264 2522 διδόντες.
274 2482 330 2521 Trall.
342 2483 358 2521 6.
488 2485 558 2522 Φθόνος.
583 2482 613 2520 Ἐκ
622 2483 682 2521 τούτου
692 2485 740 2530 ζῆλος
749 2485 775 2521 καί
782 2483 853 2533 φθόνος.

97 2541 168 2577 Φαῖλος.
197 2538 270 2587 φαύλων
279 2540 333 2587 ἔργων
339 2540 398 2588 μιαρὰς
406 2538 461 2576 ἐπιθυ·
516 2538 576 2577 Olem.
591 2537 602 2574 Ι
617 2550 634 2587 3.
676 2540 727 2585 ζῆλος
745 2539 771 2576 καὶ
789 2539 855 2587 φθόνος

123 2594 168 2642 μίας.
182 2592 307 2631 ΟΙθΠι.Ι28.
342 2593 388 2631 Τίνες
403 2592 433 2630 οὖν
446 2594 462 2629 οἱ
515 2593 649 2642 ἀδελφοκτονίαν
677 2594 805 2642 κατειργάσατο,
836 2606 854 2640 4.

124 2648 196 2698 ἐχθροί,“
211 2650 227 2685 οἱ
236 2651 305 2697 φαῦλοι.
317 2647 348 2696 36.
516 2649 572 2693 Δαβὶδ
580 2648 644 2696 φθόνον
653 2648 708 2696 ἔσχεν.
718 2646 744 2685 ib.
781 2649 814 2685 Διὰ
823 2678 826 2686 ,
835 2678 839 2685 .
850 2675 854 2684 .

98 2702 195 2740 Φείδεσθαι.
230 2704 253 2742 ὡς
267 2704 287 2740 οὗ
303 2703 382 2752 φείδομαι
396 2704 460 2739 ἑαυτοῦ.
515 2703 585 2751 φθόνον,
596 2704 612 2739 οἱ
622 2702 700 2752 μέγιστοι
709 2734 711 2740 .
721 2733 724 2740 .
734 2731 738 2739 .
747 2702 808 2739 στόλοι
819 2702 854 2739 ε’δι-

125 2756 264 2809 Ign.T1·all.3.
297 2759 357 2806 ἐάνπερ
369 2759 414 2805 ὑμεῖς
424 2754 461 2805 φεί-
516 2757 602 2805 ώχθησαν.
613 2764 631 2804 5.

125 2813 181 2859 αησθέ
189 2828 227 2861 μου.
239 2812 295 2850 Rom.
309 2825 324 2850 Ι,
488 2812 551 2861 Φθορά.
576 2811 630 2849 Οδτος
636 2812 683 2861 λέγει
691 2812 766 2860 μοιχείαν
772 2813 799 2849 καὶ
808 2812 855 2861 φθο-

98 2867 161 2917 Φέρειν.
197 2870 253 2904 Ταῦτα
262 2869 357 2916 πιίσχοντες
365 2868 436 2904 εὐκλεῶς
444 2867 462 2912 ἤ
515 2868 551 2915 ράν.
570 2863 628 2904 Olem.
646 2865 668 2904 Π
684 2867 700 2904 6.
741 2868 778 2919 Οὐχ
794 2867 856 2915 ἥδομαι

124 2920 328 2971 νεγκαν.01θη].Ι45.
364 2924 425 2959 ἑαυτῶν
433 2935 461 2957 κα·
515 2922 572 2970 τροφῇ
596 2920 667 2970 φθορᾶς.
689 2920 731 2971 Ign.
756 2920 811 2960 Rom.
837 2929 854 2970 7.

124 2978 211 3025 τόγνωσιν
226 2977 314 3026 φέρουσιν,
333 2984 363 3024 51.
393 2975 429 3012 Ἵνα
444 2976 462 3011 δὲ
516 2976 608 3025 προβάτων
616 2976 689 3025 φθοράν,
699 2975 774 3027 Fragm.
784 2976 810 3015 ix.

125 3032 151 3067 καὶ
167 3029 282 3079 ὑποδείγματα
299 3031 350 3068 ἐθνῶν
366 3031 461 3080 ἐνέγκωμεν.
489 3030 602 3078 Φιλαδελφία,
635 3032 655 3067 τὸ
665 3032 726 3078 σεμνὸν
734 3034 763 3079 τῆς
773 3031 856 3081 περιβοή-

126 3093 156 3133 55.
192 3089 226 3122 τῶν
242 3086 259 3123 ἐν
274 3086 361 3134 ὑποκρίσει
378 3086 463 3134 φερόντων
517 3101 548 3122 που
566 3086 683 3134 φιλαδελφίας
700 3087 750 3134 ὑμῶν.
769 3086 830 3126 Olem.
846 3085 856 3123 I
