1958 3490
265 238 305 281 DE
321 239 342 281 S.
354 238 474 281 IGNA'PII
489 237 649 280 arisroars
762 235 806 279 xlix

109 353 176 407 facile,
187 369 239 411 quae
254 358 304 397 sunt
319 353 485 411 Interpolatoris,
499 353 577 396 averis
592 357 614 396 et
628 350 726 409 genuinis
741 367 805 395 secer-

108 427 196 475 nuntur,
207 422 271 479 siquis
286 423 380 480 singulas
396 439 467 467 earum
481 425 550 480 partes
566 422 642 465 critico
651 421 747 465 acumine
759 436 805 477 per-

108 492 192 550 pendat.
224 492 283 537 Quae
293 492 349 536 enim
359 509 372 536 a
382 493 477 536 Mediceo
488 492 539 536 Cod.
550 507 593 535 non
603 493 753 548 agnoscuntur,
762 490 807 546 ipsa

108 577 130 605 se
141 560 234 618 produnt
243 565 364 606 assumenta
373 578 417 606 esse
429 562 513 605 aliunde
525 561 599 619 petita,
610 576 662 617 qnae
672 560 706 603 vel
716 559 805 617 expliea-

107 630 172 674 tionis
188 647 250 674 eausa
266 632 379 685 adduntur,
396 633 429 675 vel
446 648 503 675 more
520 630 676 688 paraphrastice
694 630 805 682 dicuntum

107 703 145 742 aut
160 700 249 758 denique
264 705 314 745 sunt
326 701 441 746 sententiae
455 703 627 759 quaecumquae
642 716 690 743 cum
705 704 806 743 contextu

107 769 161 813 male
172 771 295 825 cohaerent;
311 771 362 815 dum
374 771 439 815 alium
451 788 464 814 a
473 772 535 815 Beati
545 769 649 828 Martyris
664 771 744 827 stylum
759 770 804 813 ubi-

106 854 154 895 que,
164 855 232 897 neque
243 857 289 884 raro
299 841 349 885 alias
359 841 464 885 doctrinas
474 842 571 885 referant.

136 909 249 966 Experitur
258 926 307 954 vero
322 911 372 968 quid
385 911 451 967 possit
465 911 491 954 ad
505 910 640 955 evertendam
652 910 806 954 Laurentianae

107 978 251 1022 Bibliothecae
261 979 344 1023 Codicis
353 980 415 1023 fidem
428 983 450 1023 et
463 979 596 1023 authentiam
602 997 608 1032 3
624 978 687 1021 nimis
697 979 754 1022 enim
764 980 804 1023 Or-

105 1047 210 1092 thodoxae
225 1052 274 1092 sunt
284 1049 390 1106 Epistulae
400 1049 489 1106 Ignatii,
499 1049 554 1091 sicut
569 1048 595 1091 ab
609 1048 645 1091 illo
656 1048 732 1091 Codice
746 1049 804 1092 exhi-

107 1118 190 1171 bentur,
201 1134 264 1176 qnam
277 1124 302 1163 ut
315 1135 349 1163 eas
363 1119 423 1172 ferat,
434 1119 470 1175 qui
483 1122 552 1161 aet-ate
565 1121 637 1160 nostra
646 1117 693 1160 Arii
703 1118 805 1162 haeresim

106 1186 157 1230 olim
172 1188 306 1245 profligatam
322 1204 428 1242 renovare,
445 1203 469 1231 ae
485 1203 592 1231 successus
608 1186 677 1231 felices
693 1203 755 1231 ausus
773 1192 805 1231 est

105 1256 147 1299 sibi
156 1258 284 1314 promittere.
314 1259 387 1302 Plures
399 1259 466 1315 igitur
479 1256 615 1300 sententiolas
628 1256 710 1313 selegit,
720 1256 743 1300 in
753 1273 804 1314 quas

105 1325 235 1370 dictaturam
254 1344 313 1371 suam
332 1344 356 1371 ao
376 1328 471 1371 criticam
490 1331 557 1383 artem
577 1330 692 1369 exerceret:
715 1343 804 1383 quarum

105 1397 208 1453 plurimae
222 1414 283 1442 sanae
297 1404 354 1452 sunt,
364 1398 477 1442 nonnullae
487 1413 536 1441 vero
548 1397 582 1440 vel
595 1412 659 1439 manu
673 1397 760 1450 medica,
771 1399 804 1442 vel

104 1466 152 1519 alio,
167 1483 232 1525 eoque
247 1469 273 1511 iis
289 1469 312 1511 in
328 1468 378 1512 loeis
394 1466 535 1511 emendatiore
551 1466 628 1509 Codice
644 1471 720 1523 egent:
736 1483 803 1525 neque

70 1573 71 1576 ,
104 1536 182 1580 mirum
190 1541 222 1581 est
229 1553 272 1581 rem
283 1538 313 1581 ita
323 1554 344 1581 se
354 1538 442 1589 habere3
458 1552 524 1593 quum
533 1551 588 1578 unus
597 1538 683 1578 tantum
693 1536 728 1589 sit,
737 1552 802 1593 quan-

103 1611 151 1650 tum
160 1623 198 1651 nos
209 1607 292 1661 scimus,
301 1608 372 1651 Codex
380 1605 538 1662 Manuscriptus
547 1605 646 1657 Graecus,
654 1621 721 1662 neque
731 1606 801 1663 plures

103 1676 184 1719 duobus
195 1676 285 1729 Latinis,
295 1677 322 1720 ad
332 1692 383 1733 quos
393 1691 426 1719 eas
437 1675 552 1731 exigamus.

133 1745 195 1790 Quod
213 1745 231 1788 si
247 1746 274 1788 ab
289 1745 382 1789 Internis
399 1745 508 1801 utriusque
526 1745 630 1801 Sylloges,
646 1749 693 1788 tum
711 1745 802 1789 Medieei

102 1814 186 1857 Codicis
198 1818 246 1857 tum
257 1814 346 1858 aliorum
356 1814 524 1867 Characteribus,
534 1814 562 1856 ad
571 1815 665 1856 Externa
674 1814 803 1858 Testimonia

102 1883 211 1939 nosipsos
227 1884 364 1936 conferamus,
379 1898 422 1926 non
440 1883 510 1925 minus
526 1883 605 1925 facient
620 1898 657 1939 pro
673 1885 801 1928 authoritate

101 1968 126 1995 ae
144 1953 254 1996 authentia
271 1953 362 1997 Medicei
380 1953 471 2006 Codicis,
488 1968 551 2009 quam
567 1953 648 2010 Stylus,
666 1953 764 2007 Materia,
780 1959 802 1998 et

102 2023 185 2065 Interni
200 2023 341 2066 011110010100,
373 2023 405 2065 Ut
420 2022 476 2065 enim
491 2022 544 2065 illud
558 2023 733 2079 praetermittam,
746 2026 802 2081 quod

102 2092 156 2135 mihi
171 2107 221 2135 sane
235 2093 322 2135 maximi
337 2092 440 2135 momenti
454 2107 498 2135 esse
509 2092 600 2144 videtur,
611 2108 676 2149 quum
690 2093 802 2150 plusquam

102 2161 172 2218 duplo,
184 2161 326 2218 Interpolatae
344 2161 488 2204 Genuinarum
508 2161 651 2218 Epistularum
671 2163 800 2219 magnitudi-

101 2245 151 2272 nem
161 2230 263 2273 excedant
269 2248 275 2283 3
291 2231 347 2288 quod
360 2246 387 2273 ne
400 2246 443 2273 una
456 2235 488 2274 est
498 2231 570 2274 citatio
584 2231 641 2274 intra
651 2232 778 2289 quingentos
788 2250 800 2276 a

102 2299 188 2343 Christo
196 2316 269 2353 ainnos,
277 2316 330 2358 qnae
339 2301 362 2343 in
370 2300 504 2344 Brevioribus
515 2317 557 2344 non
567 2302 629 2344 hodie
638 2317 704 2358 paene
711 2303 800 2346 totidem

101 2370 171 2413 verbis
185 2371 299 2427 reperitur,-
314 2371 359 2414 fieri
373 2370 430 2414 enim
439 2370 476 2413 vix
489 2370 566 2427 potuit,
579 2370 597 2414 si
611 2371 715 2428 longiores
731 2377 799 2416 essent

100 2452 161 2482 verae
171 2440 225 2483 etin
235 2439 296 2483 initio
306 2440 397 2496 agnitae,
408 2440 459 2497 quin
472 2441 533 2497 plura
547 2440 633 2483 citarint
643 2442 715 2484 Sancti
725 2442 797 2485 Patres

100 2522 126 2550 ex
147 2510 241 2566 Ignatio,
260 2526 313 2567 quae
332 2511 355 2553 in
374 2510 399 2553 iis
419 2509 468 2553 solis
487 2511 605 2554 habentur:
627 2510 755 2554 Testimonia
774 2512 796 2553 S.

100 2578 220 2631 Athanasii,
234 2579 365 2631 Theodoreti‚
380 2593 404 2621 ac
419 2577 498 2620 Gelasii
515 2594 528 2620 a
542 2579 619 2621 nostris
636 2578 731 2634 partibus
746 2594 796 2632 esse,

99 2647 160 2691 facile
178 2648 285 2698 concedit,¹
301 2647 416 2690 Eusebium
430 2662 487 2699 vero,
505 2662 528 2690 ae
547 2647 708 2704 Hieronymum,
723 2648 797 2701 velint,

100 2716 176 2769 nolint,
194 2717 222 2759 ad
239 2733 286 2760 suas
303 2718 385 2760 trahere
403 2719 501 2769 conatur3
524 2716 575 2773 quid
591 2720 662 2759 autem
679 2717 718 2759 hac
735 2718 758 2760 in
775 2734 797 2762 re

99 2785 235 2840 praestiterit,
249 2789 322 2842 postea
335 2785 465 2829 videbimus:
481 2800 547 2842 neque
563 2789 608 2828 tam
625 2786 677 2829 levis
694 2789 797 2832 momenti

99 2867 143 2894 esse
163 2854 247 2898 illorum
267 2856 417 2899 authoritatem
437 2855 587 2908 existimamus,
608 2855 657 2898 licet
677 2855 717 2912 ipsi
737 2858 798 2902 aliter

99 2921 168 2965 visum
178 2923 249 2977 fuerit,
259 2928 284 2967 ut
295 2940 339 2968 non
354 2925 461 2968 credamus
474 2940 520 2967 eam
534 2924 648 2981 plurimum
664 2926 756 2971 conferre
771 2929 798 2971 ad

99 2991 264 3037 confirmandam
281 2994 413 3039 authentiam
431 3010 454 3038 ac
469 2994 579 3038 veritatem
597 2995 689 3039 Medioei
707 2997 797 3051 Codicis,

126 3073 198 3103 1011.
464 3078 480 3118 g
