2061 3403
236 177 279 222 136
432 200 433 205 =
481 179 502 222 S.
519 179 691 223 OLEMEN'PIS

235 299 285 353 reis
307 296 501 365 ὑποτεταγμένωο
525 298 678 370 ἐπιτελ[οῦ]σι
698 295 728 351 τοὶ
748 293 933 363 διατασσόμενα.

211 406 212 409 ’
236 383 275 437 Οὐ
292 379 397 454 πάντ[ες]
411 385 471 438 εἰσὶν
482 384 587 455 ἔπαρχοι,
602 382 657 437 οὐδὲ
675 382 802 455 χιλίαρχοι,
817 380 868 436 οὐδὲ
879 380 934 436 e‘rcr·v

127 911 145 942 et
151 918 202 941 mem-

127 954 195 987 brorum

127 998 180 1031 nestri
186 1007 220 1029 cor·

127 1042 171 1086 poris
178 1052 214 1073 mu·

127 1089 158 1119 tua
165 1088 190 1119 eet
196 1096 224 1118 ne-

127 1130 215 1171 cassitudc,

128 1511 152 1545 ita
160 1512 177 1544 in
185 1510 215 1543 Ec-

127 1556 178 1589 clesia
184 1555 212 1588 alii

235 466 369 539 τόνταρχοι,
390 467 443 522 οὐδὲ
466 469 674 542 τεντηκόνταρχοι,
697 466 749 523 οὐδὲ
773 468 801 524 rb
825 466 934 538 καθεξῆς·

236 553 292 607 ἀλλ’
306 552 409 612 ἕκαστος
426 556 451 610 ἕν
467 558 501 629 τῷ
519 557 568 629 ὶδίτρ
586 554 691 625 τάγματι
712 554 742 611 τὰ
760 553 937 622 ἐπιτασσόμενα

236 637 282 694 ὑπὸ
294 645 339 694 τοῦ
357 642 477 705 βασιλέως
494 644 532 696 καὶ
548 647 593 696 τῶν
610 642 748 711 ἡγουμένων
760 644 864 697 ἐπιτελεῖ.
902 643 957 702 Oi5

235 724 338 794 μεγάλοι
357 727 412 799 δίχα
430 731 478 782 τῶν
494 733 582 798 μικρῶν
595 729 623 782 οὐ
639 727 750 783 δύνανται
767 726 831 794 εἶναι,
843 728 895 782 οὕτε
914 730 936 781 οἱ

236 814 315 883 μικροὶ
338 814 394 885 δίχα
415 819 463 868 τῶν
483 813 602 884 μεγάλων·
624 813 760 884 σύγκρασῖο
777 837 812 872 τις
829 814 894 868 ἐστὶν
911 814 937 867 ἐν

237 902 305 964 πᾶσι,
328 900 367 952 καὶ
388 900 413 952 ἐν
434 898 525 958 τούτοις
543 904 637 972 χρῆσις.
679 900 798 968 Λάβωμεν
817 899 845 955 rb
863 904 937 967 σῶμα

237 985 312 1052 ἡμῶν·
333 1008 348 1052 η
361 985 456 1058 κεφαλὴ
473 987 527 1058 δίχα
544 991 592 1041 τῶν
603 986 765 1041 ποδῶνούδέν
775 989 847 1053 ἐστιν,
862 987 937 1044 οὕτως·

237 1068 289 1122 οὐδὲ
311 1070 333 1121 οἱ
355 1067 425 1126 πόδες
446 1069 500 1140 δίχα
521 1073 563 1137 τῆς
584 1073 700 1143 reperieris·
727 1069 757 1124 rb
773 1068 797 1124 δὲ
819 1069 936 1142 ἐλάχιστα
948 1096 972 1122 10

237 1153 298 1222 με’λη
320 1160 364 1209 τοῦ
385 1154 498 1222 σώματος
522 1157 588 1223 ἡμῶν
610 1159 729 1226 ἀναγκαῖα
754 1159 793 1211 καὶ
816 1155 938 1228 εὔχρηστα
1003 1174 1004 1177 ’

237 1243 296 1294 εἰσιν
319 1239 370 1314 ὅλῳ
395 1244 429 1314 τῷ
448 1241 549 1310 σώματι·
577 1242 645 1296 ἀλλὰ
670 1242 749 1298 πάντα
773 1247 877 1308 συντνεῖ,
897 1244 937 1296 καὶ

238 1327 365 1399 ὑπο[τα]γῂ
389 1332 432 1400 μιᾷ
456 1331 540 1398 χρῆται
564 1332 595 1386 εἰς
623 1327 651 1383 rb
677 1326 796 1398 σώζεσθαι
824 1328 882 1383 ὅλον
908 1328 937 1383 rb

237 1418 317 1481 σῶμα.

275 1497 342 1554 ΛΗ’.
372 1499 489 1568 Σωζὲσθω
514 1501 555 1554 οὖν
579 1500 647 1568 ἡμῶν
668 1500 744 1573 iupa]
767 1500 794 1556 rb
819 1505 890 1569 σῶμα
911 1502 937 1554 ἐν
948 1523 971 1562 15

238 1683 574 1736 MillieJ'amdudumprobataquam
627 1697 645 1734 3.
663 1685 813 1734 πεντηκόνταρχον]
831 1683 937 1722 Octclerius

238 1738 321 1791 margini
335 1739 435 1791 adponant
448 1738 575 1786 JuniuaFel-
598 1739 664 1787 vertit,
686 1738 830 1790 quinquaqinta
851 1738 938 1777 militurn

239 1794 273 1842 lus,
282 1798 302 1834 et
311 1792 436 1843 Oolemeaius,
444 1793 490 1846 quin
497 1806 541 1833 vera
549 1793 575 1833 sit
595 1794 694 1845 preficit.
723 1793 862 1845 Simpliciorem
877 1793 937 1833 inter-

239 1848 327 1900 equidem
334 1849 397 1888 nullus
405 1848 575 1901 dubitcjlegimus
597 1848 728 1901 pretationem
750 1848 899 1897 Wcttenianam‚
925 1862 938 1886 a

522 1923 532 1955 Ι
599 1903 938 1952 Constantioexhibitam‚ccnfirmat

240 1959 291 1999 enim
304 1959 326 1998 in
337 1958 574 1999 Oodicentstourunrc.
599 1958 713 1998 Gallandiua
737 1972 761 1997 ex
782 1958 839 2010 Vulg.
863 1958 936 2010 Interp.

240 2015 370 2066 Pergamenae
391 2013 482 2065 reliquiae
504 2014 576 2052 lacerae
599 2013 936 2063 Excd.xviii21‚25,Deut.i15.

240 2069 316 2108 literam
327 2068 416 2107 ultimam
426 2075 441 2105 Ω
449 2072 525 2107 tantum
538 2082 576 2107 non
600 2068 676 2107 Eodem
689 2068 781 2107 vocabulo
795 2068 857 2107 utitur
868 2068 938 2107 Hiero-

239 2124 336 2175 integram
350 2123 413 2161 adhuc
428 2122 530 2162 exhibent:
554 2123 576 2161 li·
599 2136 676 2174 nymns,
693 2122 767 2161 (lemm.
781 2122 803 2162 in
817 2123 866 2161 Esai.
882 2122 905 2161 iii
918 2137 937 2173 3,

240 2179 320 2228 brarius,
327 2177 438 2227 utvidetur,
447 2191 482 2229 pro
492 2185 506 2214 Υ
515 2176 577 2229 prime
601 2177 651 2229 Opp.
662 2181 708 2216 tom.
719 2178 739 2216 ir
748 2191 765 2229 p.
777 2190 809 2228 49,
819 2178 846 2217 ed.
855 2177 937 2217 Vallars.

239 2234 342 2286 scripserat
365 2240 378 2283 1,
397 2232 470 2284 syllaba
490 2231 576 2283 proxime
601 2232 718 2281 ‘Quomodo
732 2232 856 2273 Centuriones
867 2246 937 2272 vocan-

239 2294 330 2342 sequente
345 2295 369 2326 ΕΙ
383 2287 424 2339 ejus
438 2287 498 2326 menti
512 2287 577 2326 abver-
601 2289 653 2336 ‘tuq
664 2287 697 2338 qui
711 2292 787 2327 centum
800 2292 890 2339 praesunt
901 2288 938 2327 mi-

239 2349 292 2385 sante
299 2358 305 2394 3
320 2347 340 2383 et
355 2342 432 2383 literam
445 2349 453 2379 Ι
467 2355 492 2380 ex
504 2341 577 2380 incuria
600 2341 686 2387 ‘litibus
697 2348 716 2382 et
727 2342 835 2392 Ohiliarchi,
848 2342 880 2395 qui
893 2343 937 2382 mil-

238 2397 394 2453 praetermissam
422 2410 479 2449 supra
507 2397 576 2435 lineam
600 2396 632 2435 ‘le
633 2426 699 2441 .....
710 2398 737 2437 sic
750 2398 771 2437 in
784 2398 889 2438 Israelirico
903 2412 937 2437 ex-

238 2459 304 2508 postea
317 2453 414 2506 adpinxit.
443 2451 491 2491 add.
506 2464 575 2500 omnes,
600 2452 676 2491 ‘ercitu
695 2453 863 2505 Qac'nqaapencrra'c'
880 2467 937 2492 voca-

239 2510 255 2550 si
284 2509 388 2557 Hefelium,
412 2507 530 2558 Reithmayr.
556 2511 576 2545 et
600 2507 686 2546 ‘bantur
703 2508 736 2560 qui
754 2509 774 2547 in
797 2508 858 2560 capite
881 2512 937 2547 erant

239 2564 358 2604 Dresselium
365 2563 454 2615 excipias,
462 2562 475 2601 J
476 2562 542 2600 unium
549 2574 576 2600 se·
600 2568 605 2584 ‘
615 2562 754 2616 quinquaginta
764 2563 859 2603 militum!
868 2592 935 2602 .....

239 2620 576 2672 οιιεί,ρταο1)οοοεὐεκτικῶς,οονρονα
599 2629 674 2656 necnon
686 2631 696 2656 e
708 2618 832 2670 scriptoribus
847 2617 936 2666 classicis,

239 2675 282 2715 bene
299 2674 371 2718 leutico,
389 2674 477 2725 iapiqre,
495 2678 575 2720 screare,
599 2671 667 2716 Varro,
677 2672 732 2721 RqR,
744 2673 759 2712 ii
770 2687 800 2721 10,
814 2672 867 2722 (lato,
876 2673 900 2712 R.
911 2673 935 2711 R.

238 2744 296 2782 quam
309 2742 377 2768 vocem
395 2729 465 2777 Fellus,
484 2727 517 2779 qui
535 2726 576 2778 ipse
600 2727 631 2776 69.
660 2726 733 2767 Vocem
746 2731 887 2779 πεντηκόνταρχος
900 2727 935 2766 ha-

238 2785 318 2825 MStum
337 2797 376 2823 nen
393 2783 482 2836 inspexit,
498 2787 575 2822 strenue
598 2781 633 2820 bes
642 2783 694 2834 apud
703 2783 788 2835 Xenoph.
800 2783 823 2822 tle
832 2783 877 2834 Rep.
886 2782 934 2822 Ath.

238 2845 307 2880 tuetur.
338 2838 413 2878 Birrius
425 2838 501 2891 reponit
510 2837 540 2878 vel
549 2838 576 2874 εὗ·
599 2835 606 2873 i
630 2849 648 2885 2,
674 2842 694 2877 et
717 2837 816 2877 Demosth.
839 2851 853 2877 ο,
879 2837 935 2889 Poly-

238 2901 311 2935 εικτικῶτ
319 2894 351 2934 vel
363 2894 444 2945 denique
453 2894 468 2933 ai
478 2892 538 2933 maris
548 2893 574 2929 εὐ-
599 2891 654 2940 clem,
664 2904 720 2932 sensu
729 2898 794 2933 autem
803 2906 879 2944 prorsus
891 2892 935 2940 alic,

238 2952 317 3000 εκθνμῶς,
598 2959 668 2999 nempe
678 2948 786 2999 praefectus
801 2948 863 2998 aava
875 2961 936 2999 quam
