2017 3420
483 780 539 820 Tor
554 779 636 820 ΑΓΙΟὙ

346 909 766 1032 ΚΛΗΜΕΝΤΟΣ

430 1163 633 1218 ΕΠΙΣΤΟΛΗ
658 1166 687 1213 Β.

93 1471 172 1504 cnaeus
205 1439 397 1529 'AAEAdOL
419 1465 493 1521 οὕτως·
510 1465 545 1517 δεῖ
562 1464 624 1531 ἡμᾶς
640 1465 736 1535 φρονεῖν
754 1464 807 1532 περὶ
821 1460 905 1529 Ἰησοῦ

96 1516 146 1548 Deua.

206 1553 316 1620 Χριστοῦ
331 1551 362 1608 ὠς
380 1552 434 1621 περὶ
449 1554 520 1616 Θεοῦ,
536 1552 568 1607 ὡς
585 1553 638 1621 περὶ
656 1554 736 1620 κριτοῦ
754 1547 848 1618 ζώντων
866 1550 925 1605 καὶ5

206 1641 301 1707 νεκρῶν·
329 1638 368 1690 καὶ
388 1638 416 1690 οὐ
438 1638 474 1690 δεῖ
489 1637 552 1705 ἡμᾶς·
572 1635 645 1707 μικρὰ
669 1640 764 1709 φρονεῖν
784 1637 838 1705 περὶ
862 1637 905 1702 τῆς

205 1722 325 1794 σωτηρίας
337 1722 413 1789 ἡμῶν·
432 1723 457 1776 ἒν
469 1726 504 1794 τῷ
522 1721 571 1793 γὰρ
586 1726 683 1795 φρονεῖν
694 1723 755 1789 ἡμᾶς
767 1721 839 1792 μικροὶ
850 1722 904 1791 περὶ

205 1810 286 1873 αὐτοῦ,
299 1807 372 1878 μικρὰ
386 1809 425 1863 καὶ
439 1807 564 1877 ἐλπίζομεν
579 1812 673 1874 λαβεῖν·
692 1810 730 1862 καὶ
746 1812 768 1862 οὶ
780 1798 904 1866 ἀκούοντες

235 2020 251 2046 1.
262 2014 305 2045 ΤΟΥ
314 2014 380 2046 ΑΓΙοΥ
389 2024 403 2048 κ,
414 2025 429 2048 τ.
439 2007 466 2063 lt]
480 2008 542 2048 Tituli
568 2005 634 2061 cxxvi]
655 2007 707 2059 qnod
724 2007 782 2047 exilia
799 2007 857 2047 nimis
878 2008 902 2047 de

205 2061 263 2114 hujus
281 2075 306 2101 ne
324 2062 401 2102 literam
417 2062 495 2115 quidem
512 2062 542 2101 in·
569 2062 646 2102 Christo
656 2061 751 2114 scripsisse
757 2061 847 2111 videtur3
857 2063 903 2115 quia

205 2122 282 2169 tegnam
300 2117 380 2169 praebet
398 2117 445 2157 cod.
466 2117 540 2157 MStue.
568 2130 607 2156 non
618 2131 640 2157 ea
651 2117 730 2169 profert,
739 2130 788 2169 quae
800 2117 902 2170 praecipue

206 2171 267 2211 Linea
279 2172 348 2224 prima,
356 2172 446 2222 Ἀδελφοί,
455 2172 543 2223 οὕτωςὶδεῖ
569 2172 667 2212 conferant
680 2172 704 2211 ad
718 2172 854 2212 adstruendam
866 2172 902 2211 Di-

204 2228 248 2275 ἡμᾶς
257 2228 332 2277 φρονεῖν,
342 2225 404 2267 literis
414 2226 500 2267 miniatis
509 2239 542 2267 ex·
568 2227 633 2266 vinam
648 2226 720 2267 Ohn'sti
737 2231 831 2268 naturam.
865 2226 902 2267 Le-

204 2281 287 2321 hibetur.
567 2281 718 2333 glasePhotium
733 2281 902 2334 haneEpistelam
968 2325 970 2328 ,

232 2350 250 2385 4.
274 2336 460 2385 ἈΔΕΛΦοΙ,-ἕνεκα
479 2337 539 2386 ἡμῶν]
567 2336 614 2376 satis
623 2341 697 2376 constat
704 2336 744 2386 jde
753 2337 786 2376 illa
794 2336 846 2376 enim
855 2337 901 2377 haee

205 2391 264 2431 Hune
273 2391 358 2431 loeuma
370 2390 442 2431 Severe
450 2389 540 2431 Antioeh.
568 2390 638 2431 hebet:
657 2392 680 2429 ‘H
695 2393 714 2430 δὲ
728 2392 797 2442 δευτέρα
814 2394 842 2431 καὶ
859 2393 901 2440 αὐτὴ

205 2446 256 2486 Patr.
267 2451 290 2487 ut
299 2460 323 2486 ex
333 2447 369 2499 Ep.
380 2445 394 2485 ii
405 2446 430 2485 ad
443 2444 486 2485 θον.
497 2458 541 2497 pro·
568 2447 657 2484 νουθεσίαν
664 2449 692 2485 καὶ
700 2445 799 2496 παραίνεσιν
807 2449 901 2497 κρείττονος

203 2502 266 2541 latum
275 2501 354 2542 exhibet
361 2501 475 2550 Curetonus,
483 2499 540 2552 Oorp.
567 2502 633 2552 εἷσάγει
644 2502 690 2550 βίον,
699 2502 726 2539 καὶ
739 2502 757 2539 ἐν
769 2501 814 2551 ἀρχῇ
826 2504 901 2550 Χριστὸν

205 2556 268 2609 Ignat.
282 2570 300 2608 p.
313 2558 351 2605 246
358 2570 363 2606 ;
382 2557 434 2597 inter
450 2560 541 2608 excerpta
567 2557 596 2593 τὸν
605 2557 649 2594 θεὸν
660 2555 747 2605 κηρύσσει.
775 2555 901 2605 Quleharae·

204 2616 270 2652 autem
284 2611 337 2650 veria
352 2626 363 2651 e
378 2611 397 2652 S.
410 2611 499 2651 Patribus
513 2610 541 2650 ite
567 2613 617 2649 teres
626 2609 713 2661 apprime
724 2610 769 2650 huie
778 2611 899 2651 conveniunt.

203 2666 309 2711 laudatum,
319 2680 337 2718 p.
347 2680 391 2716 244,
400 2670 423 2706 ut
436 2680 460 2705 ex
472 2666 507 2717 Ep.
518 2665 540 2704 iii
567 2664 688 2704 WOTTON.

204 2721 228 2761 de
235 2720 354 2773 Virginitate
363 2721 538 2761 sumtnsvideatur.
595 2721 612 2759 6.
632 2722 671 2770 περὶ
688 2723 718 2768 τῆς
737 2722 821 2770 σωτηρίας
838 2722 898 2771 ἡμῶν]

232 2785 249 2825 5.
260 2779 283 2816 ὡς
291 2779 331 2826 περὶ
340 2778 398 2826 eset]
408 2777 430 2817 Si
438 2776 486 2816 haee
492 2775 539 2828 Epi·
567 2773 605 2813 Pro
614 2773 732 2814 Judaeerum
739 2776 810 2828 placito
819 2775 900 2816 Messian

203 2831 253 2870 stela
267 2830 373 2871 Clementia
386 2831 417 2881 alt,
427 2831 497 2871 suffieit
508 2830 540 2870 hie
565 2842 647 2882 regnum
656 2829 676 2868 in
685 2830 742 2870 terris
751 2830 888 2871 somniantium
892 2845 898 2881 3

203 2887 253 2925 unu‘s
281 2887 335 2926 leena
361 2887 386 2925 ad
415 2886 539 2926 refellendam
566 2889 600 2924 aut
609 2885 633 2923 ad
644 2898 711 2924 eornm
724 2886 799 2938 dogma,
809 2886 842 2938 qui
856 2900 899 2938 pro-

204 2940 268 2981 Photii
278 2941 410 2994 objectionem,
421 2941 479 2992 [Bibl.
490 2941 537 2981 Oetl.
566 2940 624 2979 misse
638 2940 663 2979 ad
677 2940 776 2993 allegorias
792 2941 898 2985 trahebant,
