<?xml version="1.0" encoding="UTF-8"?>
<!DOCTYPE html PUBLIC "-//W3C//DTD XHTML 1.0 Transitional//EN"
    "http://www.w3.org/TR/xhtml1/DTD/xhtml1-transitional.dtd">
<html xmlns="http://www.w3.org/1999/xhtml" xml:lang="en" lang="en">
 <head>
  <title>
</title>
<meta http-equiv="Content-Type" content="text/html;charset=utf-8" />
  <meta name='ocr-system' content='tesseract 3.04.00' />
  <meta name='ocr-capabilities' content='ocr_page ocr_carea ocr_par ocr_line ocrx_word'/>
</head>
<body>
  <div class='ocr_page' id='page_1' title='image "./MN41360ucmf_0/MN41360ucmf_0_0367.png"; bbox 0 0 1931 3420; ppageno 0'>
   <div class='ocr_carea' id='block_1_1' title="bbox 300 219 792 285">
    <p class='ocr_par' dir='ltr' id='par_1_1' title="bbox 300 219 792 285">
     <span class='ocr_line' id='line_1_1' title="bbox 300 219 792 285; baseline 0.002 -22"><span class='ocrx_word' id='word_1_1' title='bbox 300 219 448 263; x_wconf 79' lang='lat' dir='ltr'>urrsrom</span> <span class='ocrx_word' id='word_1_2' title='bbox 463 220 495 274; x_wconf 91' lang='lat'>11,</span> <span class='ocrx_word' id='word_1_3' title='bbox 505 220 534 264; x_wconf 72' lang='lat' dir='ltr'>xi.</span> <span class='ocrx_word' id='word_1_4' title='bbox 728 222 772 265; x_wconf 78' lang='lat' dir='ltr'>ass</span> <span class='ocrx_word' id='word_1_5' title='bbox 789 279 792 285; x_wconf 24' lang='lat'><em>⁴</em></span> 
     </span>
    </p>
   </div>
   <div class='ocr_carea' id='block_1_2' title="bbox 5 334 774 1428">
    <p class='ocr_par' dir='ltr' id='par_1_2' title="bbox 5 334 774 954">
     <span class='ocr_line' id='line_1_2' title="bbox 69 334 773 406; baseline -0.004 -17"><span class='ocrx_word' id='word_1_6' title='bbox 69 341 251 406; x_wconf 71' lang='lat' dir='ltr'>&#39;praeponentes</span> <span class='ocrx_word' id='word_1_7' title='bbox 262 334 417 403; x_wconf 86' lang='lat' dir='ltr'>voluptatem</span> <span class='ocrx_word' id='word_1_8' title='bbox 428 342 583 404; x_wconf 73' lang='lat' dir='ltr'>praesentem</span> <span class='ocrx_word' id='word_1_9' title='bbox 593 336 773 403; x_wconf 87' lang='lat' dir='ltr'>repromissioni</span> 
     </span>
     <span class='ocr_line' id='line_1_3' title="bbox 73 414 774 482; baseline -0.004 -15"><span class='ocrx_word' id='word_1_10' title='bbox 73 417 177 467; x_wconf 82' lang='lat' dir='ltr'>futurae.</span> <span class='ocrx_word' id='word_1_11' title='bbox 212 414 411 482; x_wconf 83' lang='lat' dir='ltr'>Ignorantenim</span> <span class='ocrx_word' id='word_1_12' title='bbox 428 421 550 482; x_wconf 87' lang='lat' dir='ltr'>quantum</span> <span class='ocrx_word' id='word_1_13' title='bbox 566 414 657 465; x_wconf 81' lang='lat' dir='ltr'>habeat</span> <span class='ocrx_word' id='word_1_14' title='bbox 667 420 774 464; x_wconf 84' lang='lat' dir='ltr'>tormen-</span> 
     </span>
     <span class='ocr_line' id='line_1_4' title="bbox 5 492 773 561; baseline -0.003 -16"><span class='ocrx_word' id='word_1_15' title='bbox 5 524 7 529; x_wconf 86' lang='lat'><em>.</em></span> <span class='ocrx_word' id='word_1_16' title='bbox 74 502 129 545; x_wconf 90' lang='lat' dir='ltr'>tum</span> <span class='ocrx_word' id='word_1_17' title='bbox 140 493 213 561; x_wconf 85' lang='lat' dir='ltr'>hujus</span> <span class='ocrx_word' id='word_1_18' title='bbox 225 492 314 543; x_wconf 87' lang='lat' dir='ltr'>saeculi</span> <span class='ocrx_word' id='word_1_19' title='bbox 322 493 408 544; x_wconf 79' lang='lat' dir='ltr'>fruitio</span> <span class='ocrx_word' id='word_1_20' title='bbox 418 513 425 555; x_wconf 89' lang='lat'>;</span> <span class='ocrx_word' id='word_1_21' title='bbox 438 499 465 543; x_wconf 91' lang='lat' dir='ltr'>et</span> <span class='ocrx_word' id='word_1_22' title='bbox 476 493 561 561; x_wconf 87' lang='lat' dir='ltr'>quales</span> <span class='ocrx_word' id='word_1_23' title='bbox 572 493 663 544; x_wconf 90' lang='lat' dir='ltr'>habeat</span> <span class='ocrx_word' id='word_1_24' title='bbox 675 493 773 544; x_wconf 88' lang='lat' dir='ltr'>delicias</span> 
     </span>
     <span class='ocr_line' id='line_1_5' title="bbox 17 571 774 640; baseline -0.001 -17"><span class='ocrx_word' id='word_1_25' title='bbox 17 580 19 585; x_wconf 89' lang='lat'>&#39;</span> <span class='ocrx_word' id='word_1_26' title='bbox 54 573 158 623; x_wconf 66' lang='lat' dir='ltr'>lutura</span> <span class='ocrx_word' id='word_1_27' title='bbox 179 571 312 640; x_wconf 73' lang='lat' dir='ltr'>promissio·</span> <span class='ocrx_word' id='word_1_28' title='bbox 350 571 389 622; x_wconf 87' lang='lat' dir='ltr'>Ac</span> <span class='ocrx_word' id='word_1_29' title='bbox 411 571 518 639; x_wconf 85' lang='lat' dir='ltr'>quidem,</span> <span class='ocrx_word' id='word_1_30' title='bbox 541 572 563 622; x_wconf 91' lang='lat' dir='ltr'>si</span> <span class='ocrx_word' id='word_1_31' title='bbox 587 572 636 639; x_wconf 89' lang='lat' dir='ltr'>ipsi</span> <span class='ocrx_word' id='word_1_32' title='bbox 658 571 703 622; x_wconf 89' lang='lat' dir='ltr'>soli</span> <span class='ocrx_word' id='word_1_33' title='bbox 725 572 774 622; x_wconf 86' lang='lat' dir='ltr'>ista</span> 
     </span>
     <span class='ocr_line' id='line_1_6' title="bbox 74 649 773 718; baseline 0 -17"><span class='ocrx_word' id='word_1_34' title='bbox 74 652 187 710; x_wconf 82' lang='lat' dir='ltr'>facerent,</span> <span class='ocrx_word' id='word_1_35' title='bbox 209 649 334 700; x_wconf 73' lang='lat' dir='ltr'>tolerabile</span> <span class='ocrx_word' id='word_1_36' title='bbox 354 656 420 700; x_wconf 90' lang='lat' dir='ltr'>esset</span> <span class='ocrx_word' id='word_1_37' title='bbox 429 670 435 711; x_wconf 91' lang='lat'>;</span> <span class='ocrx_word' id='word_1_38' title='bbox 461 649 515 717; x_wconf 87' lang='lat' dir='ltr'>jam</span> <span class='ocrx_word' id='word_1_39' title='bbox 534 669 592 701; x_wconf 92' lang='lat' dir='ltr'>vero</span> <span class='ocrx_word' id='word_1_40' title='bbox 614 656 773 718; x_wconf 86' lang='lat' dir='ltr'>perseverant</span> 
     </span>
     <span class='ocr_line' id='line_1_7' title="bbox 66 728 773 796; baseline 0 -17"><span class='ocrx_word' id='word_1_41' title='bbox 66 730 183 780; x_wconf 84' lang='lat' dir='ltr'>insontes</span> <span class='ocrx_word' id='word_1_42' title='bbox 205 728 297 779; x_wconf 88' lang='lat' dir='ltr'>animas</span> <span class='ocrx_word' id='word_1_43' title='bbox 319 729 403 796; x_wconf 86' lang='lat' dir='ltr'>pravis</span> <span class='ocrx_word' id='word_1_44' title='bbox 426 728 543 780; x_wconf 81' lang='lat' dir='ltr'>doctrinis</span> <span class='ocrx_word' id='word_1_45' title='bbox 561 729 677 789; x_wconf 88' lang='lat' dir='ltr'>imbuere,</span> <span class='ocrx_word' id='word_1_46' title='bbox 697 730 773 781; x_wconf 88' lang='lat' dir='ltr'>nesci-</span> 
     </span>
     <span class='ocr_line' id='line_1_8' title="bbox 73 806 772 875; baseline 0.003 -17"><span class='ocrx_word' id='word_1_47' title='bbox 73 814 143 859; x_wconf 87' lang='lat' dir='ltr'>entes</span> <span class='ocrx_word' id='word_1_48' title='bbox 162 807 228 875; x_wconf 88' lang='lat' dir='ltr'>quod</span> <span class='ocrx_word' id='word_1_49' title='bbox 248 806 369 875; x_wconf 81' lang='lat' dir='ltr'>duplicem</span> <span class='ocrx_word' id='word_1_50' title='bbox 392 807 519 859; x_wconf 87' lang='lat' dir='ltr'>habebunt</span> <span class='ocrx_word' id='word_1_51' title='bbox 539 809 772 869; x_wconf 78' lang='lat' dir='ltr'>condemnationem,</span> 
     </span>
     <span class='ocr_line' id='line_1_9' title="bbox 23 876 431 954; baseline 0 -16"><span class='ocrx_word' id='word_1_52' title='bbox 23 891 24 897; x_wconf 74' lang='grc'>’</span> <span class='ocrx_word' id='word_1_53' title='bbox 73 876 99 938; x_wconf 80' lang='lat' dir='ltr'>et</span> <span class='ocrx_word' id='word_1_54' title='bbox 110 886 164 954; x_wconf 84' lang='lat' dir='ltr'>ipsi,</span> <span class='ocrx_word' id='word_1_55' title='bbox 176 892 202 937; x_wconf 89' lang='lat' dir='ltr'>et</span> <span class='ocrx_word' id='word_1_56' title='bbox 212 886 256 953; x_wconf 85' lang='lat' dir='ltr'>qui</span> <span class='ocrx_word' id='word_1_57' title='bbox 266 885 373 938; x_wconf 84' lang='lat' dir='ltr'>audiunt</span> <span class='ocrx_word' id='word_1_58' title='bbox 384 904 431 938; x_wconf 88' lang='lat' dir='ltr'>eos.</span> 
     </span>
    </p>

    <p class='ocr_par' dir='ltr' id='par_1_3' title="bbox 73 965 772 1428">
     <span class='ocr_line' id='line_1_10' title="bbox 106 965 772 1033; baseline 0.002 -16"><span class='ocrx_word' id='word_1_59' title='bbox 106 965 152 1017; x_wconf 90' lang='lat' dir='ltr'>XI.</span> <span class='ocrx_word' id='word_1_60' title='bbox 170 966 297 1033; x_wconf 82' lang='lat' dir='ltr'>Nosergo</span> <span class='ocrx_word' id='word_1_61' title='bbox 313 965 340 1015; x_wconf 91' lang='lat' dir='ltr'>in</span> <span class='ocrx_word' id='word_1_62' title='bbox 359 966 431 1016; x_wconf 87' lang='lat' dir='ltr'>corde</span> <span class='ocrx_word' id='word_1_63' title='bbox 448 966 541 1018; x_wconf 90' lang='lat' dir='ltr'>mundo</span> <span class='ocrx_word' id='word_1_64' title='bbox 559 967 613 1017; x_wconf 89' lang='lat' dir='ltr'>Deo</span> <span class='ocrx_word' id='word_1_65' title='bbox 630 967 772 1027; x_wconf 82' lang='lat' dir='ltr'>serviamus,</span> 
     </span>
     <span class='ocr_line' id='line_1_11' title="bbox 74 1043 772 1112; baseline 0 -16"><span class='ocrx_word' id='word_1_66' title='bbox 74 1051 100 1096; x_wconf 86' lang='lat' dir='ltr'>et</span> <span class='ocrx_word' id='word_1_67' title='bbox 119 1044 209 1095; x_wconf 90' lang='lat' dir='ltr'>erimus</span> <span class='ocrx_word' id='word_1_68' title='bbox 227 1043 308 1112; x_wconf 87' lang='lat' dir='ltr'>justi:</span> <span class='ocrx_word' id='word_1_69' title='bbox 332 1044 400 1111; x_wconf 89' lang='lat' dir='ltr'>qnod</span> <span class='ocrx_word' id='word_1_70' title='bbox 422 1044 444 1095; x_wconf 91' lang='lat' dir='ltr'>si</span> <span class='ocrx_word' id='word_1_71' title='bbox 465 1063 516 1095; x_wconf 90' lang='lat' dir='ltr'>non</span> <span class='ocrx_word' id='word_1_72' title='bbox 537 1045 699 1105; x_wconf 82' lang='lat' dir='ltr'>servierimus,</span> <span class='ocrx_word' id='word_1_73' title='bbox 722 1064 772 1096; x_wconf 91' lang='lat' dir='ltr'>non</span> 
     </span>
     <span class='ocr_line' id='line_1_12' title="bbox 73 1122 772 1190; baseline 0.003 -17"><span class='ocrx_word' id='word_1_74' title='bbox 73 1123 191 1174; x_wconf 91' lang='lat' dir='ltr'>credendo</span> <span class='ocrx_word' id='word_1_75' title='bbox 210 1122 380 1190; x_wconf 85' lang='lat' dir='ltr'>pollicitationi</span> <span class='ocrx_word' id='word_1_76' title='bbox 397 1122 452 1182; x_wconf 90' lang='lat' dir='ltr'>Dei,</span> <span class='ocrx_word' id='word_1_77' title='bbox 470 1124 560 1174; x_wconf 88' lang='lat' dir='ltr'>erimus</span> <span class='ocrx_word' id='word_1_78' title='bbox 580 1123 668 1174; x_wconf 89' lang='lat' dir='ltr'>miseri.</span> <span class='ocrx_word' id='word_1_79' title='bbox 703 1125 772 1175; x_wconf 85' lang='lat' dir='ltr'>Dicit</span> 
     </span>
     <span class='ocr_line' id='line_1_13' title="bbox 73 1201 772 1270; baseline 0.001 -18"><span class='ocrx_word' id='word_1_80' title='bbox 73 1201 138 1252; x_wconf 89' lang='lat' dir='ltr'>enim</span> <span class='ocrx_word' id='word_1_81' title='bbox 161 1207 187 1252; x_wconf 94' lang='lat' dir='ltr'>et</span> <span class='ocrx_word' id='word_1_82' title='bbox 209 1219 287 1251; x_wconf 90' lang='lat' dir='ltr'>sermo</span> <span class='ocrx_word' id='word_1_83' title='bbox 313 1201 491 1268; x_wconf 80' lang='lat' dir='ltr'>propheticus3</span> <span class='ocrx_word' id='word_1_84' title='bbox 520 1201 615 1253; x_wconf 73' lang='lat' dir='ltr'>Miseri</span> <span class='ocrx_word' id='word_1_85' title='bbox 642 1212 699 1253; x_wconf 80' lang='lat' dir='ltr'>suut</span> <span class='ocrx_word' id='word_1_86' title='bbox 727 1203 772 1270; x_wconf 80' lang='lat' dir='ltr'>qui</span> 
     </span>
     <span class='ocr_line' id='line_1_14' title="bbox 73 1279 770 1347; baseline 0.003 -17"><span class='ocrx_word' id='word_1_87' title='bbox 73 1280 157 1331; x_wconf 72' lang='grc' dir='ltr'>οιιοιιοο</span> <span class='ocrx_word' id='word_1_88' title='bbox 170 1279 287 1347; x_wconf 78' lang='lat' dir='ltr'>duplices,</span> <span class='ocrx_word' id='word_1_89' title='bbox 299 1288 321 1329; x_wconf 79' lang='lat' dir='ltr'>ct</span> <span class='ocrx_word' id='word_1_90' title='bbox 336 1279 410 1330; x_wconf 80' lang='lat' dir='ltr'>eorde</span> <span class='ocrx_word' id='word_1_91' title='bbox 424 1279 514 1331; x_wconf 75' lang='lat' dir='ltr'>irtccrti</span> <span class='ocrx_word' id='word_1_92' title='bbox 525 1290 598 1338; x_wconf 31' lang='lat' dir='ltr'>surum</span> <span class='ocrx_word' id='word_1_93' title='bbox 616 1281 660 1347; x_wconf 76' lang='lat' dir='ltr'>qui</span> <span class='ocrx_word' id='word_1_94' title='bbox 676 1280 770 1341; x_wconf 78' lang='lat' dir='ltr'>dicunt,</span> 
     </span>
     <span class='ocr_line' id='line_1_15' title="bbox 73 1357 770 1428; baseline 0.003 -20"><span class='ocrx_word' id='word_1_95' title='bbox 73 1358 146 1409; x_wconf 85' lang='grc' dir='ltr'>Ηοιοο</span> <span class='ocrx_word' id='word_1_96' title='bbox 168 1357 253 1409; x_wconf 78' lang='lat' dir='ltr'>omnic</span> <span class='ocrx_word' id='word_1_97' title='bbox 275 1357 420 1409; x_wconf 75' lang='lat' dir='ltr'>audicimus</span> <span class='ocrx_word' id='word_1_98' title='bbox 439 1359 516 1410; x_wconf 78' lang='lat' dir='ltr'>ctiam</span> <span class='ocrx_word' id='word_1_99' title='bbox 537 1368 646 1428; x_wconf 76' lang='lat' dir='ltr'>tompore</span> <span class='ocrx_word' id='word_1_100' title='bbox 664 1368 770 1426; x_wconf 78' lang='lat' dir='ltr'>potrum</span> 
     </span>
    </p>
   </div>
   <div class='ocr_carea' id='block_1_3' title="bbox 46 1540 814 3023">
    <p class='ocr_par' dir='ltr' id='par_1_4' title="bbox 46 1540 814 3023">
     <span class='ocr_line' id='line_1_16' title="bbox 72 1540 814 1594; baseline 0.004 -14"><span class='ocrx_word' id='word_1_101' title='bbox 72 1541 298 1583; x_wconf 81' lang='lat' dir='ltr'>turGalliciolliiversio.</span> <span class='ocrx_word' id='word_1_102' title='bbox 319 1541 406 1586; x_wconf 73' lang='lat' dir='ltr'>Noltius.</span> <span class='ocrx_word' id='word_1_103' title='bbox 433 1541 477 1581; x_wconf 87' lang='lat' dir='ltr'>nius</span> <span class='ocrx_word' id='word_1_104' title='bbox 491 1541 574 1594; x_wconf 88' lang='lat' dir='ltr'>quidem,</span> <span class='ocrx_word' id='word_1_105' title='bbox 590 1540 662 1582; x_wconf 66' lang='lat' dir='ltr'>(iolom⁴</span> <span class='ocrx_word' id='word_1_106' title='bbox 681 1541 769 1582; x_wconf 83' lang='lat' dir='ltr'>etWot·</span> <span class='ocrx_word' id='word_1_107' title='bbox 812 1579 814 1583; x_wconf 79' lang='grc'>,</span> 
     </span>
     <span class='ocr_line' id='line_1_17' title="bbox 72 1595 770 1650; baseline 0.004 -16"><span class='ocrx_word' id='word_1_108' title='bbox 72 1595 135 1637; x_wconf 89' lang='lat' dir='ltr'>deleto</span> <span class='ocrx_word' id='word_1_109' title='bbox 149 1597 237 1648; x_wconf 73' lang='grc' dir='ltr'>ἄνθρωπον</span> <span class='ocrx_word' id='word_1_110' title='bbox 246 1597 285 1650; x_wconf 80' lang='lat' dir='ltr'>legi</span> <span class='ocrx_word' id='word_1_111' title='bbox 293 1597 336 1638; x_wconf 88' lang='lat' dir='ltr'>vult</span> <span class='ocrx_word' id='word_1_112' title='bbox 347 1597 405 1646; x_wconf 71' lang='grc' dir='ltr'>αὐτήν,</span> <span class='ocrx_word' id='word_1_113' title='bbox 433 1600 473 1636; x_wconf 87' lang='lat' dir='ltr'>ton.</span> <span class='ocrx_word' id='word_1_114' title='bbox 488 1596 572 1637; x_wconf 87' lang='lat' dir='ltr'>retinent</span> <span class='ocrx_word' id='word_1_115' title='bbox 586 1596 701 1648; x_wconf 77' lang='lat' dir='ltr'>scripturam</span> <span class='ocrx_word' id='word_1_116' title='bbox 716 1596 770 1637; x_wconf 80' lang='lat' dir='ltr'>MSti</span> 
     </span>
     <span class='ocr_line' id='line_1_18' title="bbox 73 1649 770 1704; baseline 0.001 -14"><span class='ocrx_word' id='word_1_117' title='bbox 73 1649 161 1691; x_wconf 81' lang='lat' dir='ltr'>Grussius</span> <span class='ocrx_word' id='word_1_118' title='bbox 175 1651 239 1702; x_wconf 80' lang='lat' dir='ltr'>vertit,</span> <span class='ocrx_word' id='word_1_119' title='bbox 254 1653 283 1692; x_wconf 76' lang='lat' dir='ltr'>m</span> <span class='ocrx_word' id='word_1_120' title='bbox 298 1652 340 1692; x_wconf 80' lang='lat' dir='ltr'>c’est</span> <span class='ocrx_word' id='word_1_121' title='bbox 354 1665 408 1704; x_wconf 74' lang='lat' dir='ltr'>potu</span> <span class='ocrx_word' id='word_1_122' title='bbox 434 1652 513 1701; x_wconf 70' lang='grc' dir='ltr'>ἀνετίονς,</span> <span class='ocrx_word' id='word_1_123' title='bbox 523 1655 543 1691; x_wconf 85' lang='lat' dir='ltr'>et</span> <span class='ocrx_word' id='word_1_124' title='bbox 556 1650 658 1691; x_wconf 86' lang='lat' dir='ltr'>lectionem</span> <span class='ocrx_word' id='word_1_125' title='bbox 670 1651 770 1691; x_wconf 87' lang='lat' dir='ltr'>meliorem</span> 
     </span>
     <span class='ocr_line' id='line_1_19' title="bbox 72 1706 769 1759; baseline 0.003 -15"><span class='ocrx_word' id='word_1_126' title='bbox 72 1706 191 1746; x_wconf 71' lang='grc' dir='ltr'>οοιιονοιοοιι</span> <span class='ocrx_word' id='word_1_127' title='bbox 204 1721 239 1759; x_wconf 80' lang='lat' dir='ltr'>que</span> <span class='ocrx_word' id='word_1_128' title='bbox 252 1708 319 1759; x_wconf 74' lang='lat' dir='ltr'>sipost</span> <span class='ocrx_word' id='word_1_129' title='bbox 332 1707 405 1747; x_wconf 78' lang='lat' dir='ltr'>d’liom-</span> <span class='ocrx_word' id='word_1_130' title='bbox 432 1706 453 1745; x_wconf 91' lang='lat' dir='ltr'>in</span> <span class='ocrx_word' id='word_1_131' title='bbox 467 1720 521 1745; x_wconf 88' lang='lat' dir='ltr'>oram</span> <span class='ocrx_word' id='word_1_132' title='bbox 534 1706 579 1746; x_wconf 86' lang='lat' dir='ltr'>libri</span> <span class='ocrx_word' id='word_1_133' title='bbox 591 1706 683 1759; x_wconf 83' lang='lat' dir='ltr'>relegunt.</span> <span class='ocrx_word' id='word_1_134' title='bbox 711 1706 740 1747; x_wconf 85' lang='lat' dir='ltr'>At</span> <span class='ocrx_word' id='word_1_135' title='bbox 748 1707 769 1746; x_wconf 90' lang='lat' dir='ltr'>in</span> 
     </span>
     <span class='ocr_line' id='line_1_20' title="bbox 71 1760 769 1814; baseline 0.001 -15"><span class='ocrx_word' id='word_1_136' title='bbox 71 1774 111 1800; x_wconf 81' lang='lat' dir='ltr'>mes</span> <span class='ocrx_word' id='word_1_137' title='bbox 124 1761 170 1801; x_wconf 75' lang='lat' dir='ltr'>l’oor</span> <span class='ocrx_word' id='word_1_138' title='bbox 182 1776 206 1802; x_wconf 81' lang='grc' dir='ltr'>ιιι</span> <span class='ocrx_word' id='word_1_139' title='bbox 216 1769 311 1814; x_wconf 66' lang='lat' dir='ltr'>participe:</span> <span class='ocrx_word' id='word_1_140' title='bbox 327 1761 404 1802; x_wconf 80' lang='lat' dir='ltr'>Rucha-</span> <span class='ocrx_word' id='word_1_141' title='bbox 433 1760 505 1801; x_wconf 76' lang='lat' dir='ltr'>Codice</span> <span class='ocrx_word' id='word_1_142' title='bbox 516 1761 552 1801; x_wconf 91' lang='lat' dir='ltr'>hoc</span> <span class='ocrx_word' id='word_1_143' title='bbox 561 1760 694 1801; x_wconf 81' lang='lat' dir='ltr'>Alexandrino</span> <span class='ocrx_word' id='word_1_144' title='bbox 703 1769 717 1800; x_wconf 81' lang='grc' dir='ltr'>Ε</span> <span class='ocrx_word' id='word_1_145' title='bbox 726 1775 769 1814; x_wconf 84' lang='lat' dir='ltr'>pas-</span> 
     </span>
     <span class='ocr_line' id='line_1_21' title="bbox 71 1815 770 1869; baseline 0.001 -14"><span class='ocrx_word' id='word_1_146' title='bbox 71 1819 109 1864; x_wconf 85' lang='lat' dir='ltr'>tus,</span> <span class='ocrx_word' id='word_1_147' title='bbox 118 1816 146 1855; x_wconf 73' lang='lat' dir='ltr'>m</span> <span class='ocrx_word' id='word_1_148' title='bbox 156 1831 209 1868; x_wconf 73' lang='grc' dir='ltr'>γοονν</span> <span class='ocrx_word' id='word_1_149' title='bbox 222 1824 265 1857; x_wconf 73' lang='lat' dir='ltr'>essu</span> <span class='ocrx_word' id='word_1_150' title='bbox 278 1831 338 1865; x_wconf 78' lang='grc' dir='ltr'>οοιιοο,</span> <span class='ocrx_word' id='word_1_151' title='bbox 352 1816 369 1857; x_wconf 75' lang='lat' dir='ltr'>d</span> <span class='ocrx_word' id='word_1_152' title='bbox 381 1830 406 1856; x_wconf 82' lang='grc' dir='ltr'>ιιι</span> <span class='ocrx_word' id='word_1_153' title='bbox 432 1815 468 1856; x_wconf 87' lang='lat' dir='ltr'>sim</span> <span class='ocrx_word' id='word_1_154' title='bbox 482 1816 562 1868; x_wconf 87' lang='lat' dir='ltr'>ponitur</span> <span class='ocrx_word' id='word_1_155' title='bbox 574 1830 610 1869; x_wconf 87' lang='lat' dir='ltr'>pro</span> <span class='ocrx_word' id='word_1_156' title='bbox 622 1824 650 1857; x_wconf 82' lang='grc' dir='ltr'>ΑΙ.</span> <span class='ocrx_word' id='word_1_157' title='bbox 679 1816 770 1857; x_wconf 83' lang='lat' dir='ltr'>Davisius</span> 
     </span>
     <span class='ocr_line' id='line_1_22' title="bbox 66 1870 770 1924; baseline 0.003 -14"><span class='ocrx_word' id='word_1_158' title='bbox 66 1870 183 1924; x_wconf 70' lang='lat' dir='ltr'>surripuisti</span> <span class='ocrx_word' id='word_1_159' title='bbox 194 1872 405 1924; x_wconf 79' lang='lat' dir='ltr'>complosivecsuclsom-</span> <span class='ocrx_word' id='word_1_160' title='bbox 432 1871 542 1923; x_wconf 80' lang='lat' dir='ltr'>conjecturs</span> <span class='ocrx_word' id='word_1_161' title='bbox 568 1884 637 1924; x_wconf 81' lang='lat' dir='ltr'>porum</span> <span class='ocrx_word' id='word_1_162' title='bbox 664 1871 770 1912; x_wconf 74' lang='lat' dir='ltr'>necessaris</span> 
     </span>
     <span class='ocr_line' id='line_1_23' title="bbox 46 1926 720 1976; baseline 0.001 -11"><span class='ocrx_word' id='word_1_163' title='bbox 46 1954 48 1957; x_wconf 91' lang='lat'>-</span> <span class='ocrx_word' id='word_1_164' title='bbox 71 1939 115 1965; x_wconf 79' lang='grc' dir='ltr'>ιιιοο.</span> <span class='ocrx_word' id='word_1_165' title='bbox 433 1926 518 1966; x_wconf 84' lang='lat' dir='ltr'>correxit</span> <span class='ocrx_word' id='word_1_166' title='bbox 526 1928 557 1966; x_wconf 77' lang='grc' dir='ltr'>τὰς</span> <span class='ocrx_word' id='word_1_167' title='bbox 565 1926 646 1975; x_wconf 70' lang='grc' dir='ltr'>ἀνοήτους</span> <span class='ocrx_word' id='word_1_168' title='bbox 654 1928 720 1976; x_wconf 75' lang='grc' dir='ltr'>ψυχάς.</span> 
     </span>
     <span class='ocr_line' id='line_1_24' title="bbox 98 1979 770 2035; baseline 0.003 -16"><span class='ocrx_word' id='word_1_169' title='bbox 98 1980 123 2020; x_wconf 87' lang='lat' dir='ltr'>ih.</span> <span class='ocrx_word' id='word_1_170' title='bbox 142 1981 205 2022; x_wconf 75' lang='grc' dir='ltr'>Οἵτινεο</span> <span class='ocrx_word' id='word_1_171' title='bbox 222 1979 326 2035; x_wconf 80' lang='grc' dir='ltr'>παράγουσι]</span> <span class='ocrx_word' id='word_1_172' title='bbox 347 1981 406 2022; x_wconf 81' lang='lat' dir='ltr'>Hanc</span> <span class='ocrx_word' id='word_1_173' title='bbox 461 1980 486 2021; x_wconf 85' lang='lat' dir='ltr'>ib.</span> <span class='ocrx_word' id='word_1_174' title='bbox 504 1983 534 2020; x_wconf 78' lang='grc' dir='ltr'>οὐκ</span> <span class='ocrx_word' id='word_1_175' title='bbox 552 1979 623 2035; x_wconf 77' lang='grc' dir='ltr'>εἰδότες]</span> <span class='ocrx_word' id='word_1_176' title='bbox 643 1981 681 2021; x_wconf 72' lang='lat' dir='ltr'>His</span> <span class='ocrx_word' id='word_1_177' title='bbox 699 1981 770 2021; x_wconf 75' lang='lat' dir='ltr'>similia</span> 
     </span>
     <span class='ocr_line' id='line_1_25' title="bbox 72 2034 769 2090; baseline 0.004 -17"><span class='ocrx_word' id='word_1_178' title='bbox 72 2034 124 2076; x_wconf 80' lang='lat' dir='ltr'>MSti</span> <span class='ocrx_word' id='word_1_179' title='bbox 138 2036 239 2077; x_wconf 84' lang='lat' dir='ltr'>lectionem</span> <span class='ocrx_word' id='word_1_180' title='bbox 252 2037 337 2090; x_wconf 86' lang='lat' dir='ltr'>reposuit</span> <span class='ocrx_word' id='word_1_181' title='bbox 348 2038 406 2077; x_wconf 89' lang='lat' dir='ltr'>Wot-</span> <span class='ocrx_word' id='word_1_182' title='bbox 433 2040 479 2076; x_wconf 86' lang='lat' dir='ltr'>sunt</span> <span class='ocrx_word' id='word_1_183' title='bbox 488 2050 516 2084; x_wconf 82' lang='lat' dir='ltr'>ea,</span> <span class='ocrx_word' id='word_1_184' title='bbox 526 2049 574 2088; x_wconf 81' lang='lat' dir='ltr'>quae</span> <span class='ocrx_word' id='word_1_185' title='bbox 587 2050 599 2075; x_wconf 79' lang='lat' dir='ltr'><strong>a</strong></span> <span class='ocrx_word' id='word_1_186' title='bbox 610 2036 632 2081; x_wconf 86' lang='lat' dir='ltr'>B.</span> <span class='ocrx_word' id='word_1_187' title='bbox 643 2036 721 2089; x_wconf 74' lang='lat' dir='ltr'>ignatio</span> <span class='ocrx_word' id='word_1_188' title='bbox 735 2036 769 2076; x_wconf 84' lang='lat' dir='ltr'>ha-</span> 
     </span>
     <span class='ocr_line' id='line_1_26' title="bbox 71 2090 766 2147; baseline 0.004 -18"><span class='ocrx_word' id='word_1_189' title='bbox 71 2094 134 2141; x_wconf 79' lang='lat' dir='ltr'>tenus,</span> <span class='ocrx_word' id='word_1_190' title='bbox 151 2096 196 2132; x_wconf 85' lang='lat' dir='ltr'>ante</span> <span class='ocrx_word' id='word_1_191' title='bbox 212 2105 268 2144; x_wconf 87' lang='lat' dir='ltr'>quem</span> <span class='ocrx_word' id='word_1_192' title='bbox 284 2091 332 2131; x_wconf 72' lang='lat' dir='ltr'>Edu</span> <span class='ocrx_word' id='word_1_193' title='bbox 350 2091 405 2131; x_wconf 80' lang='lat' dir='ltr'>exhi·</span> <span class='ocrx_word' id='word_1_194' title='bbox 432 2091 508 2141; x_wconf 86' lang='lat' dir='ltr'>bentur,</span> <span class='ocrx_word' id='word_1_195' title='bbox 523 2091 558 2145; x_wconf 85' lang='lat' dir='ltr'>Ep.</span> <span class='ocrx_word' id='word_1_196' title='bbox 576 2091 601 2132; x_wconf 84' lang='lat' dir='ltr'>ad</span> <span class='ocrx_word' id='word_1_197' title='bbox 614 2091 683 2143; x_wconf 82' lang='lat' dir='ltr'>Ephes.</span> <span class='ocrx_word' id='word_1_198' title='bbox 701 2090 720 2147; x_wconf 62' lang='grc' dir='ltr'>[ξ</span> <span class='ocrx_word' id='word_1_199' title='bbox 733 2090 766 2147; x_wconf 88' lang='lat'>16]</span> 
     </span>
     <span class='ocr_line' id='line_1_27' title="bbox 71 2145 514 2198; baseline 0.002 -14"><span class='ocrx_word' id='word_1_200' title='bbox 71 2145 298 2198; x_wconf 71' lang='lat' dir='ltr'>bentoirtvesydpd&#39;yovot.</span> <span class='ocrx_word' id='word_1_201' title='bbox 313 2146 405 2187; x_wconf 72' lang='lat' dir='ltr'>Irenflcus</span> <span class='ocrx_word' id='word_1_202' title='bbox 432 2145 514 2185; x_wconf 77' lang='lat' dir='ltr'>WOTT.</span> 
     </span>
     <span class='ocr_line' id='line_1_28' title="bbox 72 2199 769 2256; baseline 0.006 -17"><span class='ocrx_word' id='word_1_203' title='bbox 72 2199 153 2241; x_wconf 82' lang='lat' dir='ltr'>IPrsef.</span> <span class='ocrx_word' id='word_1_204' title='bbox 169 2202 179 2253; x_wconf 83' lang='lat'>§</span> <span class='ocrx_word' id='word_1_205' title='bbox 192 2215 209 2247; x_wconf 93' lang='lat'>1,</span> <span class='ocrx_word' id='word_1_206' title='bbox 223 2203 251 2240; x_wconf 82' lang='grc' dir='ltr'>διὰ</span> <span class='ocrx_word' id='word_1_207' title='bbox 263 2205 293 2251; x_wconf 74' lang='grc' dir='ltr'>τῆς</span> <span class='ocrx_word' id='word_1_208' title='bbox 305 2202 405 2254; x_wconf 69' lang='grc' dir='ltr'>πανούργως</span> <span class='ocrx_word' id='word_1_209' title='bbox 462 2214 491 2241; x_wconf 84' lang='grc' dir='ltr'>ιι.</span> <span class='ocrx_word' id='word_1_210' title='bbox 503 2202 531 2241; x_wconf 82' lang='grc' dir='ltr'>διὰ</span> <span class='ocrx_word' id='word_1_211' title='bbox 539 2199 578 2256; x_wconf 82' lang='grc' dir='ltr'>τοῦ]</span> <span class='ocrx_word' id='word_1_212' title='bbox 591 2201 661 2242; x_wconf 89' lang='lat' dir='ltr'>Junius</span> <span class='ocrx_word' id='word_1_213' title='bbox 668 2206 688 2243; x_wconf 86' lang='lat' dir='ltr'>et</span> <span class='ocrx_word' id='word_1_214' title='bbox 693 2202 769 2243; x_wconf 88' lang='lat' dir='ltr'>Boisius</span> 
     </span>
     <span class='ocr_line' id='line_1_29' title="bbox 72 2256 546 2308; baseline 0 -13"><span class='ocrx_word' id='word_1_215' title='bbox 72 2259 225 2307; x_wconf 67' lang='grc' dir='ltr'>συγκεκροτημένος</span> <span class='ocrx_word' id='word_1_216' title='bbox 233 2258 342 2305; x_wconf 63' lang='grc' dir='ltr'>πιθανᾶιγτος</span> <span class='ocrx_word' id='word_1_217' title='bbox 349 2260 404 2308; x_wconf 82' lang='grc' dir='ltr'>παρά·</span> <span class='ocrx_word' id='word_1_218' title='bbox 432 2256 513 2296; x_wconf 76' lang='lat' dir='ltr'>mallent</span> <span class='ocrx_word' id='word_1_219' title='bbox 521 2259 546 2295; x_wconf 83' lang='grc' dir='ltr'>τό.</span> 
     </span>
     <span class='ocr_line' id='line_1_30' title="bbox 70 2308 768 2365; baseline 0.001 -17"><span class='ocrx_word' id='word_1_220' title='bbox 70 2326 123 2360; x_wconf 83' lang='grc' dir='ltr'>γουσι</span> <span class='ocrx_word' id='word_1_221' title='bbox 131 2313 161 2351; x_wconf 80' lang='grc' dir='ltr'>τὸν</span> <span class='ocrx_word' id='word_1_222' title='bbox 170 2316 208 2351; x_wconf 80' lang='grc' dir='ltr'>νοῦν</span> <span class='ocrx_word' id='word_1_223' title='bbox 216 2317 250 2351; x_wconf 82' lang='grc' dir='ltr'>τῶν</span> <span class='ocrx_word' id='word_1_224' title='bbox 258 2313 373 2362; x_wconf 75' lang='grc' dir='ltr'>ἀπειροτέρων.</span> <span class='ocrx_word' id='word_1_225' title='bbox 463 2325 492 2351; x_wconf 83' lang='lat'>12.</span> <span class='ocrx_word' id='word_1_226' title='bbox 497 2311 584 2362; x_wconf 80' lang='grc' dir='ltr'>ταλαίσωρ</span> <span class='ocrx_word' id='word_1_227' title='bbox 589 2308 621 2365; x_wconf 91' lang='grc' dir='ltr'>[οι]</span> <span class='ocrx_word' id='word_1_228' title='bbox 627 2313 716 2362; x_wconf 78' lang='grc' dir='ltr'>ἐσόμεθα]</span> <span class='ocrx_word' id='word_1_229' title='bbox 724 2313 768 2350; x_wconf 80' lang='grc' dir='ltr'>ἐσώ-</span> 
     </span>
     <span class='ocr_line' id='line_1_31' title="bbox 99 2365 768 2419; baseline 0 -15"><span class='ocrx_word' id='word_1_230' title='bbox 99 2379 116 2414; x_wconf 85' lang='grc'>4.</span> <span class='ocrx_word' id='word_1_231' title='bbox 137 2369 169 2404; x_wconf 86' lang='grc' dir='ltr'>Καὶ</span> <span class='ocrx_word' id='word_1_232' title='bbox 184 2368 199 2405; x_wconf 82' lang='grc' dir='ltr'>εἰ</span> <span class='ocrx_word' id='word_1_233' title='bbox 217 2366 361 2415; x_wconf 75' lang='grc' dir='ltr'>μὲν-ἀκούοντες</span> <span class='ocrx_word' id='word_1_234' title='bbox 375 2369 405 2405; x_wconf 81' lang='grc' dir='ltr'>αὐ·</span> <span class='ocrx_word' id='word_1_235' title='bbox 432 2367 475 2415; x_wconf 83' lang='grc' dir='ltr'>μεθα</span> <span class='ocrx_word' id='word_1_236' title='bbox 489 2366 540 2419; x_wconf 81' lang='lat' dir='ltr'>apud</span> <span class='ocrx_word' id='word_1_237' title='bbox 553 2365 688 2415; x_wconf 73' lang='lat' dir='ltr'>Colomesium,</span> <span class='ocrx_word' id='word_1_238' title='bbox 700 2380 725 2406; x_wconf 79' lang='lat' dir='ltr'>ex</span> <span class='ocrx_word' id='word_1_239' title='bbox 738 2366 768 2405; x_wconf 88' lang='lat' dir='ltr'>in·</span> 
     </span>
     <span class='ocr_line' id='line_1_32' title="bbox 71 2419 767 2475; baseline 0.004 -18"><span class='ocrx_word' id='word_1_240' title='bbox 71 2419 120 2475; x_wconf 69' lang='lat' dir='ltr'>roa]</span> <span class='ocrx_word' id='word_1_241' title='bbox 132 2421 187 2461; x_wconf 81' lang='lat' dir='ltr'>Haec</span> <span class='ocrx_word' id='word_1_242' title='bbox 199 2435 223 2462; x_wconf 82' lang='lat' dir='ltr'>ex</span> <span class='ocrx_word' id='word_1_243' title='bbox 231 2420 346 2474; x_wconf 79' lang='lat' dir='ltr'>Apocryphu</span> <span class='ocrx_word' id='word_1_244' title='bbox 356 2435 403 2473; x_wconf 83' lang='lat' dir='ltr'>qus·</span> <span class='ocrx_word' id='word_1_245' title='bbox 433 2420 486 2460; x_wconf 85' lang='lat' dir='ltr'>curia</span> <span class='ocrx_word' id='word_1_246' title='bbox 495 2433 601 2473; x_wconf 83' lang='lat' dir='ltr'>operarum,</span> <span class='ocrx_word' id='word_1_247' title='bbox 611 2425 634 2461; x_wconf 87' lang='lat' dir='ltr'>nt</span> <span class='ocrx_word' id='word_1_248' title='bbox 642 2420 724 2470; x_wconf 83' lang='lat' dir='ltr'>videtur,</span> <span class='ocrx_word' id='word_1_249' title='bbox 734 2434 767 2460; x_wconf 83' lang='lat' dir='ltr'>no-</span> 
     </span>
     <span class='ocr_line' id='line_1_33' title="bbox 71 2474 767 2529; baseline 0.004 -16"><span class='ocrx_word' id='word_1_250' title='bbox 71 2474 229 2529; x_wconf 79' lang='lat' dir='ltr'>damScriptura</span> <span class='ocrx_word' id='word_1_251' title='bbox 244 2477 331 2517; x_wconf 83' lang='lat' dir='ltr'>desumto</span> <span class='ocrx_word' id='word_1_252' title='bbox 346 2477 404 2517; x_wconf 85' lang='lat' dir='ltr'>fuisse</span> <span class='ocrx_word' id='word_1_253' title='bbox 433 2479 481 2521; x_wconf 88' lang='lat' dir='ltr'>tum,</span> <span class='ocrx_word' id='word_1_254' title='bbox 504 2475 624 2515; x_wconf 85' lang='lat' dir='ltr'>retinuerunt</span> <span class='ocrx_word' id='word_1_255' title='bbox 642 2475 727 2516; x_wconf 80' lang='lat' dir='ltr'>Clericus</span> <span class='ocrx_word' id='word_1_256' title='bbox 747 2480 767 2516; x_wconf 86' lang='lat' dir='ltr'>et</span> 
     </span>
     <span class='ocr_line' id='line_1_34' title="bbox 70 2531 537 2582; baseline 0.002 -14"><span class='ocrx_word' id='word_1_257' title='bbox 70 2531 191 2582; x_wconf 77' lang='lat' dir='ltr'>suspicantur</span> <span class='ocrx_word' id='word_1_258' title='bbox 204 2532 320 2571; x_wconf 86' lang='lat' dir='ltr'>Vendelinus</span> <span class='ocrx_word' id='word_1_259' title='bbox 333 2536 354 2572; x_wconf 92' lang='lat' dir='ltr'>et</span> <span class='ocrx_word' id='word_1_260' title='bbox 368 2531 406 2571; x_wconf 77' lang='lat'>00-</span> <span class='ocrx_word' id='word_1_261' title='bbox 433 2531 537 2570; x_wconf 84' lang='lat' dir='ltr'>Russelius</span> 
     </span>
     <span class='ocr_line' id='line_1_35' title="bbox 71 2583 767 2639; baseline 0.003 -17"><span class='ocrx_word' id='word_1_262' title='bbox 71 2583 165 2627; x_wconf 77' lang='lat' dir='ltr'>lomesius.</span> <span class='ocrx_word' id='word_1_263' title='bbox 459 2585 484 2624; x_wconf 85' lang='lat' dir='ltr'>ib.</span> <span class='ocrx_word' id='word_1_264' title='bbox 498 2586 547 2635; x_wconf 80' lang='grc' dir='ltr'>Λέγει</span> <span class='ocrx_word' id='word_1_265' title='bbox 560 2586 594 2635; x_wconf 83' lang='grc' dir='ltr'>γὰρ</span> <span class='ocrx_word' id='word_1_266' title='bbox 608 2587 635 2622; x_wconf 83' lang='grc' dir='ltr'>καὶ</span> <span class='ocrx_word' id='word_1_267' title='bbox 648 2600 662 2622; x_wconf 85' lang='grc' dir='ltr'>κ.</span> <span class='ocrx_word' id='word_1_268' title='bbox 672 2601 687 2624; x_wconf 87' lang='grc' dir='ltr'>τ,</span> <span class='ocrx_word' id='word_1_269' title='bbox 698 2583 725 2639; x_wconf 88' lang='grc' dir='ltr'>λ.]</span> <span class='ocrx_word' id='word_1_270' title='bbox 742 2585 767 2624; x_wconf 86' lang='lat' dir='ltr'>In</span> 
     </span>
     <span class='ocr_line' id='line_1_36' title="bbox 99 2639 766 2696; baseline -0.001 -15"><span class='ocrx_word' id='word_1_271' title='bbox 99 2650 116 2689; x_wconf 87' lang='lat'>5.</span> <span class='ocrx_word' id='word_1_272' title='bbox 127 2639 313 2696; x_wconf 60' lang='lat' dir='ltr'>nansciscendum]</span> <span class='ocrx_word' id='word_1_273' title='bbox 326 2642 404 2681; x_wconf 90' lang='lat' dir='ltr'>Nomen</span> <span class='ocrx_word' id='word_1_274' title='bbox 432 2640 481 2680; x_wconf 80' lang='lat' dir='ltr'>Edd.</span> <span class='ocrx_word' id='word_1_275' title='bbox 498 2644 543 2680; x_wconf 80' lang='lat' dir='ltr'>anie</span> <span class='ocrx_word' id='word_1_276' title='bbox 556 2640 670 2680; x_wconf 77' lang='lat' dir='ltr'>Wottonum</span> <span class='ocrx_word' id='word_1_277' title='bbox 686 2641 713 2678; x_wconf 81' lang='grc' dir='ltr'>καί</span> <span class='ocrx_word' id='word_1_278' title='bbox 727 2653 766 2680; x_wconf 85' lang='lat' dir='ltr'>non</span> 
     </span>
     <span class='ocr_line' id='line_1_37' title="bbox 71 2695 507 2749; baseline 0.002 -17"><span class='ocrx_word' id='word_1_279' title='bbox 71 2696 402 2749; x_wconf 58' lang='lat' dir='ltr'>«assuritanohabesspudrgnaa</span> <span class='ocrx_word' id='word_1_280' title='bbox 431 2695 507 2747; x_wconf 84' lang='lat' dir='ltr'>legitur.</span> 
     </span>
     <span class='ocr_line' id='line_1_38' title="bbox 71 2746 765 2804; baseline 0.001 -16"><span class='ocrx_word' id='word_1_281' title='bbox 71 2748 106 2801; x_wconf 78' lang='lat' dir='ltr'>Ep.</span> <span class='ocrx_word' id='word_1_282' title='bbox 124 2751 149 2790; x_wconf 84' lang='lat' dir='ltr'>ad</span> <span class='ocrx_word' id='word_1_283' title='bbox 164 2752 236 2792; x_wconf 76' lang='lat' dir='ltr'>Philad.</span> <span class='ocrx_word' id='word_1_284' title='bbox 255 2753 264 2804; x_wconf 66' lang='grc' dir='ltr'><strong>ξ</strong></span> <span class='ocrx_word' id='word_1_285' title='bbox 281 2765 298 2801; x_wconf 79' lang='lat'>2,</span> <span class='ocrx_word' id='word_1_286' title='bbox 315 2756 334 2792; x_wconf 76' lang='lat' dir='ltr'>et</span> <span class='ocrx_word' id='word_1_287' title='bbox 352 2751 404 2803; x_wconf 74' lang='lat' dir='ltr'>apud</span> <span class='ocrx_word' id='word_1_288' title='bbox 461 2763 490 2800; x_wconf 85' lang='lat'>13.</span> <span class='ocrx_word' id='word_1_289' title='bbox 501 2746 681 2802; x_wconf 55' lang='lat' dir='ltr'>Tutatiopoiedw]</span> <span class='ocrx_word' id='word_1_290' title='bbox 694 2747 718 2803; x_wconf 88' lang='lat' dir='ltr'>oi]</span> <span class='ocrx_word' id='word_1_291' title='bbox 736 2748 765 2789; x_wconf 66' lang='lat' dir='ltr'>(if.</span> 
     </span>
     <span class='ocr_line' id='line_1_39' title="bbox 71 2803 755 2857; baseline 0.001 -14"><span class='ocrx_word' id='word_1_292' title='bbox 71 2803 164 2857; x_wconf 85' lang='lat' dir='ltr'>Epiphan.</span> <span class='ocrx_word' id='word_1_293' title='bbox 173 2807 231 2847; x_wconf 79' lang='lat' dir='ltr'>Hser.</span> <span class='ocrx_word' id='word_1_294' title='bbox 239 2807 286 2847; x_wconf 80' lang='lat' dir='ltr'>xxvi</span> <span class='ocrx_word' id='word_1_295' title='bbox 296 2821 314 2857; x_wconf 86' lang='lat'>4,</span> <span class='ocrx_word' id='word_1_296' title='bbox 322 2806 376 2847; x_wconf 81' lang='lat' dir='ltr'>xxvii</span> <span class='ocrx_word' id='word_1_297' title='bbox 384 2820 401 2855; x_wconf 86' lang='lat'>4.</span> <span class='ocrx_word' id='word_1_298' title='bbox 431 2804 492 2856; x_wconf 81' lang='lat' dir='ltr'>Epist.</span> <span class='ocrx_word' id='word_1_299' title='bbox 507 2816 547 2855; x_wconf 81' lang='lat' dir='ltr'>sup.</span> <span class='ocrx_word' id='word_1_300' title='bbox 564 2804 616 2855; x_wconf 80' lang='lat'>§23,</span> <span class='ocrx_word' id='word_1_301' title='bbox 630 2817 648 2855; x_wconf 92' lang='lat' dir='ltr'>p.</span> <span class='ocrx_word' id='word_1_302' title='bbox 661 2816 699 2842; x_wconf 90' lang='lat'>100</span> <span class='ocrx_word' id='word_1_303' title='bbox 713 2804 725 2844; x_wconf 88' lang='lat' dir='ltr'>l.</span> <span class='ocrx_word' id='word_1_304' title='bbox 738 2817 755 2844; x_wconf 87' lang='lat'>2.</span> 
     </span>
     <span class='ocr_line' id='line_1_40' title="bbox 99 2856 767 2916; baseline 0.003 -18"><span class='ocrx_word' id='word_1_305' title='bbox 99 2862 116 2900; x_wconf 91' lang='lat'>6.</span> <span class='ocrx_word' id='word_1_306' title='bbox 133 2862 216 2902; x_wconf 74' lang='grc' dir='ltr'>ἀναιτίους</span> <span class='ocrx_word' id='word_1_307' title='bbox 232 2859 305 2916; x_wconf 65' lang='lat' dir='ltr'>texts]</span> <span class='ocrx_word' id='word_1_308' title='bbox 323 2861 403 2902; x_wconf 76' lang='lat' dir='ltr'>indubi-</span> <span class='ocrx_word' id='word_1_309' title='bbox 460 2872 489 2908; x_wconf 67' lang='grc' dir='ltr'>ιι.</span> <span class='ocrx_word' id='word_1_310' title='bbox 509 2861 525 2896; x_wconf 82' lang='grc' dir='ltr'>οἱ</span> <span class='ocrx_word' id='word_1_311' title='bbox 540 2856 635 2912; x_wconf 62' lang='lat' dir='ltr'>levones]</span> <span class='ocrx_word' id='word_1_312' title='bbox 655 2858 704 2898; x_wconf 85' lang='lat' dir='ltr'>Edd.</span> <span class='ocrx_word' id='word_1_313' title='bbox 721 2863 767 2900; x_wconf 84' lang='lat' dir='ltr'>ante</span> 
     </span>
     <span class='ocr_line' id='line_1_41' title="bbox 70 2913 650 2969; baseline 0 -16"><span class='ocrx_word' id='word_1_314' title='bbox 70 2917 135 2955; x_wconf 83' lang='lat' dir='ltr'>tanter</span> <span class='ocrx_word' id='word_1_315' title='bbox 146 2916 191 2956; x_wconf 88' lang='lat' dir='ltr'>dedi</span> <span class='ocrx_word' id='word_1_316' title='bbox 203 2917 254 2968; x_wconf 89' lang='lat' dir='ltr'>quod</span> <span class='ocrx_word' id='word_1_317' title='bbox 264 2917 367 2969; x_wconf 80' lang='lat' dir='ltr'>legendum</span> <span class='ocrx_word' id='word_1_318' title='bbox 375 2916 404 2956; x_wconf 93' lang='lat' dir='ltr'>vi·</span> <span class='ocrx_word' id='word_1_319' title='bbox 431 2914 491 2954; x_wconf 84' lang='lat' dir='ltr'>Wott.</span> <span class='ocrx_word' id='word_1_320' title='bbox 506 2916 522 2952; x_wconf 81' lang='grc' dir='ltr'>οἱ</span> <span class='ocrx_word' id='word_1_321' title='bbox 535 2915 554 2951; x_wconf 80' lang='grc' dir='ltr'>δὲ</span> <span class='ocrx_word' id='word_1_322' title='bbox 567 2913 650 2963; x_wconf 79' lang='grc' dir='ltr'>λέγοντες.</span> 
     </span>
     <span class='ocr_line' id='line_1_42' title="bbox 70 2966 767 3023; baseline 0.003 -14"><span class='ocrx_word' id='word_1_323' title='bbox 70 2968 139 3011; x_wconf 85' lang='lat' dir='ltr'>derunt</span> <span class='ocrx_word' id='word_1_324' title='bbox 149 2971 173 3010; x_wconf 84' lang='lat' dir='ltr'>od</span> <span class='ocrx_word' id='word_1_325' title='bbox 182 2985 242 3011; x_wconf 86' lang='lat' dir='ltr'>unum</span> <span class='ocrx_word' id='word_1_326' title='bbox 251 2972 345 3012; x_wconf 84' lang='lat' dir='ltr'>Editores.</span> <span class='ocrx_word' id='word_1_327' title='bbox 368 2970 403 3011; x_wconf 82' lang='lat' dir='ltr'>Ju-</span> <span class='ocrx_word' id='word_1_328' title='bbox 461 2979 489 3019; x_wconf 86' lang='lat'>15.</span> <span class='ocrx_word' id='word_1_329' title='bbox 501 2969 528 3008; x_wconf 80' lang='grc' dir='ltr'>ἐνὶ</span> <span class='ocrx_word' id='word_1_330' title='bbox 537 2974 570 3008; x_wconf 83' lang='grc' dir='ltr'>τῶν</span> <span class='ocrx_word' id='word_1_331' title='bbox 578 2966 767 3023; x_wconf 68' lang='grc' dir='ltr'>ποτ[έ]ρων]ὖοιιὶαε</span> 
     </span>
    </p>
   </div>
   <div class='ocr_carea' id='block_1_4' title="bbox 0 0 970 3420">
    <p class='ocr_par' dir='ltr' id='par_1_5' title="bbox 0 0 970 3420">
     <span class='ocr_line' id='line_1_43' title="bbox 0 0 970 3420; baseline 0 1"><span class='ocrx_word' id='word_1_332' title='bbox 0 0 970 3420; x_wconf 95' lang='lat' dir='ltr'> </span> 
     </span>
    </p>
   </div>
  </div>
 </body>
</html>
