2017 3420
153 234 181 278 78

124 322 127 327 ·
154 344 262 392 Λαμπριίπης.
285 345 384 393 λαμπρότης
393 342 411 380 έν
420 342 533 391 δικαιοσύνη.-

182 396 307 446 Olem.135.

155 451 251 489 Λανθάνειν.
279 452 329 489 οὐδέν
342 451 415 499 λέληθεν
428 453 480 490 αὐτὸν
491 456 526 490 τῶν

183 506 250 544 ἐννοιῶν
258 506 311 553 ἡμῶν.
324 505 383 544 Olem.
395 505 406 544 I
417 518 447 545 21.
476 507 526 544 οὐδὲν

182 559 255 607 λέληθεν
277 561 307 607 τὴν
329 561 395 608 βουλίην
418 561 475 598 αὐτοῦ.
494 567 524 609 27.

118 612 120 615 ’
180 612 213 651 Ὧν
220 615 269 651 οὐδὲν
275 615 354 652 λανθάνει
363 616 412 662 ύμᾶς.
424 614 467 666 Igu.
475 614 524 665 Eph.

185 680 215 716 14.
248 668 301 705 Οὐδὲν
316 669 396 706 λανθάνει
411 670 441 706 τὸν
457 670 526 718 Κνρίον.

186 731 216 771 15.
245 723 278 759 Καὶ
290 721 353 760 ’έλαθεν
365 725 396 761 τὸν
409 724 484 773 ίίρχοντα
497 727 527 761 τοῦ

183 778 243 815 αἰῶνος
261 776 327 814 τούτου.
344 789 373 826 19.
409 779 436 814 καλ
454 777 528 824 λέληθεν

184 833 235 869 αὐτὸν
245 831 297 868 ούδέν.
313 830 376 881 Polyo.
388 830 436 869 Phil.
448 845 466 879 4.
491 830 528 868 Ἦν

183 887 218 934 γὰρ
238 886 265 922 καὶ
287 885 370 922 ἀδύνατον
390 886 450 923 λαθεῖν
470 886 525 923 αὐτόν.

184 939 242 978 Mart.
253 938 316 989 Polyc.
329 939 346 977 6.

156 996 205 1032 Λαάς.
238 994 301 1042 ἔκρινεν
319 995 329 1029 ὁ
347 993 390 1030 θεὸς
408 994 451 1030 λαὸν
468 994 525 1030 αύταῦ.

184 1047 243 1086 Olem.
255 1046 305 1096 117.
334 1049 365 1083 τοῦ
378 1048 422 1083 λαοῦ
433 1050 464 1084 ταῦ
478 1048 526 1086 άντος

183 1102 201 1138 έν
210 1103 328 1151 σνγκλεισμῷ.
342 1108 373 1149 55.
403 1100 487 1150 ἐρρύσατο
497 1103 526 1139 τὸν

182 1157 230 1199 λαὸν,
250 1156 273 1192 ὧν
290 1156 341 1204 χάριν
359 1154 478 1194 ἐκινδύνευσεν.
499 1155 523 1193 ib.

183 1211 211 1247 καὶ
226 1210 269 1258 ἡμᾶς
284 1209 304 1246 δι’
316 1210 368 1246 αὐτοῦ
383 1211 407 1247 είς
420 1211 464 1247 λαὸν
477 1225 525 1259 περι-

183 1264 248 1302 ούσιον.
264 1265 294 1311 58.
333 1264 394 1312 έρημος
412 1264 466 1301 ε’δάκει
484 1262 525 1302 εἶναι

183 1319 217 1356 άπὸ
229 1321 260 1355 τοῦ
271 1320 316 1354 θεοῦ
329 1319 339 1354 ὁ
351 1318 394 1356 λαὸς
407 1317 459 1365 ἡμῶν.
473 1317 496 1355 Π
507 1330 523 1356 2.

184 1375 193 1409 ὁ
202 1370 243 1411 λαός
251 1388 285 1420 μου
294 1372 421 1410 ἀκαταστασίας
429 1402 432 1410 .
441 1403 445 1410 .
453 1400 457 1409 .
466 1374 524 1421 έσχεν,

186 1439 215 1464 II·

156 1481 234 1529 Λατρεία.
272 1481 287 1517 εί
304 1480 327 1527 μὴ
345 1480 376 1527 τὴν
391 1484 425 1518 τῶν
443 1482 526 1529 δαιμόνων

184 1536 242 1572 ἕλοιτο
250 1535 336 1584 λατρείαν.
352 1533 410 1572 Mart.
420 1534 463 1585 Ign.
476 1547 493 1573 2.

157 1589 250 1639 Λατμεύειν.
275 1590 392 1638 λατρενάντων
401 1592 425 1640 τῷ
436 1590 525 1640 παναρέτῳ

183 1644 252 1692 ὀνόματι
267 1644 325 1681 αὐτοῦ.
342 1641 401 1681 Clem.
416 1644 425 1681 Ι
439 1652 468 1691 45.
501 1647 525 1694 τῷ

184 1699 260 1748 διαβόλῳ
268 1697 352 1746 λατρεύει.
366 1696 408 1747 Igu.
420 1695 496 1748 Smyrn.
506 1709 523 1746 9.

183 1750 198 1803 ᾧ
219 1754 268 1790 πᾶσα
290 1752 332 1798 πνοὴ
355 1751 438 1800 λατρεύει.
460 1750 523 1802 Polyc.

185 1805 232 1845 Phil.
245 1818 262 1843 2.

158 1861 222 1911 Λέγειν.
242 1860 272 1897 Ἐν
281 1862 305 1909 τῷ
313 1862 368 1909 τηοιεῖν
376 1858 387 1896 ἃ
396 1859 449 1909 λέγει.
463 1858 523 1899 Olem.

185 1914 208 1952 Π
219 1927 235 1963 3.
264 1915 312 1963 λέγει
321 1915 340 1951 δὲ
349 1914 381 1951 καί.
396 1912 421 1952 ib.
433 1913 466 1952 ύίε.
495 1916 524 1951 λέ-

185 1985 212 2017 γει
225 1969 264 2018 γάρ.
279 1981 296 2015 4.
326 1967 375 2016 Λέγει
388 1968 422 2017 γὰρ
434 1971 444 2004 ὁ
457 1968 524 2017 Κύριος.

186 2031 204 2071 5,
214 2024 231 2061 8.
252 2020 280 2060 Of.
290 2022 307 2059 6.
318 2025 338 2059 εί]
348 2020 370 2059 II
381 2022 425 2070 6,8.
448 2023 497 2072 Λέγει
507 2024 526 2059 δέ

186 2079 213 2114 καί
229 2078 238 2124 ἡ
254 2076 319 2125 γραφή.
336 2075 353 2113 6.
392 2076 425 2112 Καὶ
443 2077 462 2113 έν
475 2077 526 2127 έτέρηι

185 2134 233 2181 τάπερ
247 2130 300 2178 λέγει.
315 2130 332 2167 8.
364 2130 414 2179 Λέγει
427 2131 460 2178 γὰρ
475 2132 526 2180 αὐτῷ.

188 2197 217 2223 10.
260 2184 311 2234 Λέγει
330 2184 363 2233 γὰρ
381 2185 401 2220 τά
419 2187 488 2231 Πνεῦμα
506 2185 526 2220 τά

183 2239 248 2289 Ἄγιον.
266 2249 296 2287 13.
330 2238 378 2286 λέγει
392 2239 425 2287 γάρ
439 2253 479 2275 που.
496 2246 526 2285 15,

187 2306 217 2342 21,
227 2294 257 2340 26,
267 2294 297 2330 28.
328 2293 360 2328 Καὶ
369 2294 422 2330 πάλιν
430 2290 483 2341 λέγει.
495 2300 526 2340 15,

187 2356 217 2397 17,
228 2357 259 2396 52,
270 2347 301 2395 56.
337 2346 411 2395 λέγομεν
425 2347 444 2382 δέ
458 2346 525 2384 Ἠλίαν,

187 2411 216 2452 17.
245 2403 273 2439 καὶ
281 2401 334 2451 λέγει,
345 2401 429 2446 ἀτενίζων.
443 2399 468 2437 ib.
498 2400 526 2436 λέ-

184 2473 211 2506 γει
224 2458 267 2506 πρὸς
279 2457 308 2493 τάν
319 2458 367 2492 Θεόν.
385 2456 414 2493 18.
444 2454 454 2502 ἦ
466 2455 526 2503 γραφὴ

185 2511 232 2558 αύτη.
248 2511 291 2549 ὅπου
304 2511 356 2559 λέγει.
374 2522 404 2558 23.
433 2509 464 2556 τὴν
476 2511 526 2558 λεγο-

184 2567 235 2616 μένην
243 2564 361 2602 Ἣλιούπολιν.
378 2571 408 2612 25.
429 2563 477 2612 λέγει
485 2564 525 2612 γάρ.

186 2635 217 2671 30.
229 2633 260 2670 34›
274 2618 325 2666 114·
355 2618 405 2668 Λὲνει
417 2619 450 2668 νὺν
461 2618 471 2665 ἡ
484 2633 526 2667 ινα-

184 2677 216 2725 φη.
227 2687 258 2725 34,
267 2683 298 2723 35.
314 2672 343 2711 Of.
354 2672 377 2710 Π
388 2673 405 2710 6.
430 2672 484 2710 ούτως
492 2672 527 2721 γάρ

184 2746 218 2769 που
234 2729 280 2779 λέγει
296 2729 306 2775 ἠ
322 2727 389 2777 γραφη.
405 2739 436 2775 42.
468 2725 526 2764 Οὕτως

184 2787 217 2835 γὰρ
227 2784 274 2833 λέγει
286 2784 296 2831 ἡ
308 2783 401 2831 πανάρετος
415 2779 477 2830 σοφία.
494 2787 525 2829 57.

184 2844 234 2877 τοῦτο
244 2840 297 2888 λέγει.
312 2836 335 2875 Π
347 2848 364 2880 2,
372 2836 405 2879 bis,
418 2848 447 2874 12.
477 2835 527 2884 ἑτέρα

185 2896 203 2932 δέ
213 2893 273 2944 γραφὴ
282 2892 336 2941 λέγει.
351 2890 376 2929 ib.
405 2890 455 2940 Λέγει
468 2890 486 2926 δέ
499 2891 526 2927 καὶ

185 2951 241 2988 αὐτός,
255 2961 272 2997 3.
315 2946 365 2996 Λέγει
383 2946 401 2982 δὲ
421 2947 448 2982 καὶ
466 2945 484 2981 έν
501 2947 526 2994 τῷ

183 3002 253 3050 Ἠσαίᾳ.
267 3001 292 3040 ib.
322 3001 376 3038 Οὗτος
384 3000 432 3048 λέγει
442 2999 525 3046 μοιχείαν.

185 3060 202 3096 6.
221 3056 266 3105 ’Apa
275 3056 304 3093 οὖν
313 3059 364 3092 τοῦτο
372 3055 431 3103 λέγει;
446 3054 463 3091 8.
493 3054 525 3089 Καὶ

409 232 508 276 INDEX
522 232 696 275 VERBORUM

579 345 602 392 μη
611 344 676 394 λεγέτω
685 359 711 383 τις
720 345 771 392 ὑμῶν.
787 356 805 392 9,
830 341 879 392 Λέγει
887 344 921 392 γὰρ

580 400 607 436 καὶ
616 401 626 435 ὀ
634 399 741 448 προφητικὸς
752 399 810 447 λόγος.
828 409 858 436 11.
884 403 922 447 ,Τα-

580 453 664 502 λαίπαροί
677 454 745 492 εἶσιν..
755 454 783 490 ,οἱ
796 452 880 502 λέγοντες.
895 450 920 490 ib.

580 508 611 554 τὴν
625 506 687 557 ψυχὴν
700 507 753 556 λέγει.
770 518 800 543 12.
836 507 856 543 τὸ
873 510 923 554 σῶμα

580 561 634 611 λέγει.
649 560 674 600 ib.
703 562 723 598 τύ
732 562 774 598 αὐτὸ
785 560 847 609 λέγητε
856 561 923 598 πάντες.

581 614 624 666 Ign.
635 614 690 666 Eph:
699 628 715 653 2.
744 616 773 652 ε’ὰν
785 617 795 651 ὁ
810 613 866 664 λέγων
876 617 923 661 ποιῇ.

584 678 613 718 15.
642 669 725 718 καύχησις
734 673 768 707 τῶν
775 668 873 717 λεγομένων
882 683 923 706 συν-

582 728 635 767 ετῶνι
651 726 680 762 18.
716 726 732 761 οἱ
749 725 783 772 γὰρ
798 723 877 771 λέγοντές
895 737 925 770 μοι

581 779 697 827 μαστιγοῦσίν
714 794 741 826 με.
759 776 817 815 ΤΓαῙΙ.
833 792 850 824 4.
894 777 925 813 οὐκ

582 831 629 878 ἄξιός
644 833 677 880 εἶμι
691 833 780 881 λέγεσθαι.
798 843 827 880 13.
861 830 887 869 ἴνα
902 831 925 878 μὴ

581 888 633 934 μόνον
641 887 693 935 λέγω,
704 887 750 923 ἀλλὰ
762 887 789 923 καὶ
801 886 852 922 θέλω.
867 885 923 923 Rom.

582 951 600 988 3.
629 940 705 988 λέγωμαι
720 941 828 989 Χριστιανός.
843 939 868 977 ib.
898 940 925 976 καὶ

580 994 663 1042 λέγεσθαι
676 993 750 1040 δύναμιν.
765 993 791 1032 ib.
820 994 885 1031 έσεοθέν
894 1008 924 1041 μοι

580 1048 637 1096 λέγον.
653 1055 670 1096 7.
700 1050 802 1096 φανερώσει,
816 1046 842 1084 ὅτι
856 1048 923 1094 άληθῶς

579 1101 630 1150 λέγω.
647 1103 664 1140 8,
691 1102 793 1150 αἰσχύνομαι
802 1102 822 1148 ἐξ
830 1103 885 1139 αὐτῶν
893 1102 922 1138 λέ·

580 1156 647 1205 γεσθαι.
664 1169 681 1205 9.
712 1157 735 1195 ὡς
748 1156 922 1206 προειδότα...λέγειν

580 1213 639 1248 ταῦτα.
652 1209 725 1248 Philad.
736 1218 753 1259 7.
782 1210 882 1259 ε’κίηρνσσεν,
892 1210 921 1247 λέ-

579 1279 615 1313 γων
623 1265 669 1303 τάδε.
680 1263 705 1302 ib.
730 1266 795 1312 ἤκουσά
804 1279 853 1302 τινων
861 1265 921 1314 λεγόν-

579 1333 619 1356 των.
635 1319 652 1357 8.
681 1318 762 1367 λέγοντός
774 1334 807 1366 μου
821 1319 882 1362 αὐτοῖς,
895 1318 921 1355 ὅτι

579 1372 679 1422 γέγραπται.
698 1371 722 1411 ib.
768 1374 828 1423 ὥσπερ
851 1372 922 1410 ἄπιστοί

579 1441 624 1465 τινες
634 1427 720 1476 λέγουσιν.
736 1425 811 1477 Smyrn.
824 1439 841 1465 2.
859 1427 889 1462 ’Ὁ
902 1427 921 1463 δέ

580 1483 630 1518 τοῦτο
639 1481 662 1528 μὴ
670 1480 731 1530 λέγων.
744 1489 762 1528 5.
791 1482 821 1520 τὰς
829 1483 921 1530 λεγομένας

579 1534 638 1584 χήρας.
656 1546 685 1583 13.
714 1538 752 1573 Πᾶς
760 1539 770 1572 ὁ
778 1535 844 1585 λέγων,
853 1566 856 1573 .
865 1536 921 1585 ,παρὰ

579 1590 601 1626 τὰ
613 1589 739 1639 διατεταγμένα.
754 1589 830 1640 Fl'agm.
839 1588 865 1627 ix.
894 1591 921 1627 καὶ

579 1643 622 1692 λέγῃ
631 1643 673 1691 μήτε
681 1644 781 1682 ἀνάστασιν.
797 1643 860 1695 Polye.
871 1642 920 1682 Phil.

580 1705 597 1746 7.
617 1699 650 1734 Τὸν
659 1697 778 1747 σταυρωθέντα
787 1698 849 1748 λέγεις.
862 1696 920 1737 Mar&

580 1750 623 1802 Igu.
636 1763 652 1790 2.
689 1753 719 1789 τὸν
735 1753 753 1789 έν
771 1754 824 1803 έανπῷ
842 1752 922 1802 λέγονται

532 1815 538 1820 ”
579 1806 683 1855 περιφέρειν.
698 1804 723 1844 ib.
754 1807 787 1843 Καὶ
801 1809 854 1843 ταῦτα
867 1805 921 1845 οὕτως

579 1861 647 1909 έλεγεν.
659 1872 676 1907 4.
703 1862 729 1897 καί
738 1860 811 1910 λέγουσι
821 1860 921 1898 καταπαύειν

579 1915 609 1951 τὸν
616 1915 674 1961 δῆμον.
686 1914 703 1951 6.
723 1914 733 1960 ἡ
742 1915 825 1964 λεγομένη
835 1944 851 1953 ,.
861 1930 921 1963 ,τρισ-

580 1969 671 2016 καιδεκάτη.
686 1967 712 2006 ib.
742 1969 823 2018 λέγοντος
839 1969 869 2015 τὴν
884 1969 922 2015 ἡλι-

580 2023 617 2060 κίαν
626 2024 677 2060 αὐτοῦ
687 2026 803 2071 κατοικτεῖραι.
819 2021 876 2061 Mart.
885 2022 922 2060 Po-

580 2075 616 2126 lyo.
630 2090 647 2125 3.
681 2077 747 2114 ἔπειθον
762 2077 921 2126 παρακαθεζόμεναι,

580 2132 607 2167 καὶ
616 2131 701 2179 λέγοντες.
712 2132 729 2168 8.
754 2131 820 2168 ἔπειθεν
829 2131 921 2180 ἀρνεῖσθαι,

580 2184 641 2233 λέγων.
653 2197 670 2233 9.
698 2186 721 2223 ὣς
734 2185 773 2223 έθος
788 2186 844 2223 αὐτοῖς
858 2185 921 2234 λέγειν.

581 2236 606 2276 ib.
635 2239 720 2287 λέγοντος,
726 2237 811 2286 ίΟμοσον.
825 2237 850 2277 ib.
861 2241 881 2277 eb
890 2252 920 2277 10.

581 2293 604 2329 ὡς
617 2293 640 2328 σύ
654 2292 716 2340 λέγεις.
729 2304 758 2329 10.
790 2292 839 2329 έίλλα
851 2294 922 2330 πλείονα

580 2346 641 2395 λέγων.
657 2357 687 2384 Ι2.
715 2346 828 2395 ταραχθέντος
841 2348 874 2384 ὑπὸ
889 2351 923 2385 τῶν

581 2400 677 2449 λεγομένων
685 2402 728 2449 πρὸς
737 2402 793 2438 αὐτόν.
806 2400 832 2438 ib.
857 2401 922 2439 Τούτου

581 2455 671 2502 λεχθέντος
692 2455 726 2492 ὑπὸ
747 2457 778 2491 τοῦ
800 2454 876 2505 κηρύκος.
894 2455 919 2494 ib.

581 2511 637 2545 Ταῦτα
644 2510 730 2557 λέγοντες.
740 2510 821 2554 ἐπεβόων.
833 2509 858 2548 ib.
881 2511 921 2547 θᾶτ-

581 2577 610 2600 τον
619 2566 649 2599 τοῦ
658 2564 745 2611 λεχθῆναι,
758 2576 788 2612 13.

555 2617 627 2654 Λείπειν,
654 2619 712 2655 πολλὰ
725 2620 759 2667 γὰρ
772 2618 811 2666 ἡμῖν
823 2619 882 2662 λείπει,
894 2619 921 2657 ἵνα

581 2674 625 2724 θεοΐι
634 2672 657 2719 μὴ
666 2673 769 2719 λειπῶμεθα.
784 2671 892 2723 Ign.T1'all.
902 2681 923 2721 5:

581 2724 627 2763 ύπως
650 2727 721 2773 μηδενὸς
744 2727 801 2774 λείπῃ,
821 2726 884 2777 Polyc.
903 2722 920 2766 2.

581 2780 681 2826 νομίσαντος
697 2782 722 2818 ’ἔτι
739 2782 804 2819 λείπειν
818 2782 863 2832 αύτῷ
879 2783 922 2832 πρὸς

581 2836 639 2871 πᾶσαν
647 2834 738 2885 ύποταγην.
751 2835 809 2873 Mart.
820 2835 863 2886 Ign.
876 2848 892 2874 2.

554 2892 678 2927 Λειποτακτεῖν.
705 2890 728 2937 μὴ
746 2892 861 2928 λειποτακτεῖν
879 2891 921 2938 ἡμᾶς

581 2942 615 2980 άπὸ
630 2947 661 2980 τοῦ
677 2944 771 2992 θελήματος
786 2945 842 2982 αὐτοῦ.
860 2943 919 2984 Olem.

581 2996 633 3036 121.

553 3055 665 3101 Λειτουργεῖν.
682 3054 794 3101 ’Λτενίσωμεν
806 3055 829 3091 εἷς
841 3054 880 3093 τούς
892 3070 919 3091 τε-
