1931 3420
292 224 346 267 ὀυ
366 225 591 295 υοαυιυαοαυυι.
639 211 640 214 ’

805 228 833 273 93

100 340 143 392 Igu.
165 351 180 378 1.
210 339 318 388 ἐγεγόνεισαν
335 340 368 389 γὰρ
386 341 438 377 πάλαι
492 344 609 389 παντεπόπτης
625 344 672 381 Θεός.
689 343 719 390 58.
752 342 831 390 δεήσεσιν

99 395 176 444 μαθηταί.
188 405 205 442 3.
235 394 276 430 κατὰ
288 394 370 431 τὸπάλαι
382 396 437 444 πρόσ-
492 395 586 443 αἰτούμενοι
601 398 631 433 τόν
648 398 765 443 παντεπάπτην
781 399 828 436 Θεόν.

98 465 154 498 ταγμα
164 451 194 486 τοῦ
204 446 295 497 Καίσαρος.
307 448 323 486 6.
492 450 555 501 Polyc.
568 449 615 488 Phil.
627 458 644 499 7.

72 505 153 553 Παλαιός.
166 502 435 553 παλαιὰβασιλείαδιεφθείρετο.
464 507 624 555 Παντοκρατορικός.
653 507 676 555 τῷ
685 510 830 557 παντοκράτορικῷ

53 577 55 581 >
99 558 143 609 Ign.
159 555 208 609 Eph.
225 568 254 606 19.
283 556 388 605 μυθεύμασιν
402 562 438 609 τοῖς
491 559 587 607 βουλήματι
596 560 652 598 αὐτοῦ.
666 558 774 598 Olem.18.
820 599 823 601 μ

98 615 181 651 παλαιοῖς.
196 610 261 662 Magn.
273 613 291 649 8.
320 613 436 651 οἶένπαλαι-
464 616 592 663 Παντοκράτωρ.
622 613 677 662 είρίγνη
691 614 829 664 ἀπὸπαντοκρά-

98 671 123 706 οῖς
131 668 230 717 πράγμασιν
239 666 381 716 άναστραφέντες.
393 682 409 718 9.

71 725 164 760 Παλαιοῦν,
193 721 223 768 την
236 721 287 768 κακὴν
300 720 351 769 ζύμην
363 723 393 770 τὴν
403 740 435 761 παι

98 777 206 814 ληισθεῖσαν,
221 775 263 826 Ign.
275 775 341 827 Magn.
352 789 381 816 10.

68 832 202 881 Παλιγγενεσία,
220 834 259 866 Νῶε
267 860 271 868 .
279 860 283 868 .
291 860 294 869 .
305 833 437 880 παλιγγενεσίαν

98 888 157 936 κόσμῳ
167 884 250 934 ε’κίγρυξεν,
262 884 344 924 (ίίυιῐι.’Ῑ
355 899 372 936 9.

71 943 131 978 Πάλιν.
166 941 199 977 Καὶ
217 940 273 978 πάλιν.
298 939 359 979 Clem.
376 941 386 978 I
404 953 434 985 10,

100 1003 130 1043 15.
166 995 199 1031 Καὶ
216 995 268 1032 πάλιν
286 995 338 1044 λέγει,
356 1008 385 1044 10,
404 1005 434 1044 15.

491 684 542 718 τορος
555 672 603 706 Θεοῦ.
622 667 681 706 Olem.
693 667 704 705 Ῑ
714 668 773 707 Inscr.
803 670 833 715 ἒξ-.

491 724 564 760 ετείνατε
577 720 607 761 τὰς
620 726 679 772 χεῖρας
690 723 736 771 ὑμῶν
745 725 787 772 πρὸς
801 726 830 761 τόν

491 780 617 827 παντοκράτορα
626 780 673 815 Θεόν.
687 789 703 815 2.
732 777 760 815 ἀπ’
771 779 829 817 αίῶυος

491 836 500 869 ὁ
507 833 627 882 παντοκράτωρ
635 834 677 870 Θεὸς
685 832 786 870 ἐδικαίωσεν.
796 844 828 881 32.

491 886 546 935 εἰρήνη
564 888 610 935 παρὰ
626 889 670 924 Θεοῦ
688 883 827 936 παντοκράτορος.

491 941 554 993 ΡοΙγο,
566 941 613 980 Phil.
625 941 684 980 Inscr.
706 941 758 991 Κύριε
767 944 777 979 ὁ
787 945 829 981 θεὸς

477 1008 482 1013 '⁴
490 999 499 1033 ό
508 998 633 1046 παντοκράτωρ,
645 996 704 1034 Mal'ss.
713 995 776 1047 Polye.
791 1008 820 1045 14.

100 1057 129 1099 17,
140 1058 172 1097 52,
183 1049 214 1097 56.
244 1051 275 1086 Καὶ
289 1053 340 1088 πόλιν
354 1051 435 1102 ε’νὲτέριρ
462 1053 543 1089 Πάντοτε,
571 1051 597 1089 ἴνα
607 1053 633 1088 καὶ
643 1055 687 1088 Θεοῦ
696 1052 768 1089 πάντοτε
781 1052 828 1096 μετέω

97 1107 143 1155 τόπῳ
152 1101 204 1153 λέγει,
221 1104 252 1151 46.
280 1106 383 1143 πάλιναῦτὸ
395 1106 434 1143 ἀνα·
488 1122 534 1154 χητε.
551 1105 592 1157 Ign.
604 1105 653 1157 Eph.
666 1119 684 1153 4.
713 1105 730 1143 οἳ
747 1105 775 1144 καὶ
792 1110 827 1145 τοῖς

97 1161 179 1197 πλάσσει.
204 1157 227 1195 Π
246 1160 264 1196 8.
305 1161 357 1197 πάλιν
374 1161 435 1207 ἔσομαι
489 1161 592 1199 ἀποστόλοις
601 1164 672 1199 πάντοτε
684 1160 782 1208 συνῄνεσαν.
796 1173 826 1199 11.

97 1213 167 1261 τρέχων,
178 1211 220 1263 Igu.
232 1212 287 1251 Rom.
298 1227 315 1251 2.
331 1217 346 1252 οἱ
356 1215 373 1251 δὲ
383 1216 435 1252 πάλιν
461 1216 509 1252 Πάνυ
519 1217 648 1264 σωφρονοῦσος.
660 1214 722 1253 olem.
732 1215 743 1252 Ι
755 1228 770 1254 Ι,

97 1269 210 1316 ἐπευχόμενυν
225 1268 267 1314 ἡμῖν.
289 1268 433 1320 Marb.1gn.7.
462 1271 579 1319 Παραβαίνειν.
598 1269 827 1319 Ὃσαοῦνπαρέβημενδιά

97 1322 214 1369 Ἐπιμένοντος
224 1323 241 1358 δὲ
251 1325 365 1362 πάλιναῦτοῦ.
376 1324 433 1362 Mart.
488 1340 533 1363 τινος
546 1328 579 1361 τῶν
588 1328 618 1361 τοῦ
631 1325 747 1371 ἀντικειμένου.
764 1323 825 1363 Olem.

98 1376 161 1427 Polyc.
172 1389 201 1414 10.
230 1377 249 1413 ι0
260 1378 278 1414 δὲ
289 1381 341 1416 πάλιν
349 1380 393 1428 πρὸς
406 1380 435 1416 οῦ·
489 1378 541 1427 Ῑ5Ι.
832 1412 835 1418 ,

97 1434 130 1468 τόν.
143 1444 172 1469 Ιι.
200 1430 245 1480 Ἐγὼ
262 1433 280 1468 δὲ
296 1435 348 1470 πάλιν
362 1435 433 1472 Πιόνιος,
462 1435 587 1483 Παραβάλλειν,
614 1433 827 1484 Ἐσθὴρκιυδυνῳεαυτὴν

99 1498 128 1524 22,
488 1488 589 1536 παρέθαλευ.
607 1487 666 1526 Olem.
683 1487 736 1536 155.
766 1488 826 1535 θηρσὶν

70 1540 185 1590 Πομμεγεθης.
201 1543 228 1591 Τῷ
237 1542 270 1590 γάρ
280 1543 434 1593 παμμεγεθεστάτῳ
488 1544 539 1589 ὠμοῖς
579 1544 703 1591 παρεβάλλετο.
712 1541 769 1580 Mart.
781 1541 823 1593 Ign.

96 1596 148 1632 αὐτοῦ
159 1596 220 1645 ιεράτειΔ
237 1594 359 1645 Olen1.133.
388 1609 433 1645 παμ-
489 1598 507 1634 6.
536 1596 600 1635 τούτοις
615 1613 636 1634 σε
650 1599 749 1646 παραβαλῶ.
766 1596 823 1636 Μαῖί.

29 1676 31 1678 >
96 1650 341 1698 μεγεθέςκατᾶδιάυοιαν,ἰ1).
488 1651 550 1702 Polyc.
565 1664 594 1689 11.

69 1706 159 1753 Πανάγιος,
175 1707 185 1741 ὁ
195 1733 198 1741 .
210 1734 214 1742 .
226 1706 293 1754 ,πατὴρ
302 1710 336 1742 τῶν
344 1707 413 1749 αἰώνων,
424 1708 433 1742 ὁ
461 1706 606 1755 Παραβιάζεσθοι.
621 1706 670 1743 οὗτος
678 1706 696 1741 δὲ
706 1705 726 1753 ἦν
733 1708 742 1742 ὁ
749 1709 823 1755 παραβι-

96 1761 180 1807 παυιίγιος.
198 1757 280 1796 [Hem]
294 1769 324 1809 35.
354 1760 374 1797 δι’
384 1761 432 1797 εἰεπο-
487 1760 643 1808 ασάμενοςὲαυτόν.
654 1759 713 1798 Μαῖί.
724 1760 787 1811 Polyc.
799 1774 816 1808 4.

95 1812 170 1861 ρεύσειος
188 1817 218 1850 τοῦ
233 1815 315 1863 παναγίου
330 1814 432 1862 Πνεῦματος,
461 1815 562 1864 Παροβύειν.
596 1815 704 1863 κορφέκτορα
726 1818 825 1864 παραβῦσαι

96 1866 173 1919 Fragm.
183 1866 223 1905 viii.
487 1870 567 1918 ξιφίδιον.
577 1869 635 1907 Mart,
646 1868 712 1919 Polye.
725 1870 754 1906 16.

69 1923 169 1970 Πανάρετος.
189 1922 434 1972 τὴνπανάρετονκοὶβεβαίαν
460 1925 575 1973 Παραγγελίο.
595 1924 826 1974 Παραγγελίαςοῦνλαβόν-

96 1978 142 2024 ὑμῶν
150 1976 215 2015 πίστιν,
226 1976 335 2016 Olem.11.
359 1982 433 2025 Τῇπαν-
487 1995 520 2017 τες.
532 1977 658 2026 (ίίθῐῐι.Ῑ42.

95 2032 149 2082 αρέτιρ
164 2032 191 2068 καὶ
206 2033 295 2083 σεβασμίιρ
311 2035 393 2081 πολιτεία.
415 2046 431 2071 2.
461 2033 594 2082 Παραγγέλλειν.
615 2037 656 2083 ἁγνῇ
666 2032 762 2080 συνειδήσει
771 2032 825 2071 πάντα

95 2087 211 2134 λατρευόντων
226 2090 250 2137 τῷ
263 2088 350 2137 παναρέτῳ
365 2088 433 2136 ὀνόματι

95 2141 152 2177 αὐτοῦ.
170 2148 202 2188 45.
232 2140 290 2179 Οὕτως
306 2143 339 2191 γάρ
358 2144 405 2192 λέγει
422 2143 432 2189 ἡ

95 2196 188 2244 πανάρετος
198 2194 259 2244 σοφία.
270 2204 301 2244 57.

69 2250 183 2298 Παννυχίζειν,
212 2250 247 2286 κατ’
261 2249 337 2288 οἶκόντε
353 2253 434 2300 παννυχί-
456 2253 461 2261 ”

96 2320 161 2342 σαντες,
177 2303 234 2342 Μαΐί,
245 2304 288 2355 Igu.
300 2313 317 2354 7

69 2360 153 2396 Πανοικεί.
175 2360 278 2407 Εὐάρεστος,
289 2362 298 2396 ὁ
307 2362 382 2409 γράψας,
392 2376 432 2398 παν-

96 2414 143 2450 οικεί.
154 2413 210 2451 Μουί.
222 2412 286 2465 ΡοΙγο.
298 2427 329 2453 πο,

69 2468 163 2505 Πανοπλία.
188 2468 198 2514 ἡ
215 2469 289 2516 ὑπομονὴ
304 2471 326 2508 ὧς
341 2469 431 2507 πανοπλία

99 2521 141 2572 Ign.
150 2522 213 2573 Polyc.
225 2524 242 2560 6.

68 2577 175 2624 Πανπληθύς,
200 2579 230 2625 τὴν
238 2579 328 2625 πανπληθῆ
340 2578 433 2627 ἀνθρώποις

487 2089 571 2126 ἐπιτελεῖν
582 2088 715 2137 παρηγγέλλετε.
744 2086 803 2125 Olem.
814 2087 825 2125 Ι

489 2155 505 2179 J.
533 2144 553 2179 ‘0
562 2143 677 2192 παραγγειλιις
689 2142 711 2188 μὴ
722 2142 823 2191 ψεύδεσθαι.

489 2205 512 2246 27
515 2227 519 2235 .
539 2201 574 2236 τοῖς
583 2198 664 2245 ἀδελφοῖς
673 2212 706 2243 μου
715 2197 825 2246 παράγγελλε

487 2252 506 2288 ἐν
519 2253 587 2300 ὀνόματι
600 2252 657 2298 Ἰησοῦ
669 2254 749 2299 Χριστοῦ.
779 2250 823 2301 Igu.

488 2306 550 2357 Polyc.
562 2315 579 2354 5.
608 2307 646 2342 Τισὶ
661 2306 679 2340 δὲ
692 2306 719 2340 καὶ
727 2305 824 2354 παρηγγελ-

487 2363 517 2397 λεν
525 2360 620 2408 ἡσυχάζειν,
631 2358 690 2396 Mart.
701 2354 744 2408 [gn.
750 2359 774 2409 ¹6.

460 2414 580 2464 Παράγγελμο,
598 2417 633 2452 τοῖς
641 2414 774 2461 παραγγέλμασι
784 2412 823 2449 τού-

486 2485 521 2507 τοις
536 2469 641 2517 στηρίξωμεν
652 2466 725 2504 ἑαυτούς.
741 2465 800 2504 016111.
812 2466 823 2504 Ι

489 2536 518 2572 13.
546 2524 635 2571 τηρησάτω
654 2522 675 2559 τὰ
694 2524 724 2557 τοῦ
746 2524 823 2570 Χριστοῦ

486 2577 624 2628 παραγγέλματα,
634 2588 667 2625 49.

95 2646 114 2667 τε
123 2633 150 2668 καὶ
159 2633 220 2681 θηρσὶν
229 2632 299 2681 τρυφήν.
311 2631 370 2670 (λίσαι.
378 2632 389 2669 Ι
400 2644 431 2669 2ο.
459 2634 548 2681 Παράγειν.
578 2630 641 2668 Οίτινες
650 2630 747 2678 παράγουσι
755 2631 824 2677 φόβους

68 2690 154 2734 Πανταχῇ,
173 2688 240 2724 πάντων
245 2691 321 2734 πανταχῇ
332 2692 365 2724 τῶν
374 2689 432 2733 κεκλη-

95 2740 149 2785 μένων
159 2742 190 2779 ὑπὸ
199 2745 230 2778 τοῦ
240 2745 288 2780 θεοῦ,
299 2740 359 2780 Olem.
370 2741 381 2778 Ι
391 2749 422 2790 59.

68 2798 163 2843 Πανταχοῦ,
194 2797 219 2832 Οῦ
227 2799 315 2845 πανταχοῦ
353 2798 432 2845 προσφέ-

95 2865 153 2897 ρονται
162 2852 224 2889 θυσίαι.
236 2849 295 2889 Olem.
306 2850 317 2888 Ῑ
328 2863 358 2898 4Ι.
376 2850 381 2858 ’

68 2905 159 2952 Παντελὴς,
189 2907 212 2944 είς
225 2908 299 2952 παντελῆ
309 2906 380 2955 ὀλεθρον
389 2905 430 2941 άπά-

95 2974 156 3007 γουσιυ
165 2960 238 2998 ἑαυτούς.
249 2959 292 3011 Ign.
303 2959 380 3011 Fragm„
391 2959 402 2997 ἰ.

68 3017 193 3061 Παντεπόπτης.
222 3014 296 3062 ἠξίωσεν
308 3016 337 3051 τὸν
349 3017 431 3053 παντεπό-

94 3084 138 3115 πτην
147 3071 242 3116 Δεσπότην.
259 3068 341 3108 016111]
352 3078 382 3117 55.
411 3069 430 3104 ‘0

485 2685 602 2735 ἀνθρωπίνους.
621 2683 679 2722 Olem.
691 2682 714 2720 Π
726 2696 755 2720 10.
784 2685 824 2722 τοὺς

485 2743 539 2778 πάλαι
553 2744 635 2788 χειμῶνας
650 2740 700 2786 μόλις
714 2740 822 2788 παραγαγών.

486 2794 543 2833 Mart.
554 2794 595 2845 Ign.
610 2806 625 2831 1.

460 2849 590 2900 Παραγίνεσθαι.
625 2847 726 2897 παρεγένετο
741 2846 824 2894 θελήματι

485 2908 534 2941 Θεοῦ,
550 2903 591 2954 Ign.
603 2901 658 2940 Tra-ll.
673 2914 688 2939 Ι.
717 2903 751 2939 ε’κεῐ
768 2918 823 2950 παρα-

485 2962 578 3009 γενόμενος,
593 2958 681 3005 ἅνθρωπος
695 2960 739 2993 Θεοῦ
755 2958 821 3002 ἔσομαι.

485 3014 540 3052 Rom.
553 3013 569 3050 6.
599 3014 621 3050 ὡς
636 3013 654 3049 ἔκ
669 3012 743 3060 καμάτου
755 3012 822 3049 πολλοῦ

485 3069 623 3117 παραγενόμενον,
635 3066 692 3106 Mart.
704 3067 746 3118 Igu.
758 3074 775 3115 7.
