1931 3420
277 254 314 298 ΕΤ
329 255 554 324 FORMULARUM.

65 360 130 410 ε’βλήθη
146 361 170 399 είς
187 361 250 397 λάκκον
263 361 350 408 λεόντων3
372 369 403 409 45.

64 416 141 456 πολλοῦς
156 415 180 454 εἷς
197 414 269 462 ἀθυμίαν
284 415 350 459 ἔβαλεν.
372 415 403 463 46.

64 472 98 519 ἔξω
113 464 197 516 βάλλεται
212 473 242 507 τοῦ
256 470 333 508 σταδίου.
349 469 371 508 II
386 478 403 520 7.

64 528 88 566 εἰς
97 527 127 574 τήν
136 526 204 574 κάμινον
212 528 243 562 τοῦ
252 526 305 575 πυρός
318 526 359 563 αὐτὸ
371 529 404 571 βα-

64 584 104 620 λεῖν.
121 583 139 627 8.

38 638 130 675 Βάνανσος.
159 635 207 672 οὐδέν
217 636 305 679 βάναυσον
314 636 332 672 έν
340 636 402 686 ιίγόπη.

65 690 124 730 Olem.
136 689 147 728 Ι
158 702 188 740 49.

37 745 130 792 Βαπτίζειν.
159 744 178 784 ός
193 744 277 794 ἐγεννήθη,
292 747 319 783 καί
333 746 403 790 ε’βαπτί-

64 801 103 848 σθη.
114 800 157 852 Igu.
169 798 216 851 Eph.
227 801 256 838 18.
285 802 403 850 βεβαπτισμέ·

64 872 92 894 νυν
101 855 224 894 ῦπδἸωόννου.
240 854 315 906 Smyru.
329 868 345 894 Ι.
369 858 404 894 Οῦκ

64 912 103 957 ἐξόν
121 911 168 951 ἐστιν
185 911 238 960 χωρίς
255 913 286 948 τοῦ
309 912 403 949 ἐπισκόπου

63 968 103 1003 οὔτε
111 966 203 1011 βαπτίζειν.
219 966 237 1004 8.

36 1022 131 1069 Βόπτισμα.
160 1021 189 1057 ἐὰν
197 1020 220 1068 μή
229 1019 328 1070 τηρήσωμεν
337 1022 357 1058 τό
370 1022 403 1067 βά-

62 1091 129 1124 πτισμα
144 1077 199 1125 ἁγνόν.
221 1074 279 1114 Olem.
296 1073 319 1114 II
334 1076 352 1114 6.
380 1078 403 1113 Τὸ

62 1132 153 1178 βάπτισμα
171 1131 217 1178 ὑμῶν
234 1130 297 1178 μενέτω
312 1132 335 1170 ὡς
350 1131 401 1170 ὅπλα.

63 1185 106 1237 Igu.
118 1184 210 1236 Polyc.6.

36 1244 103 1290 Baper.
130 1241 156 1278 ότι
170 1241 247 1289 έβόρησά
261 1256 298 1278 τινα
311 1242 329 1279 έν
342 1244 400 1292 μικρῷ.

63 1295 106 1347 Igu.
117 1294 189 1333 Philad.
201 1296 218 1334 6.

36 1351 95 1401 Βαρῦς.
124 1350 151 1388 ἵνα
166 1351 189 1398 μή
203 1351 286 1398 κοιμηθεὶς
302 1350 357 1401 βαρός
371 1367 402 1389 τινι

62 1406 140 1456 γένωμαι.
155 1404 197 1456 Igu.
208 1404 263 1444 Rom.
275 1418 293 1453 4.

36 1463 138 1508 Βασανίζειν.
162 1461 198 1509 ἔρις
206 1491 221 1499 ..
232 1460 255 1507 ,ἡ
267 1461 347 1509 δυναμένη
360 1462 402 1509 ὑμᾶς

61 1516 161 1561 βασανίσαι.
175 1515 218 1567 Igu.
228 1514 277 1566 Eph.
289 1516 306 1553 8.
322 1516 340 1553 έν
349 1517 402 1563 ἐκείνῃ

61 1571 130 1621 τῇάιρα
142 1572 277 1618 βασανιζόμενοι.
293 1569 350 1609 Μυῐῦ.
364 1570 400 1609 Ρο-

62 1625 97 1676 lyc.
113 1638 130 1663 2.
159 1626 183 1662 διν
196 1627 216 1662 τό
234 1625 291 1675 ἕτερον
308 1628 400 1672 βασανιζό-

61 1696 112 1728 μενον
121 1682 236 1730 ὡμολόγησεν.
253 1681 269 1719 6.

36 1735 149 1783 Βασανιστής.
178 1737 198 1773 τό
210 1739 245 1784 πῦρ
255 1766 259 1774 ,
268 1766 271 1774 .
279 1764 283 1774 .
292 1739 325 1772 τῶν
334 1736 401 1783 όπηνῶν

42 1820 43 1823 ¹
62 1793 176 1835 βασανιστῶν.
192 1789 249 1829 Mart.
260 1789 323 1841 Polyc.
335 1802 352 1828 2.

35 1847 116 1884 Βάσανος.
144 1846 197 1885 αιίείας
206 1847 233 1883 καί
241 1847 327 1890 βασάνους
336 1846 364 1882 διὰ
373 1847 401 1893 ζῦ-

61 1902 94 1937 λον
102 1902 188 1939 παθόντες.
205 1899 265 1939 (Ilem.
276 1900 286 1938 I
297 1901 314 1938 6.
342 1901 401 1948 ἡλίκην

61 1956 98 2004 ἔχει
113 1957 189 2001 βάσανον
201 1956 211 2003 ἡ
226 1956 283 1993 ἐνθάδε
298 1956 399 1994 ἀπόλαυσις.

38 2052 40 2058 .
62 2009 85 2048 II
97 2023 127 2049 10.
150 2015 184 2048 τῶν
192 2014 277 2059 κοσμικῶν
286 2012 401 2060 κατεφρόνουν

60 2067 147 2110 βασάνων.
162 2065 219 2104 Mart.
230 2064 293 2116 Polyc.
305 2077 322 2104 2.
341 2066 400 2116 ποικί-

61 2123 99 2160 λαις
107 2122 190 2166 βασάνοις
199 2122 333 2169 κολαφιζόμενοι,
349 2119 374 2158 ib.

34 2177 120 2214 Βασιλεία.
149 2176 295 2226 εὐαγγελιζόμενοι
308 2176 338 2223 τήν
348 2178 401 2220 βασι-

60 2232 108 2283 λείαν
120 2234 150 2268 τοῦ
166 2234 215 2276 θεοῦ.
232 2229 291 2269 Olem.
302 2230 313 2268 I
323 2243 354 2279 42.
383 2233 401 2270 ἐν

49 2290 81 2333 ,τῇ
99 2287 183 2333 ἐπισκοπῇ
206 2288 236 2333 τῆς
257 2287 349 2331 βασιλείας
370 2290 401 2324 τοῦ

60 2344 141 2391 Χριστοῦ.
158 2349 188 2389 50.
217 2341 311 2379 ἀνάπαυσις
320 2343 350 2389 τῆς
358 2344 400 2389 μελ-

60 2396 125 2444 λούσης
133 2396 229 2441 βασιλείας.
244 2395 267 2433 Π
277 2404 294 2444 5.
316 2396 362 2434 ὅπως
371 2397 401 2433 έλ-

60 2453 116 2500 θωμεν
124 2452 186 2489 πάντες
195 2452 219 2489 εἷς
230 2452 260 2499 τήν
270 2452 361 2496 βασιλείαν
369 2455 400 2488 τοῦ

60 2510 109 2545 θεοῦ.
125 2518 143 2556 9.
172 2505 261 2554 είσήξομεν
270 2507 293 2544 είς
306 2506 337 2553 τήν
349 2508 400 2550 βασι-

60 2562 108 2599 λείαν
129 2562 187 2599 αὐτοῦ.
211 2573 240 2600 11.
283 2561 401 2609 Ἐκδεχόιμεθα

60 2616 90 2654 οῦν
108 2615 144 2654 καθ’
159 2615 205 2665 ιόραν
218 2617 248 2664 τὴν
265 2617 356 2660 βασιλείαν
369 2620 400 2653 τοῦ

60 2676 109 2709 Θεοῦ.
127 2684 156 2709 12.
185 2673 231 2709 Πότε
239 2671 276 2719 ἥξει
288 2672 340 2708 αὐτοῦ
349 2671 359 2718 ἡ
368 2674 400 2716 βα-

61 2729 124 2765 σιλεία.
143 2725 169 2765 ib.
198 2728 219 2763 Οἱ
235 2726 335 2776 οἷκοφθόροι
348 2729 400 2771 βασι-

60 2783 108 2820 λείαν
128 2785 171 2819 θεοῦ
194 2782 214 2818 οῦ
237 2780 398 2830 κληρονομήσουσιν.

60 2836 103 2888 Igu.
114 2835 164 2888 Eph.
177 2836 206 2875 16.
239 2837 304 2874 παλαιὰ
318 2837 400 2880 βασιλεία

61 2893 171 2942 διεφθείρετο.
188 2904 217 2941 19.
246 2893 263 2929 αί
272 2893 359 2936 βασιλεῖαι
369 2893 400 2928 τοῦ

26 2981 28 2986 .
60 2948 120 2992 αἷῷνος
137 2946 204 2984 τοῦτον.
226 2945 281 2985 Rom.
301 2946 318 2984 6.
349 2948 400 2991 βασι-

61 3004 109 3040 λείαν
120 3005 164 3039 θεοῦ
176 3003 196 3039 οῦ
207 3004 310 3051 κληρονομεῖ.
327 2999 398 3039 Philad.

62 3069 80 3105 3.
108 3057 199 3103 βασιλείαν
209 3060 253 3093 θεοῦ
264 3055 399 3106 κληρονομήσου-

62 3128 95 3150 σιν.
111 3112 173 3161 Polyc.
186 3111 232 3149 Phil.
245 3120 267 3165 5.Ὶ
292 3113 353 3161 έννότιρ
367 3111 400 3147 ἕπει

770 259 799 305 29

459 364 488 409 τῆς
497 363 548 399 αὐτοῦ
556 363 652 406 βασιλείας.
664 361 721 402 Malu.
729 363 771 415 Igu.
781 377 798 403 2.

459 416 480 453 οῦ
488 419 518 464 τῆς
531 418 622 462 βασιλείας
634 417 707 466 ὀναίμην.
722 417 746 457 ib.
776 420 800 458 εἷς

459 471 489 518 τὴν
497 472 563 509 αἰώνων
573 473 625 509 αότοῦ
633 474 729 517 βασιλείαν.
740 472 798 513 Malu.

459 524 522 576 Polyc.
535 538 566 564 20.
595 529 613 564 ἐν
621 530 642 574 τῇ
651 529 732 576 βασιλεία
741 528 800 576 Ἰησοῦ

458 584 540 630 Χριστοῦ.
557 593 587 619 22.
623 582 653 629 τήν
662 583 739 632 οὐράνιον
747 586 800 628 βασι·

458 637 506 673 λείαν
512 637 569 675 αότοῦ,
582 635 607 675 ib.

431 692 528 729 Βασίλειον.
547 691 571 730 είς
581 694 601 729 τό
610 692 701 737 βασίλειον
709 695 740 730 τοῦ
749 696 798 731 θεοῦ.

459 745 518 785 Olem.
530 744 581 785 116.

431 801 535 839 Βασιλεόειν.
564 801 574 849 ἢ
588 801 688 847 βασιλεύειν
701 805 735 840 τῶν
747 804 799 853 περό-

457 872 491 894 των
504 859 534 904 τῆς
545 859 583 907 γῆς.
597 855 640 908 lgn.
652 856 707 895 Rom.
719 857 736 896 6.
765 860 798 903 βο-

458 910 556 950 σιλεόοντος
565 912 584 949 δὲ
594 912 617 951 είς
626 912 665 951 τοῦς
674 913 734 951 αἰῶνας
741 910 799 960 Ἰησοῦ

457 969 537 1016 Χριστοῦ.
553 965 610 1006 Mart.
622 965 685 1018 Polyc.
697 979 728 1005 21.

430 1021 520 1060 Βασιλεός,
539 1023 601 1071 Φαραὼ
609 1022 697 1067 βασιλέως
705 1022 797 1072 Αἰγύπτου.

457 1075 517 1115 olem.
528 1076 539 1114 I
549 1089 566 1125 η.
595 1078 629 1115 ῦπό
641 1078 697 1114 Σαοὺλ
711 1078 798 1122 βασιλέως

456 1131 526 1181 Ἰσραήλ
538 1132 616 1181 ἐδιώχθη.
631 1130 655 1171 ib.
684 1133 727 1183 ἔγνω
740 1135 750 1170 ό
763 1136 797 1178 βα·

457 1187 515 1226 σιλεός
524 1189 554 1234 τῆς
562 1189 599 1237 γῆς.
611 1199 641 1225 12.
660 1186 798 1226 Ἐπισταθέντων

456 1242 475 1279 δὲ
484 1245 518 1279 τῶν
525 1244 571 1291 παρὰ
580 1245 610 1279 τοῦ
618 1242 710 1286 βασιλέως.
727 1241 752 1282 ib.
778 1243 798 1290 ἐξ

456 1298 507 1334 αότυῦ
520 1299 605 1342 βασιλεῖς,
620 1299 647 1334 καὶ
660 1297 748 1346 ἄρχοντες.
764 1310 795 1348 32.

456 1352 477 1388 τὰ
496 1353 622 1400 ἐπιτασσόμενα
639 1353 672 1390 ῦπδ
690 1355 720 1390 τοῦ
742 1355 796 1397 βασι-

455 1407 503 1445 λέως.
519 1414 550 1456 37.
588 1408 652 1445 πολλοὶ
671 1410 752 1452 βασιλεῖς
770 1409 797 1445 καί

456 1461 548 1511 ἡγοῦμενοι.
564 1469 596 1510 55.
623 1466 706 1511 Τραϊανοῦ
719 1466 749 1500 τοῦ
762 1465 796 1508 βα-

456 1517 523 1555 σιλέως.
535 1515 593 1555 Mart.
604 1515 647 1568 Igu.
659 1528 676 1555 2.
698 1518 798 1567 ἐπουράνιον

455 1572 535 1614 βασιλέα.
555 1570 580 1610 ib.
617 1574 746 1621 βλασφημῆσαι
767 1574 797 1610 τόν

455 1622 530 1670 βασιλέα
538 1642 578 1674 μου.
589 1625 646 1665 Mart.
658 1626 721 1678 Polyc.
734 1640 751 1677 9.
768 1628 797 1665 εό-

455 1681 500 1719 νοίας
510 1711 514 1719 ,
523 1713 526 1719 .
536 1710 540 1718 .
548 1681 572 1720 εἷς
580 1683 610 1718 τόν
618 1680 661 1719 ἴδιον
669 1682 750 1726 βασιλέα.
764 1690 795 1732 17.

429 1737 525 1774 Βασιλικός.
544 1736 638 1786 άλουργίδα
644 1736 741 1785 βασιλικήν.
752 1736 795 1789 Igu.

455 1790 531 1841 Fragm.
542 1789 554 1828 i.

428 1846 531 1883 Βασκαίνειν,
556 1844 642 1883 Οὐδέποτε
652 1846 757 1890 ε’βασκάνατε
766 1848 796 1884 οὐ·

455 1901 498 1938 δένα.
508 1900 550 1952 Igu.
561 1899 617 1938 Rom.
629 1914 647 1950 3.

428 1956 519 1993 Βασκανία.
540 1956 625 1993 Βασκανία
634 1956 652 1993 έν
660 1956 699 2004 ὑμῖν
707 1957 730 2005 μὴ
739 1972 795 1995 κατοι-

455 2011 509 2048 κείτω.
524 2009 568 2061 Igu.
579 2009 634 2049 Rom.
646 2018 663 2060 7.

427 2067 519 2104 Βάσκανος.
539 2066 559 2102 ‘0
569 2066 587 2102 δὲ
597 2066 684 2113 όντίζηλος
694 2068 722 2104 καὶ
730 2067 797 2111 βάσκα-

455 2137 487 2160 νος.
503 2119 561 2159 Mart.
573 2119 636 2171 Polyc.
647 2128 677 2170 17.

429 2177 525 2222 Βαστάζειν.
554 2177 581 2213 καὶ
590 2179 642 2213 ταῦτα
652 2178 749 2224 βαστάζων,
759 2178 795 2214 δια-

455 2230 503 2269 νειίει,
520 2228 580 2269 Olem.
595 2229 653 2279 1525.
682 2233 746 2270 πάντας
763 2233 796 2276 βό·

456 2288 513 2332 οταζε.
524 2284 566 2337 Igu.
578 2285 641 2337 Polye.
654 2298 669 2323 1.
690 2287 757 2332 πάντων
765 2287 796 2326 τδς

455 2343 517 2379 νόσους
525 2342 606 2387 βόσταζε.
623 2340 648 2378 ib.

428 2397 486 2435 Βότος.
520 2396 538 2432 εἰς
555 2398 586 2442 τῆς
603 2397 658 2440 βάτου
675 2399 795 2444 χρηματισμοῦ

454 2451 499 2501 αὐτῷ
509 2451 600 2497 διδομένου.
616 2448 675 2488 Olem.
686 2449 697 2487 I
709 2457 738 2499 17.

427 2506 526 2543 Βδελυκτός.
563 2507 597 2542 πᾶν
615 2505 683 2552 σχίσμα
700 2505 795 2548 βδελυκτόν

454 2561 498 2607 ὑμῖν.
514 2557 573 2597 Olem.
585 2558 596 2596 I
607 2571 623 2597 2.
652 2560 747 2603 βδελυκτὰς
756 2560 794 2598 έπι-

454 2615 518 2662 θυμίας.
533 2626 564 2662 3ο.
592 2614 688 2661 βδελυκτήν
705 2615 794 2664 ὑπερηφα-

454 2667 535 2715 νίαν.ἱί).

427 2724 502 2770 Βέβαιος.
530 2723 560 2770 τήν
574 2724 667 2772 πονάρετον
680 2724 707 2760 καὶ
721 2725 795 2769 βεβαίαν

453 2780 498 2826 ῦμῶν
506 2778 570 2816 πίστιν.
586 2776 645 2817 Glem.
656 2777 667 2816 I
680 2790 697 2817 Ι.
726 2779 755 2816 ἐπὶ
765 2781 796 2817 τὸν

452 2836 482 2881 τῆς
499 2834 574 2871 πίστεως
592 2833 664 2877 βέβαιον
681 2834 748 2882 δρόμον.
776 2836 794 2874 6.

453 2889 483 2936 τὴν
498 2888 610 2935 βεβαιοτάτην
658 2889 752 2938 Κορινθίων
768 2891 795 2928 ε’κ-

454 2943 529 2990 κλησίαν.
555 2950 586 2991 47.
619 2942 665 2980 θελω
684 2942 712 2989 ’ίνα
730 2945 796 2983 κάκεῖνα

454 2998 516 3043 βέβαια
531 2996 547 3046 ᾖ.
563 2997 606 3049 Igu.
621 2997 676 3037 Rom.
688 3012 706 3049 3.
729 2999 795 3048 Ἐκείνη

454 3053 518 3098 βεβαία
524 3053 623 3102 εὐχαριστία
629 3053 710 3104 ἡγείσθω.
718 3054 794 3107 Smyru.

456 3110 473 3146 8.
502 3106 522 3145 ἵν’
532 3109 611 3158 ἀσφαλὲς
621 3106 632 3156 ᾖ
641 3111 668 3147 καὶ
681 3110 753 3156 βέβαιον
761 3114 796 3149 πᾶν
