2061 3403
194 165 276 210 xxxviii
363 166 584 212 aucuurlouum
601 167 726 212 JUDICIA

195 282 261 327 amieo
275 283 426 342 conspirarent,
436 300 478 329 non
491 285 599 329 dubitavit
612 300 702 329 asserere
716 284 825 329 doctorum
838 283 893 327 viro·

195 367 243 396 rum
254 353 301 407 Par,
312 353 395 397 easdem
404 353 510 412 Epistolas
520 354 608 399 tandem
617 370 656 399 nos
665 356 749 409 habere,
759 354 810 412 quas
820 353 894 397 habuit

195 422 307 476 Eusebius,
317 438 369 480 quas
379 422 445 467 edidit
455 424 589 482 Polycarpus,
600 441 652 483 quas
662 425 746 482 scripsit
756 424 861 483 ignatius.

83 503 174 537 Sarranus
227 492 297 536 Quam
312 492 362 537 viris
377 493 463 537 eruditis
477 498 539 552 grata
553 495 618 538 fuerit
632 496 684 540 haee
693 494 764 539 Vossii
778 494 850 547 editio,
860 491 893 536 vel

85 545 131 589 ¹⁶4⁷·
195 560 245 605 inde
260 566 327 619 patet,
343 563 399 620 quod
415 562 514 607 Claudius
532 564 650 618 Sarravius,
666 567 750 608 senator
765 561 894 614 Parisiensis,

194 631 221 674 ab
231 631 277 688 ipso
286 631 311 674 in
319 631 377 675 notis
386 631 453 675 obiter
462 632 567 687 laudatus,
578 632 598 677 ei
607 634 658 677 haee
667 632 807 690 rescripserit:
824 633 893 688 “Ago

194 706 208 726 “
218 700 290 758 itaque
299 701 387 758 gratias,
397 717 438 757 ago
447 702 527 759 gratias
536 702 578 745 tibi
588 718 688 756 summas,
698 703 729 746 mi
738 703 813 754 Vossi,
827 705 893 744 aeter-

194 775 208 795 “
218 785 271 812 num
281 769 337 813 enim
347 786 381 814 me
390 770 431 814 tibi
440 771 554 815 devinxisti
564 775 626 816 tauto
639 776 716 816 ettam
727 772 831 830 praeolaro
843 784 894 826 erga

194 838 365 883 “immerentem
378 840 506 884 testimonio.
540 840 609 885 Video
623 841 680 885 enim
692 842 723 885 ibi
732 843 811 885 famam
825 854 893 883 meam

194 908 338 952 “aeternitati
358 913 505 963 conseeratam,
523 925 547 954 eo
567 915 712 965 monumento,
730 911 786 969 quod
802 925 853 955 saxa
872 911 894 952 et

194 983 208 1003 ‘⁴
218 993 323 1021 marmora
332 978 441 1022 duratione
450 978 544 1023 vinear
808 1033 810 1039 ‚

82 1052 158 1085 Rivetua
223 1047 294 1091 Quare
308 1047 423 1095 statimex
435 1048 604 1092 Protestantibus
614 1049 711 1093 Andreas
721 1049 817 1102 Rivetue,
828 1064 893 1106 quum

83 1108 90 1131 ¹
93 1095 130 1142 ⁶¹9¹
194 1116 213 1159 ei
223 1117 322 1161 Usserius
335 1133 413 1161 novam
424 1117 506 1174 Ignatii
520 1134 546 1161 ex
557 1118 625 1162 veteri
639 1118 693 1162 libro
708 1117 822 1162 editionem
836 1133 892 1162 eom-

193 1186 327 1241 munieasset,
341 1187 364 1230 in
378 1186 454 1231 ultima
469 1186 542 1231 Oritioi
557 1188 591 1231 sui
607 1188 666 1232 Saori
679 1188 822 1245 recognitione
837 1187 893 1232 illius

82 1267 167 1301 Patavina.
190 1255 295 1314 judicium
314 1260 397 1300 secutus
417 1260 449 1300 est
456 1274 463 1310 3
486 1260 508 1300 et
527 1273 553 1301 ex
573 1257 662 1301 Jesuitis
682 1257 789 1311 Petavius,
808 1257 893 1301 Graeeis

193 1325 264 1369 Vossii
288 1328 310 1369 et
332 1326 414 1370 Latinis
439 1326 520 1369 Usserii
544 1326 669 1383 conspectis,
691 1332 705 1353 ‘¹
716 1327 797 1381 Haeo,”
816 1326 893 1384 inquit,

193 1401 207 1438 ‘5
217 1396 309 1452 prudens
324 1399 345 1439 et
356 1396 416 1453 justa
430 1396 519 1453 suspieio
533 1402 572 1449 est,
583 1396 630 1439 illas
643 1411 687 1439 esse
699 1395 801 1452 genuinas
812 1396 894 1453 Ignatii

127 1456 129 1460 ’
193 1469 207 1491 “
217 1464 331 1521 Epistolas,
349 1481 400 1522 quas
417 1466 551 1523 antiquorum
568 1481 682 1509 consensus
698 1465 815 1509 illustribus
832 1466 893 1509 testi·

194 1540 208 1561 ‘¹
219 1534 295 1578 moniis
305 1535 461 1579 oommendatas
470 1539 492 1579 et
501 1529 627 1593 approbatas
636 1535 744 1592 reliquit.'’
759 1535 819 1578 Idem
829 1535 893 1579 etiam

83 1608 171 1642 retrosus.
191 1604 297 1663 judioium
309 1604 394 1648 Nicolai
407 1604 587 1659 ratmundum
600 1606 716 1650 ostendunt
730 1609 793 1648 notae
807 1606 851 1662 ejus
866 1605 893 1649 ad

84 1652 131 1697 ¹⁶⁴⁹·
195 1674 345 1727 maasiam
366 1674 410 1717 «s.
421 1673 526 1731 ignauus,
541 1675 638 1732 apaan
654 1673 681 1718 an
698 1674 800 1731 Ephesios
819 1674 894 1731 (aare

195 1749 210 1769 “
219 1743 314 1787 eruditus
325 1743 359 1787 vir
371 1743 455 1787 Isaaous
464 1743 576 1802 Vossius)”
589 1748 611 1787 et
624 1744 705 1796 statim,
716 1749 730 1769 “
737 1742 892 1800 pseudo-Igna-

194 1819 209 1839 “
218 1812 262 1856 tius
271 1812 295 1856 in
305 1812 400 1870 Epistola
410 1814 437 1856 ad
445 1813 612 1868 Anuoohenos,”
622 1817 644 1857 et
653 1812 711 1866 alibi,
722 1813 812 1856 “Vetus
822 1812 892 1855 Inter-

194 1888 266 1939 “pres
280 1882 388 1939 Epistolae
402 1882 429 1925 ad
443 1882 594 1939 Philippenses,
608 1897 661 1940 quae
679 1883 701 1925 S.
713 1882 798 1939 Ignatio
815 1882 892 1925 adseri-

194 1956 209 1977 “
218 1950 300 1994 bitur.”
330 1949 366 1992 Ita
379 1949 414 1992 ille
429 1949 530 2006 genuinas
540 1951 647 2008 Epistolas
662 1968 675 1995 a
687 1951 763 2008 spuriis
777 1966 837 2008 saepe
850 1951 892 1994 dis-

193 2019 283 2076 tinguit,
293 2022 319 2062 ut
328 2018 352 2061 in
361 2018 460 2062 Editione
469 2020 539 2063 Vossii
549 2020 718 2077 distinguuntm.

81 2102 177 2136 Salmasius.
224 2087 339 2132 Salmasius
356 2103 412 2141 vero,
429 2088 526 2132 Editione
544 2088 626 2132 Usserii
645 2091 761 2145 perspecta,
778 2092 800 2131 et
817 2087 893 2130 Codice

171 2170 173 2174 ·
194 2157 298 2211 Medioeo,
323 2160 437 2214 antequam
461 2158 564 2212 ederetur,
588 2158 642 2211 viso,
666 2157 787 2201 auctoritati
811 2156 893 2214 Ignatii

193 2226 285 2284 iniquior
304 2227 373 2270 faetus
393 2230 439 2270 est:
459 2227 514 2271 Eooe
530 2228 587 2271 enim
604 2228 628 2270 in
643 2228 754 2284 Apparatu
773 2227 800 2286 ad
816 2226 893 2269 Iribros

193 2297 219 2341 da
234 2296 332 2339 Primatu
346 2297 422 2353 Papae,
438 2296 517 2354 [Lugd.
532 2297 667 2354 Bat.1645.]
684 2296 801 2348 “Varias’'
815 2295 892 2352 inquit,

194 2366 296 2410 “diversi
313 2366 413 2422 temporis
430 2366 474 2422 ejus
491 2366 557 2423 operis
576 2365 749 2423 interpolationes
766 2379 810 2408 esse
826 2364 893 2407 faotas

194 2442 208 2463 “
218 2435 292 2479 multis
307 2435 402 2479 ostendit
416 2435 608 2479 Reverendissimus
623 2438 645 2478 et
655 2434 788 2478 doctissimus
797 2433 844 2486 Vir,
855 2433 892 2476 Ja-

193 2507 282 2549 “cobus
293 2504 561 2558 Ussen'us‚A1maahanus.
592 2505 660 2549 Quale
675 2507 747 2547 autem
761 2504 787 2547 ab
800 2503 892 2546 Auetore

193 2581 207 2601 “
217 2575 311 2633 primum
325 2573 411 2632 prodiit,
421 2589 448 2617 ne
462 2574 579 2630 genuinum
593 2573 679 2631 quidem
689 2573 772 2630 Ignatii
783 2588 834 2625 esse,
844 2587 892 2628 pos-

193 2651 207 2671 “
217 2661 265 2688 sum
272 2645 331 2688 omni
339 2643 480 2688 asservatione
487 2644 632 2687 confirmare?
649 2644 709 2686 Haeo
715 2642 785 2700 paullo
794 2641 891 2685 sedatius.

193 2715 253 2759 Quae
263 2731 306 2758 uon
316 2716 379 2772 longe
389 2717 438 2772 post
448 2717 569 2772 sequuntur,
581 2714 709 2757 Salmasium
720 2712 789 2769 magis
799 2711 891 2768 sapiunt.

193 2791 207 2812 “
218 2785 266 2829 Qua
280 2778 352 2829 autem
366 2788 436 2829 aetate
447 2784 524 2829 vixerit
538 2784 572 2827 hie
586 2785 696 2841 impostor,
711 2782 748 2840 qui
762 2796 839 2825 nornen
853 2781 891 2837 Ig-

192 2861 206 2881 “
216 2855 270 2898 uatii
284 2855 399 2899 ementitus
414 2857 447 2898 est
462 2853 485 2896 iu
500 2853 546 2897 istis
562 2852 664 2911 Epistolis
682 2850 842 2902 oonsoribendis,
858 2850 891 2892 in-

192 2924 342 2981 “quirendum
354 2929 393 2968 est.
423 2925 481 2968 Nam
491 2924 602 2981 Ignatium
617 2939 660 2967 non
674 2938 718 2966 esse
733 2937 804 2966 earum
819 2922 890 2963 auoto-
