<?xml version="1.0" encoding="UTF-8"?>
<!DOCTYPE html PUBLIC "-//W3C//DTD XHTML 1.0 Transitional//EN"
    "http://www.w3.org/TR/xhtml1/DTD/xhtml1-transitional.dtd">
<html xmlns="http://www.w3.org/1999/xhtml" xml:lang="en" lang="en">
 <head>
  <title>
</title>
<meta http-equiv="Content-Type" content="text/html;charset=utf-8" />
  <meta name='ocr-system' content='tesseract 3.04.00' />
  <meta name='ocr-capabilities' content='ocr_page ocr_carea ocr_par ocr_line ocrx_word'/>
</head>
<body>
  <div class='ocr_page' id='page_1' title='image "./MN41360ucmf_0/MN41360ucmf_0_0491.png"; bbox 0 0 1931 3420; ppageno 0'>
   <div class='ocr_carea' id='block_1_1' title="bbox 310 251 830 298">
    <p class='ocr_par' dir='ltr' id='par_1_1' title="bbox 310 251 830 298">
     <span class='ocr_line' id='line_1_1' title="bbox 310 251 830 298; baseline 0.008 -4"><span class='ocrx_word' id='word_1_1' title='bbox 310 251 347 294; x_wconf 81' lang='grc' dir='ltr'>ΕΤ</span> <span class='ocrx_word' id='word_1_2' title='bbox 363 251 588 295; x_wconf 81' lang='lat' dir='ltr'>FORMULARUM.</span> <span class='ocrx_word' id='word_1_3' title='bbox 787 251 830 298; x_wconf 83' lang='lat'>109</span> 
     </span>
    </p>
   </div>
   <div class='ocr_carea' id='block_1_2' title="bbox 29 365 826 418">
    <p class='ocr_par' dir='ltr' id='par_1_2' title="bbox 29 365 826 418">
     <span class='ocr_line' id='line_1_2' title="bbox 29 365 826 418; baseline 0.001 -15"><span class='ocrx_word' id='word_1_4' title='bbox 29 385 32 388; x_wconf 43' lang='lat'>¹*</span> <span class='ocrx_word' id='word_1_5' title='bbox 67 365 189 415; x_wconf 82' lang='grc' dir='ltr'>Προφητεάειν.</span> <span class='ocrx_word' id='word_1_6' title='bbox 219 366 249 403; x_wconf 73' lang='grc' dir='ltr'>κᾶν</span> <span class='ocrx_word' id='word_1_7' title='bbox 266 369 327 414; x_wconf 88' lang='grc' dir='ltr'>σημεῖα</span> <span class='ocrx_word' id='word_1_8' title='bbox 341 367 387 414; x_wconf 83' lang='grc' dir='ltr'>ποίη,</span> <span class='ocrx_word' id='word_1_9' title='bbox 405 367 435 405; x_wconf 76' lang='grc' dir='ltr'>κᾶν</span> <span class='ocrx_word' id='word_1_10' title='bbox 461 370 574 418; x_wconf 84' lang='grc' dir='ltr'>Πτεροφυεῖυ.</span> <span class='ocrx_word' id='word_1_11' title='bbox 605 367 746 416; x_wconf 82' lang='grc' dir='ltr'>άναπρεφθμενος.</span> <span class='ocrx_word' id='word_1_12' title='bbox 765 380 826 416; x_wconf 87' lang='grc' dir='ltr'>πτερο-</span> 
     </span>
    </p>
   </div>
   <div class='ocr_carea' id='block_1_3' title="bbox 28 419 875 1175">
    <p class='ocr_par' dir='ltr' id='par_1_3' title="bbox 94 419 667 472">
     <span class='ocr_line' id='line_1_3' title="bbox 94 419 667 472; baseline 0.003 -14"><span class='ocrx_word' id='word_1_13' title='bbox 94 420 200 469; x_wconf 81' lang='grc' dir='ltr'>προφητεῦη.</span> <span class='ocrx_word' id='word_1_14' title='bbox 216 419 379 471; x_wconf 75' lang='lat' dir='ltr'>Ign,Fragm.ix.</span> <span class='ocrx_word' id='word_1_15' title='bbox 488 421 667 472; x_wconf 72' lang='grc' dir='ltr'>φυεῖ.019111.Ῑ25.</span> 
     </span>
    </p>

    <p class='ocr_par' dir='ltr' id='par_1_4' title="bbox 28 473 875 905">
     <span class='ocr_line' id='line_1_4' title="bbox 28 473 825 523; baseline 0 -12"><span class='ocrx_word' id='word_1_16' title='bbox 28 504 30 506; x_wconf 81' lang='grc'>-</span> <span class='ocrx_word' id='word_1_17' title='bbox 67 473 166 523; x_wconf 79' lang='grc' dir='ltr'>Προφίητης.</span> <span class='ocrx_word' id='word_1_18' title='bbox 194 474 257 512; x_wconf 88' lang='grc' dir='ltr'>Ἠλίαν</span> <span class='ocrx_word' id='word_1_19' title='bbox 272 475 299 512; x_wconf 82' lang='grc' dir='ltr'>καὶ</span> <span class='ocrx_word' id='word_1_20' title='bbox 314 474 432 513; x_wconf 82' lang='grc' dir='ltr'>Ἐλισαιέ...</span> <span class='ocrx_word' id='word_1_21' title='bbox 461 476 562 515; x_wconf 79' lang='grc' dir='ltr'>Πτέσαντες.</span> <span class='ocrx_word' id='word_1_22' title='bbox 592 477 613 513; x_wconf 88' lang='grc' dir='ltr'>Οί</span> <span class='ocrx_word' id='word_1_23' title='bbox 630 473 825 522; x_wconf 67' lang='grc' dir='ltr'>δὲ’[πτέσαντέςῖμε.</span> 
     </span>
     <span class='ocr_line' id='line_1_5' title="bbox 94 527 645 581; baseline 0.004 -16"><span class='ocrx_word' id='word_1_24' title='bbox 94 528 134 567; x_wconf 78' lang='grc' dir='ltr'>τοῦς</span> <span class='ocrx_word' id='word_1_25' title='bbox 154 527 250 578; x_wconf 73' lang='grc' dir='ltr'>προφήτας.</span> <span class='ocrx_word' id='word_1_26' title='bbox 285 527 346 567; x_wconf 80' lang='lat' dir='ltr'>Olem.</span> <span class='ocrx_word' id='word_1_27' title='bbox 370 528 381 566; x_wconf 87' lang='lat' dir='ltr'>I</span> <span class='ocrx_word' id='word_1_28' title='bbox 403 536 432 578; x_wconf 98' lang='grc'>17.</span> <span class='ocrx_word' id='word_1_29' title='bbox 489 530 531 581; x_wconf 81' lang='lat' dir='ltr'>Igu.</span> <span class='ocrx_word' id='word_1_30' title='bbox 542 528 616 568; x_wconf 79' lang='lat' dir='ltr'>Philad.</span> <span class='ocrx_word' id='word_1_31' title='bbox 628 541 645 578; x_wconf 83' lang='lat'>7.</span> 
     </span>
     <span class='ocr_line' id='line_1_6' title="bbox 95 581 827 633; baseline 0 -14"><span class='ocrx_word' id='word_1_32' title='bbox 95 582 233 630; x_wconf 76' lang='grc' dir='ltr'>ἐπηκολούθησαν</span> <span class='ocrx_word' id='word_1_33' title='bbox 242 584 258 620; x_wconf 89' lang='grc' dir='ltr'>οί</span> <span class='ocrx_word' id='word_1_34' title='bbox 271 581 329 621; x_wconf 85' lang='grc' dir='ltr'>λοιποί</span> <span class='ocrx_word' id='word_1_35' title='bbox 340 584 432 632; x_wconf 80' lang='grc' dir='ltr'>προφῆται.</span> <span class='ocrx_word' id='word_1_36' title='bbox 461 586 540 633; x_wconf 80' lang='grc' dir='ltr'>Πτωχάς.</span> <span class='ocrx_word' id='word_1_37' title='bbox 561 583 662 622; x_wconf 85' lang='grc' dir='ltr'>ὁπλοῦσιος</span> <span class='ocrx_word' id='word_1_38' title='bbox 672 583 794 632; x_wconf 79' lang='grc' dir='ltr'>ἐπιχορηγείτω</span> <span class='ocrx_word' id='word_1_39' title='bbox 803 584 827 633; x_wconf 77' lang='grc' dir='ltr'>τῷ</span> 
     </span>
     <span class='ocr_line' id='line_1_7' title="bbox 96 635 816 689; baseline 0.001 -16"><span class='ocrx_word' id='word_1_40' title='bbox 96 648 127 685; x_wconf 85' lang='lat'>43.</span> <span class='ocrx_word' id='word_1_41' title='bbox 157 639 178 674; x_wconf 81' lang='lat'>01</span> <span class='ocrx_word' id='word_1_42' title='bbox 195 638 229 686; x_wconf 78' lang='grc' dir='ltr'>γάρ</span> <span class='ocrx_word' id='word_1_43' title='bbox 243 637 326 674; x_wconf 85' lang='grc' dir='ltr'>θειότατοι</span> <span class='ocrx_word' id='word_1_44' title='bbox 340 639 432 686; x_wconf 84' lang='grc' dir='ltr'>προφῆται.</span> <span class='ocrx_word' id='word_1_45' title='bbox 487 640 573 689; x_wconf 80' lang='grc' dir='ltr'>πτωχῷ,ὁ</span> <span class='ocrx_word' id='word_1_46' title='bbox 582 638 601 674; x_wconf 78' lang='grc' dir='ltr'>δὲ</span> <span class='ocrx_word' id='word_1_47' title='bbox 610 638 683 685; x_wconf 85' lang='grc' dir='ltr'>πτωχός.</span> <span class='ocrx_word' id='word_1_48' title='bbox 694 635 754 675; x_wconf 78' lang='lat' dir='ltr'>Olem.</span> <span class='ocrx_word' id='word_1_49' title='bbox 764 635 775 673; x_wconf 87' lang='grc' dir='ltr'>Ι</span> <span class='ocrx_word' id='word_1_50' title='bbox 786 638 816 685; x_wconf 83' lang='grc'>38.</span> 
     </span>
     <span class='ocr_line' id='line_1_8' title="bbox 95 689 826 742; baseline -0.001 -14"><span class='ocrx_word' id='word_1_51' title='bbox 95 690 138 742; x_wconf 82' lang='lat' dir='ltr'>Igu.</span> <span class='ocrx_word' id='word_1_52' title='bbox 149 689 215 742; x_wconf 77' lang='lat' dir='ltr'>Magn.</span> <span class='ocrx_word' id='word_1_53' title='bbox 226 692 244 728; x_wconf 91' lang='lat'>8.</span> <span class='ocrx_word' id='word_1_54' title='bbox 273 691 432 741; x_wconf 81' lang='grc' dir='ltr'>οῦκαλοίπροφῆ·</span> <span class='ocrx_word' id='word_1_55' title='bbox 461 694 572 741; x_wconf 88' lang='grc' dir='ltr'>Πυκνάτερον.</span> <span class='ocrx_word' id='word_1_56' title='bbox 601 692 705 736; x_wconf 78' lang='grc' dir='ltr'>Σπουδάζετε</span> <span class='ocrx_word' id='word_1_57' title='bbox 721 690 752 727; x_wconf 83' lang='grc' dir='ltr'>οῦν</span> <span class='ocrx_word' id='word_1_58' title='bbox 766 692 826 728; x_wconf 90' lang='grc' dir='ltr'>πυκνά-</span> 
     </span>
     <span class='ocr_line' id='line_1_9' title="bbox 94 743 875 795; baseline -0.001 -13"><span class='ocrx_word' id='word_1_59' title='bbox 94 760 122 782; x_wconf 90' lang='grc' dir='ltr'>παι</span> <span class='ocrx_word' id='word_1_60' title='bbox 137 746 210 792; x_wconf 81' lang='grc' dir='ltr'>μαθηταί</span> <span class='ocrx_word' id='word_1_61' title='bbox 225 744 276 783; x_wconf 74' lang='grc' dir='ltr'>ὄντες.</span> <span class='ocrx_word' id='word_1_62' title='bbox 291 757 308 795; x_wconf 88' lang='lat'>9.</span> <span class='ocrx_word' id='word_1_63' title='bbox 338 745 377 784; x_wconf 84' lang='grc' dir='ltr'>τοῦς</span> <span class='ocrx_word' id='word_1_64' title='bbox 390 761 432 795; x_wconf 82' lang='grc' dir='ltr'>προ·</span> <span class='ocrx_word' id='word_1_65' title='bbox 487 761 537 793; x_wconf 89' lang='grc' dir='ltr'>τερον</span> <span class='ocrx_word' id='word_1_66' title='bbox 546 745 665 794; x_wconf 83' lang='grc' dir='ltr'>συνέρχεσθαι.</span> <span class='ocrx_word' id='word_1_67' title='bbox 680 744 724 795; x_wconf 79' lang='lat' dir='ltr'>Ign.</span> <span class='ocrx_word' id='word_1_68' title='bbox 734 743 785 795; x_wconf 82' lang='lat' dir='ltr'>Eph.</span> <span class='ocrx_word' id='word_1_69' title='bbox 796 756 826 793; x_wconf 86' lang='lat'>13.</span> <span class='ocrx_word' id='word_1_70' title='bbox 873 752 875 758; x_wconf 84' lang='grc'>’</span> 
     </span>
     <span class='ocr_line' id='line_1_10' title="bbox 95 798 826 849; baseline -0.001 -13"><span class='ocrx_word' id='word_1_71' title='bbox 95 798 151 848; x_wconf 80' lang='grc' dir='ltr'>φήτας</span> <span class='ocrx_word' id='word_1_72' title='bbox 169 800 187 836; x_wconf 81' lang='grc' dir='ltr'>δὲ</span> <span class='ocrx_word' id='word_1_73' title='bbox 206 799 301 848; x_wconf 82' lang='grc' dir='ltr'>ἀγαπῶμεν.</span> <span class='ocrx_word' id='word_1_74' title='bbox 323 798 397 838; x_wconf 78' lang='lat' dir='ltr'>Philad.</span> <span class='ocrx_word' id='word_1_75' title='bbox 413 807 432 848; x_wconf 92' lang='lat'>5.</span> <span class='ocrx_word' id='word_1_76' title='bbox 487 800 701 849; x_wconf 79' lang='grc' dir='ltr'>Πυκνάτερανσυναηωγαὶ</span> <span class='ocrx_word' id='word_1_77' title='bbox 714 798 826 848; x_wconf 81' lang='grc' dir='ltr'>γινέσθωσαν.</span> 
     </span>
     <span class='ocr_line' id='line_1_11' title="bbox 95 853 582 905; baseline -0.002 -14"><span class='ocrx_word' id='word_1_78' title='bbox 95 853 217 902; x_wconf 83' lang='grc' dir='ltr'>θῦμα,...δι’ἢς</span> <span class='ocrx_word' id='word_1_79' title='bbox 224 853 330 903; x_wconf 77' lang='grc' dir='ltr'>εῖσέρχονται</span> <span class='ocrx_word' id='word_1_80' title='bbox 368 856 385 891; x_wconf 88' lang='grc' dir='ltr'>οί</span> <span class='ocrx_word' id='word_1_81' title='bbox 390 869 433 903; x_wconf 88' lang='grc' dir='ltr'>προ·</span> <span class='ocrx_word' id='word_1_82' title='bbox 488 853 551 905; x_wconf 79' lang='lat' dir='ltr'>Polye.</span> <span class='ocrx_word' id='word_1_83' title='bbox 563 868 582 901; x_wconf 89' lang='lat'>4.</span> 
     </span>
    </p>

    <p class='ocr_par' dir='ltr' id='par_1_5' title="bbox 63 906 869 1175">
     <span class='ocr_line' id='line_1_12' title="bbox 63 906 828 958; baseline -0.001 -14"><span class='ocrx_word' id='word_1_84' title='bbox 63 914 64 917; x_wconf 78' lang='grc'>’</span> <span class='ocrx_word' id='word_1_85' title='bbox 95 909 153 956; x_wconf 83' lang='grc' dir='ltr'>φῆται,</span> <span class='ocrx_word' id='word_1_86' title='bbox 161 919 179 957; x_wconf 90' lang='lat'>9.</span> <span class='ocrx_word' id='word_1_87' title='bbox 190 908 433 958; x_wconf 81' lang='grc' dir='ltr'>Οἱγὰμάγαπητοὶπροφῆται</span> <span class='ocrx_word' id='word_1_88' title='bbox 461 913 536 948; x_wconf 81' lang='grc' dir='ltr'>Πυκνῶς.</span> <span class='ocrx_word' id='word_1_89' title='bbox 566 908 621 945; x_wconf 77' lang='grc' dir='ltr'>ὅτ’ἂν</span> <span class='ocrx_word' id='word_1_90' title='bbox 634 908 667 957; x_wconf 81' lang='grc' dir='ltr'>γάρ</span> <span class='ocrx_word' id='word_1_91' title='bbox 682 911 749 945; x_wconf 79' lang='grc' dir='ltr'>πυκνῶς</span> <span class='ocrx_word' id='word_1_92' title='bbox 764 906 792 944; x_wconf 76' lang='grc' dir='ltr'>ε’πί</span> <span class='ocrx_word' id='word_1_93' title='bbox 808 907 828 943; x_wconf 85' lang='grc' dir='ltr'>τὸ</span> 
     </span>
     <span class='ocr_line' id='line_1_13' title="bbox 95 960 771 1013; baseline 0 -15"><span class='ocrx_word' id='word_1_94' title='bbox 95 960 206 1011; x_wconf 63' lang='grc' dir='ltr'>κατήγγειλαν</span> <span class='ocrx_word' id='word_1_95' title='bbox 211 963 235 1000; x_wconf 86' lang='grc' dir='ltr'>είς</span> <span class='ocrx_word' id='word_1_96' title='bbox 242 963 298 1008; x_wconf 76' lang='grc' dir='ltr'>οάτάν.</span> <span class='ocrx_word' id='word_1_97' title='bbox 305 961 331 1000; x_wconf 87' lang='lat' dir='ltr'>ib.</span> <span class='ocrx_word' id='word_1_98' title='bbox 341 963 434 1012; x_wconf 81' lang='grc' dir='ltr'>προσέχειν</span> <span class='ocrx_word' id='word_1_99' title='bbox 488 964 529 1001; x_wconf 75' lang='grc' dir='ltr'>αὐτὸ</span> <span class='ocrx_word' id='word_1_100' title='bbox 538 963 613 1013; x_wconf 82' lang='grc' dir='ltr'>γίνεσθε.</span> <span class='ocrx_word' id='word_1_101' title='bbox 628 961 671 1013; x_wconf 81' lang='lat' dir='ltr'>Igu.</span> <span class='ocrx_word' id='word_1_102' title='bbox 682 960 730 1012; x_wconf 85' lang='lat' dir='ltr'>Eph.</span> <span class='ocrx_word' id='word_1_103' title='bbox 744 972 771 1009; x_wconf 82' lang='grc'>13.</span> 
     </span>
     <span class='ocr_line' id='line_1_14' title="bbox 95 1014 827 1067; baseline -0.003 -14"><span class='ocrx_word' id='word_1_104' title='bbox 95 1016 114 1053; x_wconf 81' lang='grc' dir='ltr'>δὲ</span> <span class='ocrx_word' id='word_1_105' title='bbox 127 1018 163 1055; x_wconf 89' lang='grc' dir='ltr'>τοῖς</span> <span class='ocrx_word' id='word_1_106' title='bbox 176 1015 277 1065; x_wconf 79' lang='grc' dir='ltr'>προφήταις.</span> <span class='ocrx_word' id='word_1_107' title='bbox 289 1015 366 1067; x_wconf 79' lang='lat' dir='ltr'>Smyrn.</span> <span class='ocrx_word' id='word_1_108' title='bbox 375 1028 392 1065; x_wconf 90' lang='lat'>7.</span> <span class='ocrx_word' id='word_1_109' title='bbox 417 1018 442 1053; x_wconf 69' lang='grc' dir='ltr'>οἷ’</span> <span class='ocrx_word' id='word_1_110' title='bbox 460 1017 516 1064; x_wconf 84' lang='grc' dir='ltr'>Πῦλη,</span> <span class='ocrx_word' id='word_1_111' title='bbox 545 1016 595 1063; x_wconf 81' lang='grc' dir='ltr'>Πῦλη</span> <span class='ocrx_word' id='word_1_112' title='bbox 608 1017 642 1065; x_wconf 83' lang='grc' dir='ltr'>γὰρ</span> <span class='ocrx_word' id='word_1_113' title='bbox 657 1014 827 1062; x_wconf 72' lang='grc' dir='ltr'>δικαιοσύνηςάνεω-</span> 
     </span>
     <span class='ocr_line' id='line_1_15' title="bbox 94 1065 869 1121; baseline -0.004 -13"><span class='ocrx_word' id='word_1_114' title='bbox 94 1065 182 1119; x_wconf 74' lang='grc' dir='ltr'>προφῆται</span> <span class='ocrx_word' id='word_1_115' title='bbox 188 1071 204 1107; x_wconf 83' lang='grc' dir='ltr'>οἱ</span> <span class='ocrx_word' id='word_1_116' title='bbox 210 1069 345 1120; x_wconf 72' lang='grc' dir='ltr'>προκηρύξαντες</span> <span class='ocrx_word' id='word_1_117' title='bbox 350 1071 380 1117; x_wconf 80' lang='grc' dir='ltr'>τὴν</span> <span class='ocrx_word' id='word_1_118' title='bbox 385 1072 433 1108; x_wconf 76' lang='grc' dir='ltr'>ἕλευ-</span> <span class='ocrx_word' id='word_1_119' title='bbox 487 1074 527 1121; x_wconf 82' lang='grc' dir='ltr'>γυῖα</span> <span class='ocrx_word' id='word_1_120' title='bbox 536 1073 560 1110; x_wconf 84' lang='grc' dir='ltr'>εἷς</span> <span class='ocrx_word' id='word_1_121' title='bbox 569 1070 616 1117; x_wconf 74' lang='grc' dir='ltr'>ζωήν.</span> <span class='ocrx_word' id='word_1_122' title='bbox 627 1069 688 1109; x_wconf 77' lang='lat' dir='ltr'>Olem.</span> <span class='ocrx_word' id='word_1_123' title='bbox 699 1069 710 1107; x_wconf 91' lang='lat' dir='ltr'>I</span> <span class='ocrx_word' id='word_1_124' title='bbox 720 1070 752 1117; x_wconf 82' lang='lat'>48.</span> <span class='ocrx_word' id='word_1_125' title='bbox 779 1071 827 1105; x_wconf 87' lang='grc' dir='ltr'>Πολ·</span> <span class='ocrx_word' id='word_1_126' title='bbox 867 1088 869 1091; x_wconf 56' lang='lat'>&gt;</span> 
     </span>
     <span class='ocr_line' id='line_1_16' title="bbox 96 1122 772 1175; baseline 0.001 -15"><span class='ocrx_word' id='word_1_127' title='bbox 96 1139 124 1161; x_wconf 89' lang='grc' dir='ltr'>σιυ</span> <span class='ocrx_word' id='word_1_128' title='bbox 133 1127 163 1161; x_wconf 87' lang='grc' dir='ltr'>τοῦ</span> <span class='ocrx_word' id='word_1_129' title='bbox 170 1125 240 1174; x_wconf 86' lang='grc' dir='ltr'>Κυρίου.</span> <span class='ocrx_word' id='word_1_130' title='bbox 250 1123 314 1175; x_wconf 78' lang='lat' dir='ltr'>Polyc.</span> <span class='ocrx_word' id='word_1_131' title='bbox 328 1124 376 1163; x_wconf 82' lang='lat' dir='ltr'>Phil.</span> <span class='ocrx_word' id='word_1_132' title='bbox 388 1125 406 1162; x_wconf 85' lang='lat'>6.</span> <span class='ocrx_word' id='word_1_133' title='bbox 488 1128 523 1163; x_wconf 84' lang='grc' dir='ltr'>λῶν</span> <span class='ocrx_word' id='word_1_134' title='bbox 532 1125 562 1162; x_wconf 81' lang='grc' dir='ltr'>οῦν</span> <span class='ocrx_word' id='word_1_135' title='bbox 570 1127 630 1162; x_wconf 78' lang='grc' dir='ltr'>πυλῶν</span> <span class='ocrx_word' id='word_1_136' title='bbox 638 1125 737 1173; x_wconf 80' lang='grc' dir='ltr'>άυεωγυιῶν.</span> <span class='ocrx_word' id='word_1_137' title='bbox 747 1122 772 1161; x_wconf 85' lang='lat' dir='ltr'>ib.</span> 
     </span>
    </p>
   </div>
   <div class='ocr_carea' id='block_1_4' title="bbox 49 1180 436 3122">
    <p class='ocr_par' dir='ltr' id='par_1_6' title="bbox 68 1180 433 1337">
     <span class='ocr_line' id='line_1_17' title="bbox 68 1180 433 1228; baseline 0.005 -13"><span class='ocrx_word' id='word_1_138' title='bbox 68 1180 181 1227; x_wconf 86' lang='grc' dir='ltr'>Προφητικός.</span> <span class='ocrx_word' id='word_1_139' title='bbox 216 1180 225 1215; x_wconf 86' lang='grc' dir='ltr'>ά</span> <span class='ocrx_word' id='word_1_140' title='bbox 247 1180 353 1228; x_wconf 84' lang='grc' dir='ltr'>προφητικδς</span> <span class='ocrx_word' id='word_1_141' title='bbox 374 1181 433 1225; x_wconf 79' lang='grc' dir='ltr'>λόγος.</span> 
     </span>
     <span class='ocr_line' id='line_1_18' title="bbox 96 1231 389 1271; baseline 0 -1"><span class='ocrx_word' id='word_1_142' title='bbox 96 1231 156 1270; x_wconf 77' lang='lat' dir='ltr'>Olem.</span> <span class='ocrx_word' id='word_1_143' title='bbox 175 1231 198 1269; x_wconf 88' lang='grc' dir='ltr'>Π</span> <span class='ocrx_word' id='word_1_144' title='bbox 221 1244 249 1269; x_wconf 90' lang='grc'>11.</span> <span class='ocrx_word' id='word_1_145' title='bbox 287 1234 433 1271; x_wconf 84' lang='grc' dir='ltr'>διδάσκαλος</span> 
     </span>
     <span class='ocr_line' id='line_1_19' title="bbox 95 1285 394 1337; baseline 0 -13"><span class='ocrx_word' id='word_1_146' title='bbox 95 1288 206 1335; x_wconf 85' lang='grc' dir='ltr'>προφητικάς.</span> <span class='ocrx_word' id='word_1_147' title='bbox 217 1285 275 1324; x_wconf 68' lang='lat' dir='ltr'>Mart.</span> <span class='ocrx_word' id='word_1_148' title='bbox 286 1285 350 1337; x_wconf 74' lang='lat' dir='ltr'>Polyc.</span> <span class='ocrx_word' id='word_1_149' title='bbox 363 1287 394 1324; x_wconf 90' lang='lat'>16.</span> 
     </span>
    </p>

    <p class='ocr_par' dir='ltr' id='par_1_7' title="bbox 49 1337 435 1554">
     <span class='ocr_line' id='line_1_20' title="bbox 49 1337 432 1390; baseline -0.003 -12"><span class='ocrx_word' id='word_1_150' title='bbox 49 1356 50 1359; x_wconf 50' lang='lat'>¹</span> <span class='ocrx_word' id='word_1_151' title='bbox 68 1343 187 1390; x_wconf 83' lang='grc' dir='ltr'>Προφητικῶς.</span> <span class='ocrx_word' id='word_1_152' title='bbox 216 1338 263 1378; x_wconf 82' lang='grc' dir='ltr'>εἶπεν</span> <span class='ocrx_word' id='word_1_153' title='bbox 271 1343 315 1390; x_wconf 82' lang='grc' dir='ltr'>πρὸς</span> <span class='ocrx_word' id='word_1_154' title='bbox 323 1341 363 1379; x_wconf 82' lang='grc' dir='ltr'>τοῦς</span> <span class='ocrx_word' id='word_1_155' title='bbox 372 1337 432 1378; x_wconf 82' lang='grc' dir='ltr'>συνόν-</span> 
     </span>
     <span class='ocr_line' id='line_1_21' title="bbox 95 1394 434 1445; baseline 0.003 -13"><span class='ocrx_word' id='word_1_156' title='bbox 95 1410 126 1433; x_wconf 90' lang='grc' dir='ltr'>τας</span> <span class='ocrx_word' id='word_1_157' title='bbox 141 1396 186 1445; x_wconf 79' lang='grc' dir='ltr'>αὐτῷ</span> <span class='ocrx_word' id='word_1_158' title='bbox 199 1397 313 1444; x_wconf 74' lang='grc' dir='ltr'>προφητικῶς,</span> <span class='ocrx_word' id='word_1_159' title='bbox 328 1394 386 1434; x_wconf 76' lang='lat' dir='ltr'>Mart.</span> <span class='ocrx_word' id='word_1_160' title='bbox 398 1395 434 1433; x_wconf 88' lang='grc' dir='ltr'>Ρο-</span> 
     </span>
     <span class='ocr_line' id='line_1_22' title="bbox 95 1447 435 1500; baseline -0.003 -14"><span class='ocrx_word' id='word_1_161' title='bbox 95 1448 132 1500; x_wconf 80' lang='lat' dir='ltr'>lyc.</span> <span class='ocrx_word' id='word_1_162' title='bbox 145 1456 162 1497; x_wconf 88' lang='lat'>5.</span> <span class='ocrx_word' id='word_1_163' title='bbox 185 1447 232 1486; x_wconf 82' lang='grc' dir='ltr'>εἶπεν</span> <span class='ocrx_word' id='word_1_164' title='bbox 239 1449 352 1498; x_wconf 79' lang='grc' dir='ltr'>ἐπιστραφείς</span> <span class='ocrx_word' id='word_1_165' title='bbox 360 1452 396 1488; x_wconf 80' lang='grc' dir='ltr'>τοῖς</span> <span class='ocrx_word' id='word_1_166' title='bbox 403 1449 435 1488; x_wconf 84' lang='grc' dir='ltr'>σῦν</span> 
     </span>
     <span class='ocr_line' id='line_1_23' title="bbox 96 1504 384 1554; baseline 0 -14"><span class='ocrx_word' id='word_1_167' title='bbox 96 1505 140 1554; x_wconf 69' lang='grc' dir='ltr'>αὐτῷ</span> <span class='ocrx_word' id='word_1_168' title='bbox 150 1506 218 1541; x_wconf 77' lang='grc' dir='ltr'>πιστοῖς</span> <span class='ocrx_word' id='word_1_169' title='bbox 226 1505 341 1552; x_wconf 80' lang='grc' dir='ltr'>προφητικῶς.</span> <span class='ocrx_word' id='word_1_170' title='bbox 354 1504 384 1541; x_wconf 80' lang='grc'>12.</span> 
     </span>
    </p>

    <p class='ocr_par' dir='ltr' id='par_1_8' title="bbox 69 1558 435 1659">
     <span class='ocr_line' id='line_1_24' title="bbox 69 1558 435 1607; baseline 0 -13"><span class='ocrx_word' id='word_1_171' title='bbox 69 1558 184 1607; x_wconf 85' lang='grc' dir='ltr'>Προφθάνειν.</span> <span class='ocrx_word' id='word_1_172' title='bbox 204 1558 232 1594; x_wconf 76' lang='grc' dir='ltr'>ἐὰν</span> <span class='ocrx_word' id='word_1_173' title='bbox 242 1558 260 1594; x_wconf 77' lang='grc' dir='ltr'>δὲ</span> <span class='ocrx_word' id='word_1_174' title='bbox 269 1558 364 1606; x_wconf 84' lang='grc' dir='ltr'>προφθάση</span> <span class='ocrx_word' id='word_1_175' title='bbox 373 1559 397 1596; x_wconf 85' lang='grc' dir='ltr'>εἶς</span> <span class='ocrx_word' id='word_1_176' title='bbox 406 1558 435 1605; x_wconf 78' lang='grc' dir='ltr'>τὴν</span> 
     </span>
     <span class='ocr_line' id='line_1_25' title="bbox 97 1611 415 1659; baseline 0.003 -11"><span class='ocrx_word' id='word_1_177' title='bbox 97 1612 165 1659; x_wconf 82' lang='grc' dir='ltr'>κάμινον</span> <span class='ocrx_word' id='word_1_178' title='bbox 177 1641 193 1650; x_wconf 93' lang='grc'>..</span> <span class='ocrx_word' id='word_1_179' title='bbox 203 1639 207 1648; x_wconf 94' lang='grc'>.</span> <span class='ocrx_word' id='word_1_180' title='bbox 217 1614 282 1656; x_wconf 81' lang='grc' dir='ltr'>βαλεῖν.</span> <span class='ocrx_word' id='word_1_181' title='bbox 293 1611 353 1650; x_wconf 79' lang='lat' dir='ltr'>Olem.</span> <span class='ocrx_word' id='word_1_182' title='bbox 365 1611 387 1649; x_wconf 86' lang='grc' dir='ltr'>Π</span> <span class='ocrx_word' id='word_1_183' title='bbox 397 1613 415 1649; x_wconf 89' lang='grc'>8.</span> 
     </span>
    </p>

    <p class='ocr_par' dir='ltr' id='par_1_9' title="bbox 69 1666 436 1987">
     <span class='ocr_line' id='line_1_26' title="bbox 69 1666 434 1715; baseline 0.003 -13"><span class='ocrx_word' id='word_1_184' title='bbox 69 1666 212 1715; x_wconf 84' lang='grc' dir='ltr'>Προφυλάσσειν.</span> <span class='ocrx_word' id='word_1_185' title='bbox 240 1666 286 1702; x_wconf 92' lang='grc' dir='ltr'>θέλω</span> <span class='ocrx_word' id='word_1_186' title='bbox 295 1667 434 1715; x_wconf 88' lang='grc' dir='ltr'>πραφυλάσσεσ-</span> 
     </span>
     <span class='ocr_line' id='line_1_27' title="bbox 97 1718 433 1770; baseline -0.003 -13"><span class='ocrx_word' id='word_1_187' title='bbox 97 1720 125 1757; x_wconf 90' lang='grc' dir='ltr'>θαι</span> <span class='ocrx_word' id='word_1_188' title='bbox 139 1721 187 1767; x_wconf 80' lang='grc' dir='ltr'>ὑμᾶς.</span> <span class='ocrx_word' id='word_1_189' title='bbox 202 1718 362 1770; x_wconf 76' lang='lat' dir='ltr'>Ig11.Mag11.11.</span> <span class='ocrx_word' id='word_1_190' title='bbox 391 1736 433 1769; x_wconf 88' lang='grc' dir='ltr'>προ-</span> 
     </span>
     <span class='ocr_line' id='line_1_28' title="bbox 96 1775 435 1823; baseline 0 -13"><span class='ocrx_word' id='word_1_191' title='bbox 96 1775 185 1823; x_wconf 89' lang='grc' dir='ltr'>φυλάσσω</span> <span class='ocrx_word' id='word_1_192' title='bbox 201 1775 243 1820; x_wconf 81' lang='grc' dir='ltr'>ὑμᾶς</span> <span class='ocrx_word' id='word_1_193' title='bbox 258 1775 307 1813; x_wconf 82' lang='grc' dir='ltr'>θντας</span> <span class='ocrx_word' id='word_1_194' title='bbox 320 1790 353 1821; x_wconf 91' lang='grc' dir='ltr'>μου</span> <span class='ocrx_word' id='word_1_195' title='bbox 370 1775 435 1823; x_wconf 76' lang='grc' dir='ltr'>ἀγαπη-</span> 
     </span>
     <span class='ocr_line' id='line_1_29' title="bbox 97 1827 434 1877; baseline 0 -12"><span class='ocrx_word' id='word_1_196' title='bbox 97 1828 141 1866; x_wconf 83' lang='grc' dir='ltr'>τοῦς.</span> <span class='ocrx_word' id='word_1_197' title='bbox 157 1827 215 1866; x_wconf 79' lang='lat' dir='ltr'>Trall.</span> <span class='ocrx_word' id='word_1_198' title='bbox 227 1829 245 1865; x_wconf 85' lang='lat'>8.</span> <span class='ocrx_word' id='word_1_199' title='bbox 274 1830 402 1877; x_wconf 84' lang='grc' dir='ltr'>Προφυλάσσω</span> <span class='ocrx_word' id='word_1_200' title='bbox 416 1829 434 1865; x_wconf 78' lang='grc' dir='ltr'>δὲ</span> 
     </span>
     <span class='ocr_line' id='line_1_30' title="bbox 97 1883 436 1931; baseline 0 -13"><span class='ocrx_word' id='word_1_201' title='bbox 97 1884 139 1929; x_wconf 79' lang='grc' dir='ltr'>ὑμᾶς</span> <span class='ocrx_word' id='word_1_202' title='bbox 152 1883 184 1919; x_wconf 83' lang='grc' dir='ltr'>ἀπὸ</span> <span class='ocrx_word' id='word_1_203' title='bbox 193 1887 226 1919; x_wconf 80' lang='grc' dir='ltr'>τῶν</span> <span class='ocrx_word' id='word_1_204' title='bbox 236 1883 297 1931; x_wconf 90' lang='grc' dir='ltr'>θηρίων</span> <span class='ocrx_word' id='word_1_205' title='bbox 306 1887 339 1919; x_wconf 79' lang='grc' dir='ltr'>τῶν</span> <span class='ocrx_word' id='word_1_206' title='bbox 348 1883 436 1931; x_wconf 81' lang='grc' dir='ltr'>ἄνθρωπο-</span> 
     </span>
     <span class='ocr_line' id='line_1_31' title="bbox 97 1935 289 1987; baseline 0.005 -15"><span class='ocrx_word' id='word_1_207' title='bbox 97 1938 173 1985; x_wconf 77' lang='grc' dir='ltr'>μόρφων,</span> <span class='ocrx_word' id='word_1_208' title='bbox 185 1935 261 1987; x_wconf 64' lang='grc'>81117111.</span> <span class='ocrx_word' id='word_1_209' title='bbox 271 1949 289 1983; x_wconf 84' lang='lat'>4.</span> 
     </span>
    </p>

    <p class='ocr_par' dir='ltr' id='par_1_10' title="bbox 70 1990 435 2095">
     <span class='ocr_line' id='line_1_32' title="bbox 70 1990 435 2040; baseline 0 -14"><span class='ocrx_word' id='word_1_210' title='bbox 70 1990 145 2039; x_wconf 85' lang='grc' dir='ltr'>Πρῦμνη.</span> <span class='ocrx_word' id='word_1_211' title='bbox 174 1993 203 2037; x_wconf 78' lang='grc' dir='ltr'>τῆς</span> <span class='ocrx_word' id='word_1_212' title='bbox 212 1992 250 2037; x_wconf 80' lang='grc' dir='ltr'>νηὸς</span> <span class='ocrx_word' id='word_1_213' title='bbox 259 1992 277 2027; x_wconf 77' lang='grc' dir='ltr'>ἐκ</span> <span class='ocrx_word' id='word_1_214' title='bbox 285 1990 361 2040; x_wconf 77' lang='grc' dir='ltr'>πρύμνης</span> <span class='ocrx_word' id='word_1_215' title='bbox 370 1991 435 2040; x_wconf 79' lang='grc' dir='ltr'>ἔπειγο-</span> 
     </span>
     <span class='ocr_line' id='line_1_33' title="bbox 97 2044 307 2095; baseline 0.01 -15"><span class='ocrx_word' id='word_1_216' title='bbox 97 2044 151 2092; x_wconf 90' lang='grc' dir='ltr'>μένης.</span> <span class='ocrx_word' id='word_1_217' title='bbox 166 2044 223 2083; x_wconf 67' lang='lat' dir='ltr'>Mart.</span> <span class='ocrx_word' id='word_1_218' title='bbox 236 2045 276 2095; x_wconf 77' lang='lat' dir='ltr'>Igu.</span> <span class='ocrx_word' id='word_1_219' title='bbox 288 2053 307 2092; x_wconf 87' lang='lat'>5.</span> 
     </span>
    </p>

    <p class='ocr_par' dir='ltr' id='par_1_11' title="bbox 70 2096 408 2148">
     <span class='ocr_line' id='line_1_34' title="bbox 70 2096 408 2148; baseline 0.006 -14"><span class='ocrx_word' id='word_1_220' title='bbox 70 2096 139 2147; x_wconf 83' lang='grc' dir='ltr'>Πρωίας</span> <span class='ocrx_word' id='word_1_221' title='bbox 148 2100 166 2135; x_wconf 79' lang='grc' dir='ltr'>δὲ</span> <span class='ocrx_word' id='word_1_222' title='bbox 175 2099 267 2148; x_wconf 76' lang='grc' dir='ltr'>γενομένης.</span> <span class='ocrx_word' id='word_1_223' title='bbox 284 2098 345 2137; x_wconf 78' lang='grc' dir='ltr'>Οίο111.</span> <span class='ocrx_word' id='word_1_224' title='bbox 355 2098 366 2136; x_wconf 88' lang='grc' dir='ltr'>Ι</span> <span class='ocrx_word' id='word_1_225' title='bbox 377 2111 408 2148; x_wconf 80' lang='grc'>43.</span> 
     </span>
    </p>

    <p class='ocr_par' dir='ltr' id='par_1_12' title="bbox 70 2152 436 2312">
     <span class='ocr_line' id='line_1_35' title="bbox 70 2152 436 2202; baseline 0.003 -14"><span class='ocrx_word' id='word_1_226' title='bbox 70 2152 229 2201; x_wconf 84' lang='grc' dir='ltr'>Πμωτοκορῦφαιος.</span> <span class='ocrx_word' id='word_1_227' title='bbox 258 2155 304 2202; x_wconf 87' lang='grc' dir='ltr'>παρίι</span> <span class='ocrx_word' id='word_1_228' title='bbox 312 2157 343 2190; x_wconf 91' lang='grc' dir='ltr'>τοῦ</span> <span class='ocrx_word' id='word_1_229' title='bbox 352 2154 401 2202; x_wconf 81' lang='grc' dir='ltr'>ἁγίου</span> <span class='ocrx_word' id='word_1_230' title='bbox 410 2155 436 2189; x_wconf 86' lang='grc' dir='ltr'>καὶ</span> 
     </span>
     <span class='ocr_line' id='line_1_36' title="bbox 97 2206 435 2256; baseline 0.006 -13"><span class='ocrx_word' id='word_1_231' title='bbox 97 2208 249 2255; x_wconf 85' lang='grc' dir='ltr'>πρωτοκορυφαίου</span> <span class='ocrx_word' id='word_1_232' title='bbox 271 2207 344 2256; x_wconf 84' lang='grc' dir='ltr'>Πέτρου.</span> <span class='ocrx_word' id='word_1_233' title='bbox 375 2206 435 2246; x_wconf 71' lang='lat' dir='ltr'>Ulem.</span> 
     </span>
     <span class='ocr_line' id='line_1_37' title="bbox 98 2259 215 2312; baseline 0 -14"><span class='ocrx_word' id='word_1_234' title='bbox 98 2259 175 2312; x_wconf 76' lang='lat' dir='ltr'>Fragm.</span> <span class='ocrx_word' id='word_1_235' title='bbox 183 2274 215 2306; x_wconf 74' lang='grc' dir='ltr'>1.ι</span> 
     </span>
    </p>

    <p class='ocr_par' dir='ltr' id='par_1_13' title="bbox 71 2316 436 2526">
     <span class='ocr_line' id='line_1_38' title="bbox 71 2316 436 2365; baseline 0.005 -14"><span class='ocrx_word' id='word_1_236' title='bbox 71 2319 147 2364; x_wconf 78' lang='grc' dir='ltr'>Πρῶτον.</span> <span class='ocrx_word' id='word_1_237' title='bbox 175 2316 196 2351; x_wconf 90' lang='grc' dir='ltr'>Τί</span> <span class='ocrx_word' id='word_1_238' title='bbox 211 2319 279 2364; x_wconf 81' lang='grc' dir='ltr'>πρῶτον</span> <span class='ocrx_word' id='word_1_239' title='bbox 292 2317 331 2363; x_wconf 84' lang='grc' dir='ltr'>ὑμῖν</span> <span class='ocrx_word' id='word_1_240' title='bbox 345 2317 436 2365; x_wconf 56' lang='grc' dir='ltr'>ἔγραψας</span> 
     </span>
     <span class='ocr_line' id='line_1_39' title="bbox 99 2368 436 2419; baseline -0.003 -12"><span class='ocrx_word' id='word_1_241' title='bbox 99 2368 159 2407; x_wconf 76' lang='lat' dir='ltr'>Olem.</span> <span class='ocrx_word' id='word_1_242' title='bbox 170 2370 179 2406; x_wconf 86' lang='grc' dir='ltr'>Ι</span> <span class='ocrx_word' id='word_1_243' title='bbox 190 2376 221 2418; x_wconf 81' lang='grc'>47.</span> <span class='ocrx_word' id='word_1_244' title='bbox 239 2375 307 2419; x_wconf 85' lang='grc' dir='ltr'>πρῶτον</span> <span class='ocrx_word' id='word_1_245' title='bbox 315 2371 346 2417; x_wconf 77' lang='grc' dir='ltr'>μέν</span> <span class='ocrx_word' id='word_1_246' title='bbox 354 2369 381 2407; x_wconf 80' lang='grc' dir='ltr'>ὅτι</span> <span class='ocrx_word' id='word_1_247' title='bbox 390 2370 436 2417; x_wconf 80' lang='grc' dir='ltr'>ἡμεῖς</span> 
     </span>
     <span class='ocr_line' id='line_1_40' title="bbox 98 2423 435 2473; baseline 0.003 -14"><span class='ocrx_word' id='word_1_248' title='bbox 98 2426 114 2460; x_wconf 86' lang='grc' dir='ltr'>οί</span> <span class='ocrx_word' id='word_1_249' title='bbox 124 2426 188 2469; x_wconf 75' lang='grc' dir='ltr'>ζῶντες.</span> <span class='ocrx_word' id='word_1_250' title='bbox 200 2423 222 2460; x_wconf 89' lang='grc' dir='ltr'>Π</span> <span class='ocrx_word' id='word_1_251' title='bbox 232 2437 249 2473; x_wconf 84' lang='lat'>3.</span> <span class='ocrx_word' id='word_1_252' title='bbox 271 2428 341 2473; x_wconf 82' lang='grc' dir='ltr'>,πρῶτον</span> <span class='ocrx_word' id='word_1_253' title='bbox 350 2425 380 2470; x_wconf 78' lang='grc' dir='ltr'>μέν</span> <span class='ocrx_word' id='word_1_254' title='bbox 389 2426 435 2472; x_wconf 87' lang='grc' dir='ltr'>φυλ-</span> 
     </span>
     <span class='ocr_line' id='line_1_41' title="bbox 98 2480 215 2526; baseline 0.017 -13"><span class='ocrx_word' id='word_1_255' title='bbox 98 2480 172 2526; x_wconf 86' lang='grc' dir='ltr'>λορροεῖ.</span> <span class='ocrx_word' id='word_1_256' title='bbox 186 2490 215 2515; x_wconf 92' lang='grc' dir='ltr'>ΙΙ.</span> 
     </span>
    </p>

    <p class='ocr_par' dir='ltr' id='par_1_14' title="bbox 71 2532 436 2905">
     <span class='ocr_line' id='line_1_42' title="bbox 71 2532 434 2581; baseline 0 -13"><span class='ocrx_word' id='word_1_257' title='bbox 71 2536 148 2580; x_wconf 83' lang='grc' dir='ltr'>Πρῶτος.</span> <span class='ocrx_word' id='word_1_258' title='bbox 177 2532 200 2568; x_wconf 78' lang='grc' dir='ltr'>ὢν</span> <span class='ocrx_word' id='word_1_259' title='bbox 211 2533 242 2580; x_wconf 82' lang='grc' dir='ltr'>μὲν</span> <span class='ocrx_word' id='word_1_260' title='bbox 254 2533 274 2568; x_wconf 84' lang='grc' dir='ltr'>τὸ</span> <span class='ocrx_word' id='word_1_261' title='bbox 288 2536 355 2581; x_wconf 80' lang='grc' dir='ltr'>πρῶτον</span> <span class='ocrx_word' id='word_1_262' title='bbox 363 2535 434 2579; x_wconf 83' lang='grc' dir='ltr'>πνεῦμα.</span> 
     </span>
     <span class='ocr_line' id='line_1_43' title="bbox 99 2584 436 2636; baseline -0.006 -13"><span class='ocrx_word' id='word_1_263' title='bbox 99 2584 158 2624; x_wconf 71' lang='lat' dir='ltr'>Ulem.</span> <span class='ocrx_word' id='word_1_264' title='bbox 177 2586 198 2623; x_wconf 90' lang='grc' dir='ltr'>Π</span> <span class='ocrx_word' id='word_1_265' title='bbox 215 2599 233 2636; x_wconf 87' lang='lat'>9.</span> <span class='ocrx_word' id='word_1_266' title='bbox 262 2587 289 2622; x_wconf 83' lang='grc' dir='ltr'>διὰ</span> <span class='ocrx_word' id='word_1_267' title='bbox 307 2587 338 2633; x_wconf 84' lang='grc' dir='ltr'>μὲν</span> <span class='ocrx_word' id='word_1_268' title='bbox 355 2587 388 2635; x_wconf 81' lang='grc' dir='ltr'>γὰρ</span> <span class='ocrx_word' id='word_1_269' title='bbox 406 2589 436 2622; x_wconf 85' lang='grc' dir='ltr'>τοῦ</span> 
     </span>
     <span class='ocr_line' id='line_1_44' title="bbox 98 2639 435 2689; baseline -0.003 -12"><span class='ocrx_word' id='word_1_270' title='bbox 98 2643 166 2688; x_wconf 86' lang='grc' dir='ltr'>πρώτου</span> <span class='ocrx_word' id='word_1_271' title='bbox 185 2641 248 2686; x_wconf 70' lang='grc' dir='ltr'>’ἔδειξεν</span> <span class='ocrx_word' id='word_1_272' title='bbox 268 2640 294 2677; x_wconf 81' lang='grc' dir='ltr'>ὅτι</span> <span class='ocrx_word' id='word_1_273' title='bbox 317 2643 364 2678; x_wconf 86' lang='grc' dir='ltr'>Θεός.</span> <span class='ocrx_word' id='word_1_274' title='bbox 393 2639 435 2689; x_wconf 81' lang='lat' dir='ltr'>Ign.</span> 
     </span>
     <span class='ocr_line' id='line_1_45' title="bbox 99 2693 436 2745; baseline 0.003 -15"><span class='ocrx_word' id='word_1_275' title='bbox 99 2693 175 2745; x_wconf 76' lang='lat' dir='ltr'>Fl&#39;agnl.</span> <span class='ocrx_word' id='word_1_276' title='bbox 191 2694 231 2733; x_wconf 77' lang='lat' dir='ltr'>viii.</span> <span class='ocrx_word' id='word_1_277' title='bbox 260 2695 353 2742; x_wconf 76' lang='grc' dir='ltr'>διδάξωμεν</span> <span class='ocrx_word' id='word_1_278' title='bbox 368 2694 436 2731; x_wconf 77' lang='grc' dir='ltr'>ἑαυτοὺς</span> 
     </span>
     <span class='ocr_line' id='line_1_46' title="bbox 97 2748 436 2799; baseline -0.006 -14"><span class='ocrx_word' id='word_1_279' title='bbox 97 2753 170 2797; x_wconf 82' lang='grc' dir='ltr'>πρῶτον.</span> <span class='ocrx_word' id='word_1_280' title='bbox 187 2748 250 2799; x_wconf 82' lang='lat' dir='ltr'>Polyc.</span> <span class='ocrx_word' id='word_1_281' title='bbox 265 2748 313 2786; x_wconf 83' lang='lat' dir='ltr'><strong>Phil.</strong></span> <span class='ocrx_word' id='word_1_282' title='bbox 327 2762 344 2795; x_wconf 82' lang='lat'>4.</span> <span class='ocrx_word' id='word_1_283' title='bbox 373 2749 392 2784; x_wconf 85' lang='grc' dir='ltr'>τὸ</span> <span class='ocrx_word' id='word_1_284' title='bbox 406 2748 436 2794; x_wconf 78' lang='grc' dir='ltr'>μὲν</span> 
     </span>
     <span class='ocr_line' id='line_1_47' title="bbox 98 2801 435 2852; baseline -0.009 -12"><span class='ocrx_word' id='word_1_285' title='bbox 98 2807 165 2850; x_wconf 82' lang='grc' dir='ltr'>πρῶτον</span> <span class='ocrx_word' id='word_1_286' title='bbox 177 2803 256 2841; x_wconf 79' lang='grc' dir='ltr'>ἀκούσας.</span> <span class='ocrx_word' id='word_1_287' title='bbox 274 2802 332 2840; x_wconf 72' lang='grc' dir='ltr'>Ματί.</span> <span class='ocrx_word' id='word_1_288' title='bbox 343 2801 406 2852; x_wconf 81' lang='lat' dir='ltr'>Polyc.</span> <span class='ocrx_word' id='word_1_289' title='bbox 418 2810 435 2849; x_wconf 89' lang='lat'>5.</span> 
     </span>
     <span class='ocr_line' id='line_1_48' title="bbox 98 2858 409 2905; baseline 0 -13"><span class='ocrx_word' id='word_1_290' title='bbox 98 2859 119 2893; x_wconf 84' lang='grc' dir='ltr'>τὰ</span> <span class='ocrx_word' id='word_1_291' title='bbox 128 2858 158 2904; x_wconf 76' lang='grc' dir='ltr'>μὲν</span> <span class='ocrx_word' id='word_1_292' title='bbox 167 2862 227 2905; x_wconf 80' lang='grc' dir='ltr'>πρῶτα</span> <span class='ocrx_word' id='word_1_293' title='bbox 236 2859 266 2894; x_wconf 87' lang='grc' dir='ltr'>οὐκ</span> <span class='ocrx_word' id='word_1_294' title='bbox 274 2858 379 2905; x_wconf 83' lang='grc' dir='ltr'>ἀπεκρίνατο.</span> <span class='ocrx_word' id='word_1_295' title='bbox 391 2858 409 2893; x_wconf 89' lang='grc'>8.</span> 
     </span>
    </p>

    <p class='ocr_par' dir='ltr' id='par_1_15' title="bbox 71 2912 436 3015">
     <span class='ocr_line' id='line_1_49' title="bbox 71 2912 436 2960; baseline 0 -15"><span class='ocrx_word' id='word_1_296' title='bbox 71 2913 187 2959; x_wconf 72' lang='grc' dir='ltr'>Πρωτότοκος,</span> <span class='ocrx_word' id='word_1_297' title='bbox 221 2913 328 2960; x_wconf 85' lang='grc' dir='ltr'>πρωτότοκάς</span> <span class='ocrx_word' id='word_1_298' title='bbox 351 2912 388 2947; x_wconf 82' lang='grc' dir='ltr'>ἐστι</span> <span class='ocrx_word' id='word_1_299' title='bbox 406 2912 436 2946; x_wconf 87' lang='grc' dir='ltr'>τοῦ</span> 
     </span>
     <span class='ocr_line' id='line_1_50' title="bbox 99 2964 332 3015; baseline 0.009 -15"><span class='ocrx_word' id='word_1_300' title='bbox 99 2968 168 3001; x_wconf 85' lang='grc' dir='ltr'>Σατανᾶ.</span> <span class='ocrx_word' id='word_1_301' title='bbox 179 2964 242 3015; x_wconf 74' lang='lat' dir='ltr'>Polyc.</span> <span class='ocrx_word' id='word_1_302' title='bbox 254 2964 302 3003; x_wconf 80' lang='lat' dir='ltr'>Phil.</span> <span class='ocrx_word' id='word_1_303' title='bbox 315 2973 332 3013; x_wconf 83' lang='lat'>7.</span> 
     </span>
    </p>

    <p class='ocr_par' dir='ltr' id='par_1_16' title="bbox 72 3019 434 3122">
     <span class='ocr_line' id='line_1_51' title="bbox 72 3019 434 3065; baseline 0 -11"><span class='ocrx_word' id='word_1_304' title='bbox 72 3019 144 3056; x_wconf 88' lang='grc' dir='ltr'>Πταίειν.</span> <span class='ocrx_word' id='word_1_305' title='bbox 174 3021 194 3054; x_wconf 85' lang='grc' dir='ltr'>οὐ</span> <span class='ocrx_word' id='word_1_306' title='bbox 213 3019 270 3065; x_wconf 73' lang='grc' dir='ltr'>δήσεις</span> <span class='ocrx_word' id='word_1_307' title='bbox 289 3021 318 3056; x_wconf 83' lang='grc' dir='ltr'>τὸν</span> <span class='ocrx_word' id='word_1_308' title='bbox 336 3019 434 3056; x_wconf 87' lang='grc' dir='ltr'>πταίσαντα.</span> 
     </span>
     <span class='ocr_line' id='line_1_52' title="bbox 99 3071 277 3122; baseline -0.006 -12"><span class='ocrx_word' id='word_1_309' title='bbox 99 3071 158 3110; x_wconf 81' lang='lat' dir='ltr'>Olem.</span> <span class='ocrx_word' id='word_1_310' title='bbox 170 3072 246 3122; x_wconf 59' lang='grc' dir='ltr'>λίτομαι,</span> <span class='ocrx_word' id='word_1_311' title='bbox 257 3084 277 3109; x_wconf 83' lang='lat' dir='ltr'>x.</span> 
     </span>
    </p>
   </div>
   <div class='ocr_carea' id='block_1_5' title="bbox 461 1178 837 2147">
    <p class='ocr_par' dir='ltr' id='par_1_17' title="bbox 461 1178 837 2147">
     <span class='ocr_line' id='line_1_53' title="bbox 461 1178 828 1229; baseline -0.003 -14"><span class='ocrx_word' id='word_1_312' title='bbox 461 1182 505 1229; x_wconf 88' lang='grc' dir='ltr'>Πῦρ.</span> <span class='ocrx_word' id='word_1_313' title='bbox 522 1181 552 1226; x_wconf 80' lang='grc' dir='ltr'>τῆς</span> <span class='ocrx_word' id='word_1_314' title='bbox 560 1181 657 1228; x_wconf 77' lang='grc' dir='ltr'>περιχώρου</span> <span class='ocrx_word' id='word_1_315' title='bbox 667 1208 682 1217; x_wconf 95' lang='grc'>..</span> <span class='ocrx_word' id='word_1_316' title='bbox 692 1207 696 1217; x_wconf 90' lang='grc'>.</span> <span class='ocrx_word' id='word_1_317' title='bbox 705 1178 791 1228; x_wconf 80' lang='grc' dir='ltr'>κριθείσης</span> <span class='ocrx_word' id='word_1_318' title='bbox 800 1178 828 1214; x_wconf 79' lang='grc' dir='ltr'>διὰ</span> 
     </span>
     <span class='ocr_line' id='line_1_54' title="bbox 488 1231 825 1282; baseline -0.009 -11"><span class='ocrx_word' id='word_1_319' title='bbox 488 1235 545 1282; x_wconf 86' lang='grc' dir='ltr'>πυράς.</span> <span class='ocrx_word' id='word_1_320' title='bbox 563 1231 622 1271; x_wconf 76' lang='lat' dir='ltr'>Olem.</span> <span class='ocrx_word' id='word_1_321' title='bbox 639 1232 650 1270; x_wconf 90' lang='lat' dir='ltr'>I</span> <span class='ocrx_word' id='word_1_322' title='bbox 667 1244 698 1271; x_wconf 90' lang='lat'>11.</span> <span class='ocrx_word' id='word_1_323' title='bbox 726 1232 825 1281; x_wconf 83' lang='grc' dir='ltr'>κατείρχθη-</span> 
     </span>
     <span class='ocr_line' id='line_1_55' title="bbox 489 1286 827 1335; baseline -0.006 -11"><span class='ocrx_word' id='word_1_324' title='bbox 489 1302 522 1324; x_wconf 86' lang='grc' dir='ltr'>σαν</span> <span class='ocrx_word' id='word_1_325' title='bbox 538 1287 562 1325; x_wconf 85' lang='grc' dir='ltr'>εἷς</span> <span class='ocrx_word' id='word_1_326' title='bbox 575 1288 643 1334; x_wconf 85' lang='grc' dir='ltr'>κάμινον</span> <span class='ocrx_word' id='word_1_327' title='bbox 658 1288 722 1335; x_wconf 71' lang='grc' dir='ltr'>πυράςς</span> <span class='ocrx_word' id='word_1_328' title='bbox 742 1293 775 1334; x_wconf 87' lang='lat'>45.</span> <span class='ocrx_word' id='word_1_329' title='bbox 793 1286 827 1323; x_wconf 82' lang='grc' dir='ltr'>-εἶς</span> 
     </span>
     <span class='ocr_line' id='line_1_56' title="bbox 488 1341 825 1389; baseline -0.006 -11"><span class='ocrx_word' id='word_1_330' title='bbox 488 1342 518 1388; x_wconf 77' lang='grc' dir='ltr'>τὴν</span> <span class='ocrx_word' id='word_1_331' title='bbox 527 1343 594 1389; x_wconf 87' lang='grc' dir='ltr'>κάμινον</span> <span class='ocrx_word' id='word_1_332' title='bbox 603 1344 633 1378; x_wconf 87' lang='grc' dir='ltr'>τοῦ</span> <span class='ocrx_word' id='word_1_333' title='bbox 641 1342 695 1389; x_wconf 82' lang='grc' dir='ltr'>πυρὸς</span> <span class='ocrx_word' id='word_1_334' title='bbox 705 1341 746 1377; x_wconf 79' lang='grc' dir='ltr'>αὐτὸ</span> <span class='ocrx_word' id='word_1_335' title='bbox 759 1341 825 1384; x_wconf 85' lang='grc' dir='ltr'>βαλεῖν.</span> 
     </span>
     <span class='ocr_line' id='line_1_57' title="bbox 489 1394 827 1444; baseline -0.009 -11"><span class='ocrx_word' id='word_1_336' title='bbox 489 1395 511 1432; x_wconf 86' lang='grc' dir='ltr'>Π</span> <span class='ocrx_word' id='word_1_337' title='bbox 527 1397 546 1433; x_wconf 89' lang='grc'>8.</span> <span class='ocrx_word' id='word_1_338' title='bbox 574 1395 598 1433; x_wconf 85' lang='grc' dir='ltr'>εἷς</span> <span class='ocrx_word' id='word_1_339' title='bbox 615 1396 635 1432; x_wconf 81' lang='grc' dir='ltr'>τὸ</span> <span class='ocrx_word' id='word_1_340' title='bbox 651 1398 685 1444; x_wconf 92' lang='grc' dir='ltr'>πῦρ</span> <span class='ocrx_word' id='word_1_341' title='bbox 703 1396 723 1431; x_wconf 82' lang='grc' dir='ltr'>τὸ</span> <span class='ocrx_word' id='word_1_342' title='bbox 737 1394 827 1439; x_wconf 82' lang='grc' dir='ltr'>άσβεστον</span> 
     </span>
     <span class='ocr_line' id='line_1_58' title="bbox 488 1448 827 1500; baseline -0.009 -13"><span class='ocrx_word' id='word_1_343' title='bbox 488 1449 569 1499; x_wconf 82' lang='grc' dir='ltr'>χωρήσει.</span> <span class='ocrx_word' id='word_1_344' title='bbox 585 1448 727 1500; x_wconf 77' lang='lat' dir='ltr'>1gn.Eph.16.</span> <span class='ocrx_word' id='word_1_345' title='bbox 756 1448 827 1497; x_wconf 91' lang='grc' dir='ltr'>φυλάσ-</span> 
     </span>
     <span class='ocr_line' id='line_1_59' title="bbox 489 1502 825 1552; baseline -0.003 -11"><span class='ocrx_word' id='word_1_346' title='bbox 489 1504 551 1541; x_wconf 86' lang='grc' dir='ltr'>σεσθαι</span> <span class='ocrx_word' id='word_1_347' title='bbox 574 1505 594 1541; x_wconf 82' lang='grc' dir='ltr'>τὰ</span> <span class='ocrx_word' id='word_1_348' title='bbox 617 1502 713 1552; x_wconf 72' lang='grc' dir='ltr'>ἐγκλήματα</span> <span class='ocrx_word' id='word_1_349' title='bbox 736 1504 759 1540; x_wconf 86' lang='grc' dir='ltr'>ὡς</span> <span class='ocrx_word' id='word_1_350' title='bbox 785 1505 825 1550; x_wconf 91' lang='grc' dir='ltr'>πῦρ.</span> 
     </span>
     <span class='ocr_line' id='line_1_60' title="bbox 489 1556 825 1606; baseline -0.003 -11"><span class='ocrx_word' id='word_1_351' title='bbox 489 1557 546 1596; x_wconf 77' lang='lat' dir='ltr'>Trall.</span> <span class='ocrx_word' id='word_1_352' title='bbox 558 1570 576 1595; x_wconf 82' lang='lat'>2.</span> <span class='ocrx_word' id='word_1_353' title='bbox 598 1561 636 1606; x_wconf 88' lang='grc' dir='ltr'>Πῦρ</span> <span class='ocrx_word' id='word_1_354' title='bbox 645 1559 672 1594; x_wconf 84' lang='grc' dir='ltr'>καί</span> <span class='ocrx_word' id='word_1_355' title='bbox 681 1559 759 1606; x_wconf 86' lang='grc' dir='ltr'>σταυράς.</span> <span class='ocrx_word' id='word_1_356' title='bbox 769 1556 825 1594; x_wconf 80' lang='lat' dir='ltr'>Rom.</span> 
     </span>
     <span class='ocr_line' id='line_1_61' title="bbox 490 1612 826 1661; baseline -0.003 -12"><span class='ocrx_word' id='word_1_357' title='bbox 490 1620 507 1660; x_wconf 97' lang='lat'>5.</span> <span class='ocrx_word' id='word_1_358' title='bbox 536 1616 570 1661; x_wconf 89' lang='grc' dir='ltr'>πῦρ</span> <span class='ocrx_word' id='word_1_359' title='bbox 584 1613 674 1660; x_wconf 84' lang='grc' dir='ltr'>φιλάῦλον.</span> <span class='ocrx_word' id='word_1_360' title='bbox 687 1619 705 1660; x_wconf 94' lang='grc'>7.</span> <span class='ocrx_word' id='word_1_361' title='bbox 733 1612 776 1660; x_wconf 81' lang='grc' dir='ltr'>πρὸς</span> <span class='ocrx_word' id='word_1_362' title='bbox 785 1614 826 1659; x_wconf 86' lang='grc' dir='ltr'>πῦρ,</span> 
     </span>
     <span class='ocr_line' id='line_1_62' title="bbox 489 1664 827 1716; baseline -0.009 -12"><span class='ocrx_word' id='word_1_363' title='bbox 489 1667 531 1715; x_wconf 81' lang='grc' dir='ltr'>πρὸς</span> <span class='ocrx_word' id='word_1_364' title='bbox 547 1668 637 1715; x_wconf 82' lang='grc' dir='ltr'>μάχαιραν,</span> <span class='ocrx_word' id='word_1_365' title='bbox 660 1664 735 1716; x_wconf 79' lang='lat' dir='ltr'>Smyrn.</span> <span class='ocrx_word' id='word_1_366' title='bbox 752 1677 771 1712; x_wconf 89' lang='lat'>4.</span> <span class='ocrx_word' id='word_1_367' title='bbox 800 1666 827 1702; x_wconf 84' lang='grc' dir='ltr'>καί</span> 
     </span>
     <span class='ocr_line' id='line_1_63' title="bbox 488 1718 836 1769; baseline -0.003 -12"><span class='ocrx_word' id='word_1_368' title='bbox 488 1722 508 1757; x_wconf 89' lang='grc' dir='ltr'>τὸ</span> <span class='ocrx_word' id='word_1_369' title='bbox 523 1724 557 1769; x_wconf 86' lang='grc' dir='ltr'>πῦρ</span> <span class='ocrx_word' id='word_1_370' title='bbox 573 1719 593 1767; x_wconf 77' lang='grc' dir='ltr'>ἦν</span> <span class='ocrx_word' id='word_1_371' title='bbox 605 1721 662 1758; x_wconf 81' lang='grc' dir='ltr'>αὐτοῖς</span> <span class='ocrx_word' id='word_1_372' title='bbox 676 1721 752 1768; x_wconf 78' lang='grc' dir='ltr'>ψυχράν.</span> <span class='ocrx_word' id='word_1_373' title='bbox 767 1718 836 1757; x_wconf 55' lang='lat' dir='ltr'>Mam</span> 
     </span>
     <span class='ocr_line' id='line_1_64' title="bbox 489 1772 837 1824; baseline -0.003 -12"><span class='ocrx_word' id='word_1_374' title='bbox 489 1773 553 1824; x_wconf 79' lang='lat' dir='ltr'>Polyo.</span> <span class='ocrx_word' id='word_1_375' title='bbox 565 1786 581 1811; x_wconf 74' lang='lat'>2.</span> <span class='ocrx_word' id='word_1_376' title='bbox 605 1775 625 1810; x_wconf 82' lang='grc' dir='ltr'>τὸ</span> <span class='ocrx_word' id='word_1_377' title='bbox 634 1774 710 1812; x_wconf 78' lang='grc' dir='ltr'>αἰώνιον,</span> <span class='ocrx_word' id='word_1_378' title='bbox 719 1804 722 1811; x_wconf 96' lang='grc'>.</span> <span class='ocrx_word' id='word_1_379' title='bbox 732 1802 737 1812; x_wconf 82' lang='grc'>.</span> <span class='ocrx_word' id='word_1_380' title='bbox 745 1776 784 1822; x_wconf 88' lang='grc' dir='ltr'>πῦρ.</span> <span class='ocrx_word' id='word_1_381' title='bbox 800 1772 837 1811; x_wconf 72' lang='lat' dir='ltr'>ib.-</span> 
     </span>
     <span class='ocr_line' id='line_1_65' title="bbox 488 1828 828 1877; baseline -0.003 -11"><span class='ocrx_word' id='word_1_382' title='bbox 488 1830 628 1877; x_wconf 83' lang='grc' dir='ltr'>προσκεφάλαιον</span> <span class='ocrx_word' id='word_1_383' title='bbox 646 1830 698 1865; x_wconf 83' lang='grc' dir='ltr'>αὐτοῦ</span> <span class='ocrx_word' id='word_1_384' title='bbox 718 1828 752 1866; x_wconf 80' lang='grc' dir='ltr'>ὑπὸ</span> <span class='ocrx_word' id='word_1_385' title='bbox 774 1828 828 1876; x_wconf 83' lang='grc' dir='ltr'>πορδς</span> 
     </span>
     <span class='ocr_line' id='line_1_66' title="bbox 490 1882 828 1930; baseline -0.003 -12"><span class='ocrx_word' id='word_1_386' title='bbox 490 1884 624 1929; x_wconf 85' lang='grc' dir='ltr'>κατακαιόμενον.</span> <span class='ocrx_word' id='word_1_387' title='bbox 642 1890 659 1929; x_wconf 88' lang='lat'>5.</span> <span class='ocrx_word' id='word_1_388' title='bbox 688 1882 734 1930; x_wconf 86' lang='grc' dir='ltr'>Πυρί</span> <span class='ocrx_word' id='word_1_389' title='bbox 748 1897 769 1918; x_wconf 91' lang='grc' dir='ltr'>σε</span> <span class='ocrx_word' id='word_1_390' title='bbox 785 1884 828 1919; x_wconf 87' lang='grc' dir='ltr'>ποιῶ</span> 
     </span>
     <span class='ocr_line' id='line_1_67' title="bbox 490 1936 829 1984; baseline 0 -11"><span class='ocrx_word' id='word_1_391' title='bbox 490 1938 608 1983; x_wconf 78' lang='grc' dir='ltr'>δαπανηθῆναι.</span> <span class='ocrx_word' id='word_1_392' title='bbox 617 1948 647 1972; x_wconf 88' lang='grc'>11.</span> <span class='ocrx_word' id='word_1_393' title='bbox 672 1939 710 1984; x_wconf 87' lang='grc' dir='ltr'>Πῦρ</span> <span class='ocrx_word' id='word_1_394' title='bbox 720 1965 736 1974; x_wconf 94' lang='grc'>..</span> <span class='ocrx_word' id='word_1_395' title='bbox 745 1963 749 1971; x_wconf 97' lang='grc'>.</span> <span class='ocrx_word' id='word_1_396' title='bbox 757 1937 777 1972; x_wconf 79' lang='grc' dir='ltr'>τὸ</span> <span class='ocrx_word' id='word_1_397' title='bbox 786 1936 829 1984; x_wconf 82' lang='grc' dir='ltr'>πρὸς</span> 
     </span>
     <span class='ocr_line' id='line_1_68' title="bbox 490 1989 828 2040; baseline -0.003 -13"><span class='ocrx_word' id='word_1_398' title='bbox 490 1992 535 2040; x_wconf 79' lang='grc' dir='ltr'>ὥραν</span> <span class='ocrx_word' id='word_1_399' title='bbox 544 1992 636 2037; x_wconf 85' lang='grc' dir='ltr'>καιόμενον.</span> <span class='ocrx_word' id='word_1_400' title='bbox 648 1989 674 2028; x_wconf 76' lang='lat' dir='ltr'>ib.</span> <span class='ocrx_word' id='word_1_401' title='bbox 703 1992 739 2028; x_wconf 90' lang='grc' dir='ltr'>τοῖς</span> <span class='ocrx_word' id='word_1_402' title='bbox 755 1989 828 2033; x_wconf 78' lang='grc' dir='ltr'>ἀσεβέσι</span> 
     </span>
     <span class='ocr_line' id='line_1_69' title="bbox 490 2043 829 2093; baseline -0.003 -11"><span class='ocrx_word' id='word_1_403' title='bbox 490 2044 591 2093; x_wconf 78' lang='grc' dir='ltr'>τηρούμενον</span> <span class='ocrx_word' id='word_1_404' title='bbox 606 2048 645 2093; x_wconf 89' lang='grc' dir='ltr'>πῦρ.</span> <span class='ocrx_word' id='word_1_405' title='bbox 663 2044 688 2082; x_wconf 82' lang='lat' dir='ltr'>ib.</span> <span class='ocrx_word' id='word_1_406' title='bbox 717 2044 774 2093; x_wconf 81' lang='grc' dir='ltr'>ὁγίιρ</span> <span class='ocrx_word' id='word_1_407' title='bbox 790 2043 829 2081; x_wconf 84' lang='grc' dir='ltr'>δοῦς</span> 
     </span>
     <span class='ocr_line' id='line_1_70' title="bbox 490 2100 828 2147; baseline -0.003 -12"><span class='ocrx_word' id='word_1_408' title='bbox 490 2115 519 2146; x_wconf 89' lang='grc' dir='ltr'>μοι</span> <span class='ocrx_word' id='word_1_409' title='bbox 528 2100 615 2143; x_wconf 77' lang='grc' dir='ltr'>ὑπομεῖναι</span> <span class='ocrx_word' id='word_1_410' title='bbox 624 2100 643 2135; x_wconf 87' lang='grc' dir='ltr'>τὸ</span> <span class='ocrx_word' id='word_1_411' title='bbox 656 2102 696 2147; x_wconf 83' lang='grc' dir='ltr'>πῦρ.</span> <span class='ocrx_word' id='word_1_412' title='bbox 710 2110 739 2147; x_wconf 75' lang='grc'>13.</span> <span class='ocrx_word' id='word_1_413' title='bbox 768 2100 785 2135; x_wconf 86' lang='grc' dir='ltr'>οί</span> <span class='ocrx_word' id='word_1_414' title='bbox 798 2100 828 2134; x_wconf 89' lang='grc' dir='ltr'>τοῦ</span> 
     </span>
    </p>
   </div>
   <div class='ocr_carea' id='block_1_6' title="bbox 490 2153 897 2202">
    <p class='ocr_par' dir='ltr' id='par_1_18' title="bbox 490 2153 897 2202">
     <span class='ocr_line' id='line_1_71' title="bbox 490 2153 897 2202; baseline -0.01 -11"><span class='ocrx_word' id='word_1_415' title='bbox 490 2154 544 2202; x_wconf 82' lang='grc' dir='ltr'>πυρὸς</span> <span class='ocrx_word' id='word_1_416' title='bbox 552 2153 638 2201; x_wconf 73' lang='grc' dir='ltr'>ἅνθρωποι</span> <span class='ocrx_word' id='word_1_417' title='bbox 645 2153 712 2201; x_wconf 71' lang='grc' dir='ltr'>ἐξῆψαν</span> <span class='ocrx_word' id='word_1_418' title='bbox 721 2153 740 2189; x_wconf 81' lang='grc' dir='ltr'>τὸ</span> <span class='ocrx_word' id='word_1_419' title='bbox 749 2155 788 2201; x_wconf 86' lang='grc' dir='ltr'>πῦρ.</span> <span class='ocrx_word' id='word_1_420' title='bbox 799 2159 827 2199; x_wconf 84' lang='grc'>15.</span> <span class='ocrx_word' id='word_1_421' title='bbox 895 2191 897 2194; x_wconf 17' lang='lat' dir='ltr'>y</span> 
     </span>
    </p>
   </div>
   <div class='ocr_carea' id='block_1_7' title="bbox 463 2205 883 3119">
    <p class='ocr_par' dir='ltr' id='par_1_19' title="bbox 489 2205 883 2524">
     <span class='ocr_line' id='line_1_72' title="bbox 491 2205 826 2257; baseline -0.003 -13"><span class='ocrx_word' id='word_1_422' title='bbox 491 2209 514 2244; x_wconf 84' lang='grc' dir='ltr'>Τὸ</span> <span class='ocrx_word' id='word_1_423' title='bbox 523 2208 556 2257; x_wconf 76' lang='grc' dir='ltr'>γάρ</span> <span class='ocrx_word' id='word_1_424' title='bbox 569 2210 603 2256; x_wconf 81' lang='grc' dir='ltr'>πῦρ</span> <span class='ocrx_word' id='word_1_425' title='bbox 613 2209 687 2256; x_wconf 83' lang='grc' dir='ltr'>καμάρας</span> <span class='ocrx_word' id='word_1_426' title='bbox 696 2205 740 2244; x_wconf 78' lang='grc' dir='ltr'>εἶδος</span> <span class='ocrx_word' id='word_1_427' title='bbox 749 2208 826 2252; x_wconf 81' lang='grc' dir='ltr'>ποιῆσαν.</span> 
     </span>
     <span class='ocr_line' id='line_1_73' title="bbox 491 2260 883 2309; baseline -0.015 -9"><span class='ocrx_word' id='word_1_428' title='bbox 491 2260 516 2300; x_wconf 74' lang='lat' dir='ltr'>ib.</span> <span class='ocrx_word' id='word_1_429' title='bbox 545 2262 577 2298; x_wconf 78' lang='grc' dir='ltr'>ὑπὸ</span> <span class='ocrx_word' id='word_1_430' title='bbox 593 2265 623 2298; x_wconf 89' lang='grc' dir='ltr'>τοῦ</span> <span class='ocrx_word' id='word_1_431' title='bbox 641 2263 695 2309; x_wconf 84' lang='grc' dir='ltr'>πυρὸς</span> <span class='ocrx_word' id='word_1_432' title='bbox 710 2260 826 2306; x_wconf 74' lang='grc' dir='ltr'>δαπανηθῆναι.</span> <span class='ocrx_word' id='word_1_433' title='bbox 880 2280 883 2283; x_wconf 86' lang='grc'><strong>-</strong></span> 
     </span>
     <span class='ocr_line' id='line_1_74' title="bbox 493 2312 826 2362; baseline -0.003 -10"><span class='ocrx_word' id='word_1_434' title='bbox 493 2316 524 2353; x_wconf 83' lang='grc'>16.</span> <span class='ocrx_word' id='word_1_435' title='bbox 553 2316 598 2351; x_wconf 78' lang='grc' dir='ltr'>ὥστε</span> <span class='ocrx_word' id='word_1_436' title='bbox 606 2316 712 2358; x_wconf 76' lang='grc' dir='ltr'>κατασβέσαι</span> <span class='ocrx_word' id='word_1_437' title='bbox 722 2316 741 2350; x_wconf 82' lang='grc' dir='ltr'>τὸ</span> <span class='ocrx_word' id='word_1_438' title='bbox 750 2316 789 2362; x_wconf 83' lang='grc' dir='ltr'>πῦρ.</span> <span class='ocrx_word' id='word_1_439' title='bbox 801 2312 826 2351; x_wconf 81' lang='lat' dir='ltr'>ib.</span> 
     </span>
     <span class='ocr_line' id='line_1_75' title="bbox 490 2369 827 2417; baseline -0.009 -11"><span class='ocrx_word' id='word_1_440' title='bbox 490 2371 587 2417; x_wconf 83' lang='grc' dir='ltr'>μελλόντων</span> <span class='ocrx_word' id='word_1_441' title='bbox 595 2369 642 2415; x_wconf 79' lang='grc' dir='ltr'>ἡμῶν</span> <span class='ocrx_word' id='word_1_442' title='bbox 650 2370 668 2405; x_wconf 81' lang='grc' dir='ltr'>ἐκ</span> <span class='ocrx_word' id='word_1_443' title='bbox 679 2372 709 2405; x_wconf 87' lang='grc' dir='ltr'>τοῦ</span> <span class='ocrx_word' id='word_1_444' title='bbox 719 2370 772 2415; x_wconf 87' lang='grc' dir='ltr'>πυρὸς</span> <span class='ocrx_word' id='word_1_445' title='bbox 783 2369 827 2414; x_wconf 92' lang='grc' dir='ltr'>λαμ-</span> 
     </span>
     <span class='ocr_line' id='line_1_76' title="bbox 490 2421 827 2471; baseline -0.009 -11"><span class='ocrx_word' id='word_1_446' title='bbox 490 2425 553 2467; x_wconf 79' lang='grc' dir='ltr'>βάνειν.</span> <span class='ocrx_word' id='word_1_447' title='bbox 566 2429 597 2470; x_wconf 88' lang='grc'>17.</span> <span class='ocrx_word' id='word_1_448' title='bbox 632 2423 667 2460; x_wconf 84' lang='grc' dir='ltr'>θείς</span> <span class='ocrx_word' id='word_1_449' title='bbox 681 2423 731 2458; x_wconf 78' lang='grc' dir='ltr'>αὐτὸν</span> <span class='ocrx_word' id='word_1_450' title='bbox 747 2422 765 2458; x_wconf 79' lang='grc' dir='ltr'>ἐν</span> <span class='ocrx_word' id='word_1_451' title='bbox 779 2421 827 2471; x_wconf 82' lang='grc' dir='ltr'>μέσῳ</span> 
     </span>
     <span class='ocr_line' id='line_1_77' title="bbox 489 2478 628 2524; baseline -0.014 -10"><span class='ocrx_word' id='word_1_452' title='bbox 489 2478 585 2524; x_wconf 82' lang='grc' dir='ltr'>τοῦπυρθς.</span> <span class='ocrx_word' id='word_1_453' title='bbox 598 2478 628 2513; x_wconf 88' lang='lat'>18.</span> 
     </span>
    </p>

    <p class='ocr_par' dir='ltr' id='par_1_20' title="bbox 463 2529 828 2685">
     <span class='ocr_line' id='line_1_78' title="bbox 463 2529 828 2579; baseline -0.005 -12"><span class='ocrx_word' id='word_1_454' title='bbox 463 2532 516 2579; x_wconf 88' lang='grc' dir='ltr'>Πυρά.</span> <span class='ocrx_word' id='word_1_455' title='bbox 545 2531 566 2566; x_wconf 81' lang='grc' dir='ltr'>τὰ</span> <span class='ocrx_word' id='word_1_456' title='bbox 575 2532 618 2578; x_wconf 83' lang='grc' dir='ltr'>πρὸς</span> <span class='ocrx_word' id='word_1_457' title='bbox 627 2530 657 2576; x_wconf 82' lang='grc' dir='ltr'>τὴν</span> <span class='ocrx_word' id='word_1_458' title='bbox 665 2530 720 2578; x_wconf 78' lang='grc' dir='ltr'>πυρὰν</span> <span class='ocrx_word' id='word_1_459' title='bbox 729 2529 828 2578; x_wconf 81' lang='grc' dir='ltr'>ἡρμοσμένα</span> 
     </span>
     <span class='ocr_line' id='line_1_79' title="bbox 490 2582 826 2633; baseline -0.006 -12"><span class='ocrx_word' id='word_1_460' title='bbox 490 2585 558 2633; x_wconf 74' lang='grc' dir='ltr'>ὄργανα,</span> <span class='ocrx_word' id='word_1_461' title='bbox 574 2583 633 2622; x_wconf 69' lang='lat' dir='ltr'>Mart.</span> <span class='ocrx_word' id='word_1_462' title='bbox 648 2582 710 2633; x_wconf 77' lang='lat' dir='ltr'>Polyc.</span> <span class='ocrx_word' id='word_1_463' title='bbox 724 2595 753 2631; x_wconf 78' lang='lat'>13.</span> <span class='ocrx_word' id='word_1_464' title='bbox 783 2584 826 2620; x_wconf 86' lang='grc' dir='ltr'>άσά-</span> 
     </span>
     <span class='ocr_line' id='line_1_80' title="bbox 490 2636 764 2685; baseline 0.004 -11"><span class='ocrx_word' id='word_1_465' title='bbox 490 2641 550 2675; x_wconf 87' lang='grc' dir='ltr'>λευπου</span> <span class='ocrx_word' id='word_1_466' title='bbox 559 2639 640 2685; x_wconf 88' lang='grc' dir='ltr'>ε’πιμεῖναι</span> <span class='ocrx_word' id='word_1_467' title='bbox 649 2641 669 2684; x_wconf 85' lang='grc' dir='ltr'>τῇ</span> <span class='ocrx_word' id='word_1_468' title='bbox 678 2640 728 2685; x_wconf 76' lang='grc' dir='ltr'>πυρᾷ.</span> <span class='ocrx_word' id='word_1_469' title='bbox 739 2636 764 2675; x_wconf 75' lang='lat' dir='ltr'>ib.</span> 
     </span>
    </p>

    <p class='ocr_par' dir='ltr' id='par_1_21' title="bbox 463 2691 827 2795">
     <span class='ocr_line' id='line_1_81' title="bbox 463 2691 827 2741; baseline 0 -13"><span class='ocrx_word' id='word_1_470' title='bbox 463 2693 542 2741; x_wconf 86' lang='grc' dir='ltr'>Πυρκαῖά.</span> <span class='ocrx_word' id='word_1_471' title='bbox 568 2691 610 2729; x_wconf 81' lang='grc' dir='ltr'>Ὅτε</span> <span class='ocrx_word' id='word_1_472' title='bbox 624 2692 642 2728; x_wconf 79' lang='grc' dir='ltr'>δὲ</span> <span class='ocrx_word' id='word_1_473' title='bbox 656 2692 665 2737; x_wconf 86' lang='grc' dir='ltr'>ἡ</span> <span class='ocrx_word' id='word_1_474' title='bbox 678 2693 749 2740; x_wconf 82' lang='grc' dir='ltr'>πυρκαϊὰ</span> <span class='ocrx_word' id='word_1_475' title='bbox 759 2691 827 2738; x_wconf 85' lang='grc' dir='ltr'>ἡτοιμά-</span> 
     </span>
     <span class='ocr_line' id='line_1_82' title="bbox 490 2744 717 2795; baseline -0.004 -12"><span class='ocrx_word' id='word_1_476' title='bbox 490 2747 528 2792; x_wconf 85' lang='grc' dir='ltr'>σθη.</span> <span class='ocrx_word' id='word_1_477' title='bbox 542 2745 599 2784; x_wconf 72' lang='lat' dir='ltr'>Mart.</span> <span class='ocrx_word' id='word_1_478' title='bbox 610 2744 674 2795; x_wconf 80' lang='lat' dir='ltr'>Polyc.</span> <span class='ocrx_word' id='word_1_479' title='bbox 687 2758 717 2794; x_wconf 84' lang='lat'>13.</span> 
     </span>
    </p>

    <p class='ocr_par' dir='ltr' id='par_1_22' title="bbox 463 2799 828 2904">
     <span class='ocr_line' id='line_1_83' title="bbox 463 2799 828 2850; baseline 0.003 -14"><span class='ocrx_word' id='word_1_480' title='bbox 463 2801 568 2849; x_wconf 88' lang='grc' dir='ltr'>Πυροῦσθαι.</span> <span class='ocrx_word' id='word_1_481' title='bbox 584 2801 657 2849; x_wconf 72' lang='grc' dir='ltr'>ἄργυρος</span> <span class='ocrx_word' id='word_1_482' title='bbox 666 2800 684 2836; x_wconf 83' lang='grc' dir='ltr'>ἐν</span> <span class='ocrx_word' id='word_1_483' title='bbox 693 2800 755 2850; x_wconf 76' lang='grc' dir='ltr'>καμίνῳ</span> <span class='ocrx_word' id='word_1_484' title='bbox 764 2799 828 2849; x_wconf 83' lang='grc' dir='ltr'>πυροῦ-</span> 
     </span>
     <span class='ocr_line' id='line_1_84' title="bbox 489 2853 730 2904; baseline 0.004 -14"><span class='ocrx_word' id='word_1_485' title='bbox 489 2870 543 2901; x_wconf 87' lang='grc' dir='ltr'>μενος.</span> <span class='ocrx_word' id='word_1_486' title='bbox 554 2853 610 2892; x_wconf 53' lang='lat' dir='ltr'>Mafffi¹</span> <span class='ocrx_word' id='word_1_487' title='bbox 624 2853 686 2904; x_wconf 76' lang='lat' dir='ltr'>Polyc.</span> <span class='ocrx_word' id='word_1_488' title='bbox 701 2862 730 2901; x_wconf 84' lang='grc'>15.</span> 
     </span>
    </p>

    <p class='ocr_par' dir='ltr' id='par_1_23' title="bbox 463 2909 829 3012">
     <span class='ocr_line' id='line_1_85' title="bbox 463 2909 829 2955; baseline 0.003 -11"><span class='ocrx_word' id='word_1_489' title='bbox 463 2910 540 2946; x_wconf 87' lang='grc' dir='ltr'>Πώποτε.</span> <span class='ocrx_word' id='word_1_490' title='bbox 569 2912 602 2945; x_wconf 77' lang='grc' dir='ltr'>τῶν</span> <span class='ocrx_word' id='word_1_491' title='bbox 613 2911 681 2945; x_wconf 79' lang='grc' dir='ltr'>πώποτε</span> <span class='ocrx_word' id='word_1_492' title='bbox 694 2909 829 2955; x_wconf 83' lang='grc' dir='ltr'>συμβεβηκότων</span> 
     </span>
     <span class='ocr_line' id='line_1_86' title="bbox 491 2961 720 3012; baseline 0.004 -14"><span class='ocrx_word' id='word_1_493' title='bbox 491 2963 542 3012; x_wconf 78' lang='grc' dir='ltr'>αὐτῷ.</span> <span class='ocrx_word' id='word_1_494' title='bbox 552 2961 610 3000; x_wconf 67' lang='lat' dir='ltr'>Mart.</span> <span class='ocrx_word' id='word_1_495' title='bbox 621 2961 684 3012; x_wconf 70' lang='lat' dir='ltr'>Polyo.</span> <span class='ocrx_word' id='word_1_496' title='bbox 694 2964 720 3000; x_wconf 60' lang='grc'>8.</span> 
     </span>
    </p>

    <p class='ocr_par' dir='ltr' id='par_1_24' title="bbox 463 3016 829 3119">
     <span class='ocr_line' id='line_1_87' title="bbox 463 3016 829 3065; baseline 0.003 -13"><span class='ocrx_word' id='word_1_497' title='bbox 463 3016 538 3060; x_wconf 80' lang='grc' dir='ltr'>Ῥάβδυς.</span> <span class='ocrx_word' id='word_1_498' title='bbox 567 3016 642 3064; x_wconf 78' lang='grc' dir='ltr'>ῥάβδους</span> <span class='ocrx_word' id='word_1_499' title='bbox 656 3016 798 3065; x_wconf 75' lang='grc' dir='ltr'>ἐπιγεγραμμένας</span> <span class='ocrx_word' id='word_1_500' title='bbox 812 3018 829 3053; x_wconf 81' lang='grc' dir='ltr'>έ-</span> 
     </span>
     <span class='ocr_line' id='line_1_88' title="bbox 491 3070 827 3119; baseline 0.006 -13"><span class='ocrx_word' id='word_1_501' title='bbox 491 3071 553 3117; x_wconf 84' lang='grc' dir='ltr'>κάστης</span> <span class='ocrx_word' id='word_1_502' title='bbox 569 3072 626 3118; x_wconf 75' lang='grc' dir='ltr'>φυλῆς</span> <span class='ocrx_word' id='word_1_503' title='bbox 642 3070 677 3107; x_wconf 88' lang='grc' dir='ltr'>κατ’</span> <span class='ocrx_word' id='word_1_504' title='bbox 694 3071 751 3119; x_wconf 71' lang='grc' dir='ltr'>ὄνομα.</span> <span class='ocrx_word' id='word_1_505' title='bbox 767 3070 827 3109; x_wconf 74' lang='lat' dir='ltr'>Olem.</span> 
     </span>
    </p>
   </div>
   <div class='ocr_carea' id='block_1_8' title="bbox 0 0 974 3420">
    <p class='ocr_par' dir='ltr' id='par_1_25' title="bbox 0 0 974 3420">
     <span class='ocr_line' id='line_1_89' title="bbox 0 0 974 3420; baseline 0 0"><span class='ocrx_word' id='word_1_506' title='bbox 0 0 974 3420; x_wconf 95' lang='lat' dir='ltr'> </span> 
     </span>
    </p>
   </div>
  </div>
 </body>
</html>
