1958 3490
241 227 281 270 DE
292 227 318 289 ¹S.
334 227 457 272 ICNATII
471 226 631 272 EPISTOLIS.
720 223 794 268 xxxvii
810 245 811 249 =

93 343 177 402 privata
186 342 214 386 D.
222 343 321 388 Richardi
331 343 462 389 Montaeutii
472 343 608 392 Norvicensis
617 357 684 399 nuper
694 341 794 398 Episcopi

94 413 227 458 Bibliotheca
240 413 348 468 alterumn,
359 415 396 472 qui
411 413 493 472 Ignatii
506 412 649 471 Epistolarum
662 411 793 468 Interpreta-

94 483 175 528 tionem
188 482 305 540 aVulgata
318 483 398 528 Latina
412 483 576 528 diversissimam
590 480 734 526 continebant.
764 480 795 522 Et

94 552 168 598 statim
187 552 296 597 collatione
315 553 379 607 facta,
396 552 519 596 testimonia
535 552 623 595 Patrum
642 549 738 594 omnium
758 548 795 606 qui

93 623 151 666 intra
165 623 263 680 quinque,
275 627 300 666 ut
314 622 352 676 ait,
364 625 414 680 post
427 621 538 665 Christum
552 620 634 665 saecula
648 620 772 672 floruerunt,
783 634 796 661 a

95 692 180 736 Graecis
190 692 312 750 Latinisque
322 692 436 736 Codicibus
447 691 576 745 dissidentia,
587 706 635 735 eum
644 691 684 734 hac
691 689 795 734 Versione

94 761 174 819 optime
189 761 306 816 convenire,
321 766 343 805 et
358 761 428 805 multa
443 778 457 805 a
471 760 579 805 Graeculis
594 759 745 818 posterioribus
760 758 794 802 in·

94 834 150 875 serta
169 832 191 874 et
210 830 324 875 intertexta
346 832 374 876 ab
394 831 467 875 eadem
489 832 568 889 pariter
587 831 657 875 abesse
677 828 793 887 conspexit.

94 901 145 943 Jam
153 915 202 943 vero
216 916 259 944 uon
272 916 297 944 ex
309 901 393 945 levibus
406 901 539 959 conjecturis,
550 904 587 944 aut
596 916 623 944 ex
632 899 739 943 sententia
749 914 794 952 sua,

93 973 118 1014 ut
128 969 234 1024 Vedelius,
247 970 283 1013 sed
297 986 322 1014 ex
332 970 417 1015 Veteris
431 970 539 1015 Versionis
553 970 594 1013 fide
608 970 697 1013 Graecas
711 967 794 1026 Ignatii

93 1039 198 1097 Epistolas
209 1041 338 1097 recognovit,
346 1044 469 1085 assumente
477 1041 598 1085 stellionum
605 1056 618 1083 a
625 1038 725 1096 genuinis
732 1037 794 1083 facile

93 1113 115 1154 et
125 1113 196 1167 aperte
206 1110 292 1154 secrevit
297 1128 304 1164 3
320 1110 495 1168 Polycarpianam
506 1111 590 1155 illarum
600 1109 702 1168 Syllogen
713 1109 745 1153 ita
757 1124 793 1152 ex·

93 1179 210 1223 cudendum
223 1180 310 1234 curavit,
320 1183 346 1223 ut
359 1180 426 1224 minio
440 1181 463 1224 in
476 1183 538 1224 textu
548 1180 628 1224 Graeco
641 1179 730 1224 laciniae
745 1178 793 1223 illae

93 1249 235 1306 signarentur,
245 1264 296 1306 quas
310 1266 323 1293 a
335 1249 448 1294 recentiori
461 1250 614 1308 Interpolatore
627 1252 708 1293 assutas
720 1249 793 1302 fuisse,

92 1319 177 1363 Veteris
195 1318 267 1362 Latini
287 1318 420 1376 interpretis,
437 1322 490 1363 tunc
502 1320 601 1378 'primum
619 1319 646 1363 ab
666 1319 712 1376 ipso
732 1319 792 1372 editi,

92 1387 170 1432 indicio
186 1387 355 1444 deprehenderat.
386 1387 446 1431 Felix
461 1389 501 1432 hoc
515 1387 600 1446 quidem
613 1387 722 1445 inceptum
727 1405 735 1441 3
751 1403 793 1445 quo

93 1457 228 1502 Reverendus
240 1457 315 1511 Senex,
329 1472 379 1501 cum
394 1456 483 1515 ingenii,
494 1457 576 1515 judicii,
591 1461 613 1502 et
625 1457 733 1502 doctrinae
745 1471 792 1515 spe·

93 1526 161 1571 cimen
178 1526 284 1584 singulare
300 1527 405 1580 exhibuit,
423 1531 470 1571 tum
487 1527 592 1572 Ecclesiae
608 1527 752 1580 utilissimam,
770 1529 792 1570 et

92 1597 150 1640 hisee
158 1596 287 1653 temporibus
297 1595 389 1639 maxime
399 1596 512 1640 salutarem
522 1611 605 1655 operam
614 1596 729 1655 praestitit.

121 1666 149 1708 Id
158 1680 206 1709 vero
221 1666 248 1708 ad
262 1665 369 1708 cumulum
381 1665 475 1720 accessit,
486 1667 541 1723 quod
552 1666 585 1710 vir
597 1665 791 1724 praestantissimus

92 1740 114 1780 et
124 1750 182 1779 omnr
176 1734 299 1778 'doctrinae
311 1750 389 1792 genere
402 1734 516 1779 admodum
529 1736 630 1790 excultus,
640 1736 726 1779 Isaacus
735 1736 791 1779 Vos·
782 1749 874 1784 ·V0ssius.

92 1804 142 1857 sius,
158 1805 261 1848 Graecum
278 1804 384 1861 exemplar
402 1805 473 1861 (quod,
487 1805 568 1862 opinor,
582 1805 678 1849 infinitae
694 1792 848 1849 leou0n1s¹⁶4⁶
895 1806 898 1809 ”

92 1874 205 1917 Turrianus
216 1876 300 1917 centum
309 1875 352 1918 fere
362 1873 424 1917 annis
434 1878 484 1918 ante
493 1875 582 1929 viderat,
592 1880 614 1920 et
623 1875 793 1920 vetustissimum

92 1942 324 2000 emendatissimumque
331 1943 377 1987 esse
387 1946 480 1987 testatus
487 1945 527 2002 est)
537 1944 652 1988 eMedicea
659 1943 794 1988 Bibliotheca
816 1998 818 2001 Ι

92 2011 220 2068 exscriptum
235 2012 365 2069 produceret,
380 2012 433 2057 viris
450 2012 575 2057 doctissimis
592 2012 718 2057 amicissime
735 2029 793 2057 com-

92 2080 216 2135 municaret,
231 2085 253 2125 et
268 2082 367 2139 quoniam
384 2082 474 2127 Latinae
488 2083 579 2128 versioni
594 2084 621 2128 ab
635 2083 722 2127 Usserio
738 2084 792 2141 pub·

91 2150 166 2194 licatae
175 2152 268 2209 apprime
278 2167 393 2196 consonum
405 2152 562 2207 animadvertit,
572 2170 621 2198 cum
635 2170 659 2198 ea
673 2154 737 2198 simul
751 2155 792 2198 im-

91 2220 226 2277 primendum
235 2236 259 2265 ae
267 2222 323 2266 notis
332 2221 484 2266 illustrandum
493 2227 580 2268 curaret.
601 2224 660 2268 Quae
670 2240 737 2282 quum
746 2227 793 2268 tam

115 2398 141 2432 15.
153 2391 165 2424 J
166 2392 215 2424 oanni
222 2391 344 2436 avangelista.

116 2445 141 2478 16.
154 2447 171 2480 S.
180 2446 250 2481 Mariae.

115 2508 140 2543 17.
153 2502 221 2546 Ignatio
229 2503 290 2536 Sancta
296 2502 357 2536 Maria.

114 2556 141 2590 De
154 2558 186 2591 hoo
201 2559 262 2592 Codice
275 2558 366 2592 rectissime
380 2558 422 2592 haec
437 2559 525 2593 annotavit
537 2559 560 2594 D.
573 2560 676 2593 Pearsonus:
688 2559 699 2579 ‘⁴
707 2559 752 2593 Ordo
766 2559 792 2592 hic

93 2610 212 2646 “Latinarum
223 2614 267 2647 idem
279 2617 304 2647 ert
316 2624 355 2647 oum
367 2613 426 2647 ordine
433 2607 539 2648 ‘Graecarum
550 2615 568 2647 in
580 2614 640 2648 Codice
651 2614 740 2648 Mediceo:
752 2614 792 2647 licet

93 2668 105 2684 “
112 2667 191 2702 Usserius
198 2680 227 2703 eas
234 2669 304 2703 ediderit
309 2669 369 2703 ecdem
376 2669 435 2703 ordine
436 2681 479 2714 ,quo
484 2671 557 2704 Graecae
563 2670 676 2714 interpolatae
683 2669 718 2703 edit
711 2672 739 2702 tae
746 2672 792 2702 suut.

93 2723 163 2758 “Unde
174 2736 208 2758 uon
219 2725 287 2759 minima
295 2725 382 2769 Epistulae
389 2725 412 2758 ad
419 2725 546 2769 Polycarpum
541 2726 603 2770 mjuria
610 2726 666 2759 facta.¹
667 2725 765 2766 ’SMITE
774 2724 792 2757 in

91 2777 165 2814 Praefat.
174 2791 214 2813 suae
222 2780 267 2814 Edit
276 2780 344 2824 Ignatii,
352 2780 434 2822 4⁰0xon.
445 2788 492 2825 1709.

112 2833 170 2878 Hujus
177 2836 242 2870 Codicis
251 2836 330 2870 lectiones
337 2836 423 2870 variantes
434 2837 552 2870 humanissime
563 2837 585 2869 ad
597 2847 636 2870 usus
647 2847 692 2869 meos
704 2836 793 2880 exscripsit

91 2889 121 2922 Vir
128 2892 229 2926 reverendus
236 2893 249 2926 J
250 2892 322 2926 ohannes
329 2892 405 2926 Jacobus
413 2892 474 2933 Smith,
482 2893 530 2927 AM.
539 2892 580 2926 Coll.
590 2891 663 2926 Caiensis
671 2892 734 2926 socius.

111 2947 119 2968 ‘¹
130 2946 166 2980 Ubi
176 2947 203 2980 hic
211 2948 268 2981 Codex
276 2947 312 2991 jam
322 2948 431 2992 reperiendus
443 2949 470 2991 sit,
477 2959 499 2981 ue
510 2948 625 2991 investigando
632 2948 700 2991 quidem
709 2948 792 2992 expiscari

90 3003 255 3042 possum-SMITH.
