1958 3490
287 252 538 306 ΑΒὈΟΗΙΝΤΗΙΟΒ,
547 252 584 296 xii.
755 252 784 299 49

91 364 196 416 Sodoma
207 365 289 418 salvus
302 368 390 427 evasit,
398 384 475 436 quum
490 367 557 435 regio
568 372 623 417 tota
639 366 666 416 'm
682 364 786 416 circuitu

89 445 147 512 igne
165 451 191 495 et
208 445 325 513 sulphure
343 465 438 515 poenasv
456 447 551 507 lueret3
578 445 685 496 Domino
704 444 786 511 palam

90 517 197 584 faciente
215 525 281 592 quod
302 544 352 583 non
374 525 528 593 derelinquat
550 543 592 578 eos
617 524 662 591 qui
683 524 710 573 in
732 523 786 590 ipso

90 599 159 671 spem
175 603 308 666 collocant3
326 609 411 656 contra
424 623 482 656 vero
499 604 544 672 qui
562 622 578 653 a
593 602 717 654 mandatis
733 601 786 670 ejus
796 613 871 691 {Pestii

90 681 219 741 declinant,
242 683 366 750 suppliciis
389 690 415 734 et
437 682 567 733 tormentis
589 680 695 748 pimiat:
724 698 787 729 uxor
806 676 844 692 “’

91 760 156 811 enim
176 760 234 827 ejus,
255 780 317 829 quae
337 780 387 812 una
409 780 465 812 cum
487 779 515 811 eo
538 759 599 810 urbe
622 776 719 827 egressa
741 764 786 818 est,

90 857 167 906 quum
189 839 220 890 ab
242 859 270 891 eo
295 841 442 900 dissentiret,
465 858 510 890 nec
532 839 559 889 in
586 838 712 889 concordia
733 856 787 906 per-

90 918 195 978 sisteret,
214 919 241 969 in
260 921 359 987 signum
378 925 508 986 propterea
526 917 608 985 posita
627 922 672 977 est,
685 922 716 967 'et
730 916 788 967 salis

90 1003 174 1048 statua
192 997 219 1047 in
235 998 380 1049 hodiernum
398 998 463 1048 diem
481 997 546 1047 facta
563 1002 608 1056 est,
625 1002 655 1046 ut
674 996 788 1047 omnibus

90 1076 259 1136 innotesceret,
271 1076 337 1144 quod
350 1076 430 1126 animo
448 1075 517 1126 dubii
534 1074 602 1126 etde
619 1074 732 1142 potentia
743 1075 788 1125 Di·
795 1086 837 1120 Luc.
846 1084 881 1118 xvii

90 1154 148 1205 vina
165 1155 315 1205 haesitantes
335 1155 361 1204 in
376 1154 498 1222 judicium
518 1159 545 1204 et
560 1154 658 1222 signum
675 1140 854 1218 omnibusdiia.x
864 1183 877 1215 7.

90 1234 288 1301 generationibus
298 1239 471 1301 proponantur.

125 1312 185 1363 XII.
211 1314 315 1381 Propter
336 1312 410 1364 fidem
433 1318 458 1362 et
476 1311 676 1379 hospitalitatem,
699 1312 857 1378 Rahabsoaii.

119 1491 136 1529 6.
147 1492 171 1529 εἷς
179 1487 365 1543 τοῦτοσημεῖονέτέθη]
374 1488 425 1528 Οου-
451 1493 488 1529 tur.
512 1488 628 1529 Hom.vad
639 1488 787 1541 Pop.Antioch.

91 1548 148 1584 stant.
158 1544 222 1594 vertit,
231 1544 254 1583 ιἰι
262 1544 374 1595 dop'aamodc'
386 1544 424 1595 siq-
451 1548 498 1584 tom.
509 1543 523 1582 ii
536 1557 556 1596 p.
568 1552 594 1595 59
608 1543 637 1583 ed.
648 1544 694 1584 Ben.
726 1544 787 1594 Quer-

91 1598 251 1651 compositores.
451 1612 495 1638 cum
504 1598 597 1647 Mambre,
604 1599 640 1639 sub
647 1612 684 1651 qua
693 1599 788 1640 habitavit

119 1664 136 1705 7.
148 1655 178 1694 ἕως
187 1657 216 1703 τῆς
227 1654 288 1704 ἡμέρας
299 1651 367 1708 ταύτης]
382 1652 425 1693 Ole-
450 1653 555 1700 Abraham,
566 1666 626 1706 usquc
640 1653 665 1693 ad
679 1654 789 1694 Constantii

92 1722 151 1757 mens,
169 1708 239 1748 saeculi
255 1708 370 1761 praejudicio
391 1709 425 1747 ab
452 1709 502 1760 Imp.
516 1712 604 1760 tempora
617 1712 745 1748 monstratam
759 1709 788 1748 fu-

91 1763 425 1816 repausinfirmcuusurargumen-
451 1763 494 1813 isse,
511 1767 594 1802 testatur
612 1763 743 1815 Hieronymus
765 1764 789 1804 de

92 1822 118 1868 to,
132 1823 165 1858 aut
178 1818 202 1857 ad
215 1818 312 1857 hominem
325 1831 425 1870 argaman·
453 1818 488 1858 Sit.
503 1822 523 1858 ct
536 1818 594 1857 Nom.
610 1818 654 1858 Loc.
670 1818 730 1858 Hebr.
741 1823 787 1859 tom

91 1877 149 1913 tatur.
175 1873 267 1922 Quamvis
276 1872 332 1912 multi
340 1877 427 1913 veterum
453 1872 475 1912 iii
483 1886 515 1925 pp.
528 1885 566 1923 130
578 1881 616 1924 195
626 1874 654 1913 ed.
664 1873 745 1913 Vallars.

93 1926 237 1981 Patruni[e.g.
252 1927 303 1980 apud
319 1927 426 1976 Irenaeum,
481 1930 499 1967 8.
519 1931 536 1966 οἱ
556 1928 629 1978 δίψυχοι
647 1944 662 1967 κ.
676 1945 691 1967 τ,
704 1927 731 1983 λ.]
757 1929 790 1969 Sic

93 1982 152 2022 Hacr.
166 1982 196 2022 IV
206 1982 255 2021 xxxi
265 1996 283 2032 2,
297 1982 382 2034 xxxiii9
397 1983 425 2021 ed.
453 1982 503 2022 infra
519 1982 529 2033 ψ
546 1996 577 2033 23,
590 1984 698 2034 Τολοίπωροι
713 1985 758 2022 εἰσίν
773 1988 790 2022 οἱ
858 2008 860 2011 ·

93 2037 182 2077 Mesenen
212 2037 240 2077 (ἷῖ.
251 2037 426 2085 RoutbRelSu.
454 2039 532 2088 δίψυχοι,
542 2041 559 2076 οἱ
572 2040 678 2085 διστάζοντες
691 2039 721 2087 τὴν
730 2040 790 2089 ψυχήν

92 2092 100 2131 i
113 2106 132 2145 p.
147 2090 187 2147 57.]
203 2097 296 2144 tanquam
311 2092 373 2132 adhuc
387 2105 428 2131 ma·
455 2092 562 2144 ...Apud
571 2092 638 2133 Herm
649 2093 699 2133 Past.
710 2095 789 2144 δίψυχοι,

93 2146 156 2188 nentis
173 2147 230 2199 hujus
250 2152 325 2188 statuae
346 2147 428 2187 mentio·
455 2148 713 2200 dubii.e.g.li1,‘Haec
725 2153 791 2188 autem

93 2216 138 2242 nem
147 2202 232 2252 fecerint,
242 2207 262 2243 et
271 2202 366 2255 Josephus
379 2203 428 2254 ejus·
455 2203 540 2242 ‘faciunt
550 2203 609 2253 dubii,
619 2204 652 2255 qui
665 2217 705 2242 non
718 2203 790 2244 habent

93 2257 137 2296 dem
160 2271 204 2297 cum
228 2257 327 2297 Clemente
353 2258 427 2306 aetatis,
455 2258 562 2310 ‘spemin
580 2258 676 2297 Domino’
704 2258 754 2299 Iiv
771 2273 789 2302 2.

96 2311 170 2364 [Antiq.
190 2312 201 2351 Ι
219 2312 240 2352 xi
256 2310 283 2367 4.]
302 2312 427 2365 nonnullique
454 2312 547 2352 ‘Credite
560 2312 608 2363 Deo,
618 2314 651 2365 qui
664 2313 710 2353 estis
724 2314 790 2354 dubii!

93 2368 220 2408 recentiorum
229 2368 288 2408 oculis
297 2381 317 2408 se
324 2381 366 2407 eam
372 2381 427 2407 usur·
453 2369 478 2407 ib.
494 2367 546 2408 ‘Vae
555 2368 619 2408 dubiis
627 2368 662 2418 iis‚’
672 2370 704 2408 dre.
715 2374 735 2408 et
744 2369 790 2409 alibi

92 2435 147 2474 passe
164 2427 247 2472 narrent,
262 2423 347 2462 fabulam
362 2428 427 2463 tamen
453 2422 533 2475 saepius.

93 2491 138 2527 esse,
150 2482 170 2518 et
181 2478 244 2518 nescio
259 2478 306 2531 quid
320 2478 344 2517 ab
358 2478 427 2518 accolis
484 2491 513 2518 ιι,
524 2480 556 2516 Διὰ
569 2480 628 2517 πίστιν
641 2480 668 2516 καὶ
681 2478 789 2534 φιλοξενίαν]

93 2537 222 2584 spectatorum
240 2533 300 2573 oculis
320 2533 427 2585 subjectum
454 2533 519 2582 Quum
538 2532 626 2584 Scriptor
644 2533 668 2572 ad
684 2533 789 2583 Hebraeos,

93 2587 155 2638 fuisse,
169 2589 220 2641 quod
236 2588 264 2627 illi
280 2592 363 2629 statuam
378 2588 427 2627 hanc
454 2587 475 2627 xi
482 2601 514 2638 31,
522 2588 621 2627 Rahabam
629 2588 667 2627 fide
676 2589 700 2627 ab
709 2588 790 2628 interitu

93 2655 133 2683 esse
146 2644 272 2696 nugabantur,
285 2643 305 2682 hi
318 2643 427 2695 impruden·
454 2646 549 2683 servatam
568 2656 608 2682 esse
631 2643 687 2692 dicat,
706 2642 789 2683 Jacobus

93 2701 123 2736 ter
138 2699 246 2747 credebant,
256 2699 298 2751 jam
307 2698 385 2750 liquidis
398 2712 427 2737 ar·
454 2702 520 2738 autem
537 2710 580 2737 eam
599 2711 624 2737 ex
643 2697 733 2749 operibus
749 2699 790 2750 jus-

93 2754 189 2803 gumcntis
215 2754 368 2793 demonstratum
392 2758 426 2793 est.
454 2753 519 2793 titiam
537 2752 630 2804 accepisse
647 2756 707 2805 putet,
726 2754 790 2794 denuo

94 2807 169 2848 FREY.
198 2808 262 2854 Multi,
272 2808 289 2849 si
300 2809 359 2848 fidem
367 2807 428 2860 Chry·
454 2812 557 2859 utrumqne
585 2807 719 2859 complectitur
747 2808 789 2849 Ole-

93 2863 428 2916 sostomoadhibeasperegrinatio-
454 2863 524 2903 mentis
544 2862 606 2901 nostri
625 2863 711 2902 formula.
736 2864 789 2903 LIP-

91 2930 138 2968 >uena
155 2917 176 2957 in
191 2917 283 2958 Arabiam
300 2919 428 2971 suscipiebant
456 2917 522 2959 slus.
551 2916 639 2957 Clemens
647 2916 703 2958 Alex.
713 2923 744 2971 τῷ,
758 2924 791 2959 Διὰ

93 2976 115 3012 ut
133 2971 200 3012 fimum
217 2974 264 3014 Jobi
285 2977 390 3023 cernerent,
408 2978 428 3013 et
455 2973 585 3024 φιλοξενίονκοὶ
595 2974 683 3018 εὐσέβειαν
689 2975 727 3012 Λὼτ
734 2977 791 3024 ἐσώθη

94 3028 197 3079 conspicati
210 3033 282 3069 terram
297 3029 428 3069 deoscularen-
456 3031 474 3068 ἐκ
487 3029 570 3078 Σοδόμων,
580 3028 676 3068 subnectit
687 3031 719 3067 Διὰ
732 3031 792 3070 πίστιν

122 3105 169 3135 VOL.
180 3106 195 3135 1.
489 3107 504 3135 Η
