1958 3490
328 237 400 280 vum
414 237 451 281 ΕΤ
466 237 606 280 scurrula.
785 235 815 281 lxi

49 332 51 334 -
117 369 171 396 nasse
180 354 240 395 tradit
247 354 366 400 Philastrins,
374 353 416 395 Lib.
424 354 448 394 de
456 354 578 404 Haeresibus,
589 354 599 405 ς
609 363 639 404 17,
649 353 755 395 BiblVett.
763 356 813 396 Patt.

118 421 246 470 Golon.1618‚
256 425 302 460 tom.
311 421 331 461 iv
339 434 359 473 p.
369 422 415 482 tor.

145 487 157 519 k
170 487 248 527 reducit
261 487 290 527 ad
295 485 371 541 fidant]
386 487 481 532 Irenaeus,
491 493 516 525 111
525 486 546 525 iii
556 499 575 535 4,
586 491 707 538 Μαρτνμοῦσιν
720 487 785 527 τούτοις
798 490 815 526 αἱ

117 556 159 593 κατὰ
172 555 202 603 τὴν
215 554 276 593 Ἀσίαν
289 554 376 603 ἐκκλησίαι
389 557 449 599 πᾶσαι,
465 556 491 592 καὶ
507 555 523 592 ol
538 553 589 604 μέχρι
605 557 634 592 νῦν
649 555 771 604 διαδεδεγμένοι
785 556 816 592 τδν

117 619 235 670 Πολόκορπον,
250 622 311 671 πόλλῳ
325 621 464 671 ἀξιοπιστότερον
479 621 506 658 καί
519 622 631 667 βεβαιότερον
645 621 724 669 ἀληθείας
737 622 815 672 μάρτυρα

117 687 157 725 ὄντα
171 687 282 725 Οὐαλεντίνου
298 688 325 725 καί
339 687 437 737 Μαρκίωνος
452 687 479 724 καί
495 691 528 724 τῶν
543 689 608 726 λοιπῶν
623 689 756 737 κακογνωμόνων.
781 685 815 726 Ὃς

117 756 144 792 καὶ
158 755 186 792 ἐπὶ
195 753 283 802 'Aeantem
295 753 399 802 ἐπιδημήσας
411 754 500 802 τῇῬόμη,
509 753 585 792 πολλοὺς
598 754 631 792 ἀπὸ
645 758 679 792 τῶν
691 753 816 804 προειρημένων

116 822 203 870 αἱρετικῶν
212 820 320 870 ἐπέστρεψεν
332 821 356 859 είς
368 820 399 868 τὴν
411 820 501 867 ἐκκλησίαν
509 823 539 857 τοῦ
548 823 598 869 θεοῦ,
607 820 647 868 μίαν
656 820 683 859 καί
694 822 745 869 μόνην
753 820 815 869 ταύτην

117 886 196 935 ἀλήθειαν
205 886 277 937 κηρύξας
289 887 322 925 ὑπὸ
331 891 364 924 τῶν
372 886 483 925 ’ἀποστόλων
491 886 618 935 παρειληφέναι,
627 886 658 933 την
667 887 700 925 ὑπὸ
709 889 743 934 τῆς
755 888 814 935 ἐκκλη-

117 953 156 993 σίας
165 953 304 1003 παραδεδομένην.

143 1017 149 1048 ¹
162 1018 239 1058 coctam
246 1018 319 1069 scisset
332 1016 432 1073 Mosrca'oc]
447 1018 544 1063 Irenaeus,
553 1024 578 1056 111
589 1017 611 1056 iii
621 1031 639 1066 4,
657 1020 689 1057 Καὶ
704 1020 754 1059 αὐτὸς
769 1021 787 1058 δὲ
805 1023 814 1057 ὁ

116 1085 236 1136 Πολόκαρπος,
247 1086 333 1136 Μαρκίωνί
346 1101 389 1123 ποτε
402 1086 425 1125 εἶς
439 1085 482 1134 όφιν
494 1086 539 1135 αὐτῷ
553 1084 627 1130 ἐλθόντι,
637 1085 664 1122 καὶ
676 1084 756 1135 φήσαντι,
766 1085 814 1124 Ἐπι-

115 1155 203 1202 γινώσκεις
212 1152 267 1201 ἡμᾶς;
281 1152 367 1202 ἀπεκρίθη,
376 1152 494 1202 Ἐπιηινόισκω
503 1153 533 1189 τόν
541 1153 648 1198 πρωτότοκον
656 1155 686 1189 τοῦ
696 1156 764 1191 Σατανᾶ.

145 1228 161 1248 ¹¹¹
172 1217 326 1270 praeoptatam
339 1215 426 1272 attaholt]
443 1217 490 1257 Non
503 1217 555 1270 quod
568 1221 631 1257 aetate
645 1217 691 1257 alios
701 1205 814 1259 Haereticos

116 1284 242 1334 antecederet,
252 1284 285 1324 sed
294 1284 372 1333 malitia,
383 1284 484 1332 erroribus,
495 1289 514 1324 et
522 1283 640 1335 pravissimis
649 1284 737 1324 consiliis.
761 1284 813 1324 Nam

117 1349 215 1390 diabolum
230 1351 281 1390 inter
295 1350 359 1390 Deum
375 1353 394 1389 et
409 1349 508 1389 Christum
524 1348 633 1389 collocabat.
669 1350 733 1389 Deum
748 1350 814 1390 invisi-

117 1414 181 1466 bilem,
200 1415 298 1456 Christum
314 1416 410 1456 visibilem
427 1421 447 1456 et
463 1415 581 1455 conditorem
599 1416 700 1465 asserebat,
716 1415 814 1456 diabolum

116 1495 162 1522 vero
174 1482 273 1535 utriusque
285 1488 363 1523 naturae
373 1487 393 1523 ct
401 1484 496 1524 virtutum
505 1495 545 1522 esse
556 1482 674 1534 participem
704 1482 813 1536 Scripturas

116 1549 250 1602 interpolabat,
259 1549 384 1598 adulterabat,
395 1554 414 1590 ct
426 1563 500 1589 errores
509 1548 604 1589 erroribus
614 1549 728 1589 cumulabat.
756 1548 813 1590 Adeo

115 1621 138 1656 ut
154 1616 174 1655 in
190 1616 247 1668 Lege,
264 1615 370 1667 Prophetis,
388 1614 498 1668 Evangelio,
514 1614 563 1653 nihil
578 1615 672 1654 intactum
690 1615 812 1668 relinqueret,

116 1682 217 1734 omniaque
229 1681 280 1721 illius
292 1681 411 1733 blasphemas
426 1686 445 1721 et
457 1680 568 1721 temerarias
580 1693 647 1719 manus
659 1681 812 1732 experiebantur,

115 1752 138 1788 ut
147 1748 212 1788 videre
224 1752 253 1788 est
265 1747 317 1799 apud
326 1747 461 1799 Epiphanium,
471 1747 552 1787 Haeresi
561 1747 600 1786 xlii.
630 1747 668 1786 Sed
679 1761 702 1787 aa
712 1749 814 1801 praecipua

116 1815 140 1854 de
149 1828 205 1854 causa
216 1814 263 1852 mihi
272 1813 350 1854 videtur
358 1819 436 1853 vocatus
445 1827 457 1853 a
466 1813 571 1865 Polycarpo
583 1813 723 1865 primogenitus
736 1814 812 1864 diaboli,

113 1881 161 1933 quia
175 1880 257 1932 negabat
271 1880 370 1920 Christum
384 1879 405 1919 in
420 1893 476 1919 carne
489 1879 569 1919 venisse.
589 1879 756 1925 LEMOYNIUS,
766 1880 811 1920 Var.

117 1946 167 1986 Sacr.
178 1946 192 1984 ii
202 1954 247 1994 454.

143 2012 247 2052 Geminum
262 2016 291 2051 est
307 2011 358 2063 quod
374 2011 395 2049 in
411 2012 472 2064 Epist.
489 2012 513 2051 ad
529 2011 665 2064 Philippenses,
681 2013 690 2064 ξ
704 2021 721 2063 7.
735 2013 811 2066 legitur.

116 2078 166 2119 Vide
180 2078 205 2118 sis
219 2078 274 2123 infra,
283 2092 301 2129 p.
311 2080 349 2128 538
364 2077 416 2117 l.10.
445 2078 473 2117 Of.
490 2091 538 2130 quae
552 2078 575 2117 de
589 2078 699 2131 Polycarpo,
714 2079 813 2119 haereseos

115 2149 248 2198 oppugnatore
260 2145 358 2189 acerrimo,
369 2144 427 2185 habet
440 2145 536 2193 Irenaeus,
545 2144 566 2183 in
576 2145 652 2197 Fragm.
663 2146 725 2198 Epist.
736 2147 760 2185 ad
769 2134 823 2185 Flo!

115 2212 185 2257 u'num,
200 2211 250 2264 Opp.
260 2225 278 2263 p.
290 2223 328 2260 340
344 2211 373 2250 ed.
388 2210 480 2251 Massuet.
495 2211 546 2263 apud
562 2211 630 2251 Euseb.
645 2211 672 2251 H.
685 2213 707 2251 Ε.
717 2227 735 2252 v.
747 2227 778 2261 20,
794 2218 814 2253 et

115 2278 186 2319 Routh.
202 2278 271 2330 Script.
287 2277 358 2317 Eccles.
371 2276 459 2329 Opusc.i
473 2290 492 2329 p.
503 2278 534 2327 36,
546 2279 573 2315 καὶ
586 2278 656 2327 δύναμαι
668 2279 813 2330 διαμαρτύρασθαι

115 2346 212 2395 ἔμπροσθεν
225 2348 256 2383 τοῦ
270 2347 320 2390 θεοῦ,
330 2344 357 2382 ότι
370 2343 415 2383 εἴτι
430 2348 507 2382 τοιοῦτον
518 2345 583 2392 ἀκηκόει
597 2346 659 2384 ἐκεῖνος
672 2348 681 2383 ό
694 2347 774 2396 μακάριος
787 2348 813 2384 καὶ

115 2411 229 2449 ἀποοτολικδς
244 2409 368 2461 πρεσβύτερος,
383 2411 477 2462 ἀνακράξας
494 2411 515 2449 όν
527 2412 554 2448 καὶ
568 2412 657 2460 ἐμφράξας
672 2414 693 2450 τὰ
707 2413 742 2450 ὦτα
755 2415 812 2458 αὐτοῦ,

115 2477 142 2514 καὶ
156 2476 197 2513 κατὰ
213 2477 232 2513 τὸ
247 2475 318 2522 σύνηθες
333 2477 378 2526 αὐτῷ
394 2477 451 2514 εἰπών·
467 2473 491 2513 'a
505 2477 546 2514 καλέ
562 2479 600 2522 Oct,
614 2478 638 2517 εἰς
654 2478 699 2518 olona
711 2495 733 2527 με
746 2481 813 2530 καιροὺς

115 2543 210 2592 τετήρηκας,
222 2542 249 2580 ’ίνιι
267 2540 332 2579 τούτων
344 2542 445 2591 ’ἇνέχωμοιί
471 2542 555 2593 πεφεύγοι
573 2544 593 2581 ἂν
611 2546 638 2582 καὶ
654 2547 684 2583 τὸν
699 2548 751 2584 τόπον
767 2545 813 2598 ἐνφ

115 2610 224 2656 καθεζόμενος
237 2608 247 2656 ἢ
261 2609 316 2646 ἑστὼς
329 2612 362 2645 τῶν
375 2609 456 2647 τοιούτων
469 2609 535 2657 ἀκηκόει
548 2611 610 2660 λόγων,
716 2594 719 2600 ¹

143 2683 152 2703 n
167 2675 236 2713 Postea
250 2671 301 2727 cero]
318 2674 408 2714 Irenaeus
418 2682 443 2713 111
453 2674 474 2713 iii
484 2689 502 2725 4,
516 2675 535 2713 ὃν
549 2677 575 2714 καὶ
590 2678 637 2724 ἡμεῖς
650 2678 745 2727 ἑωράκαμεν
760 2680 812 2727 ἐντῇ

114 2745 172 2790 πρώτη
185 2741 232 2788 ἡμῶν
242 2742 303 2789 ἡλικίᾳ,
314 2742 387 2780 ἐπιπολὺ
397 2742 430 2792 peip
442 2742 537 2791 παρέμεινε·
551 2744 577 2780 καὶ
589 2744 633 2785 πάνυ
643 2744 730 2794 γηραλέος,
741 2745 813 2793 ἐνδόξως

114 2808 142 2844 καὶ
152 2807 278 2856 ἐπιφανέστατα
287 2807 402 2858 μαρτυρήσας,
413 2809 473 2856 ἐξῆλθε
482 2812 512 2846 τοῦ
524 2809 569 2854 βίον.
663 2852 665 2858 ,

143 2881 152 2901 ⁰
166 2871 270 2927 Smyrnae]
287 2872 412 2925 Sepulchrum
422 2874 442 2913 S.
453 2873 559 2926 Polycarpi,
570 2874 621 2925 quod
634 2873 655 2911 in
669 2874 728 2914 latere
741 2877 814 2917 montis

115 2952 181 2978 versus
196 2940 339 2979 Euroauatrum
350 2940 412 2979 adhuc
423 2945 551 2988 conservatur,
564 2939 638 2988 Graeci,
652 2940 683 2980 (lie
693 2941 742 2981 festo
754 2943 814 2996 ipsius

117 3006 220 3045 memoriae
229 3011 344 3051 consecrato,
353 3020 389 3057 pro
398 3020 451 3046 more
460 3006 493 3058 qui
507 3005 558 3057 apud
571 3006 622 3057 ipsos
636 3005 711 3047 obtinet
723 3012 743 3047 et
754 3009 793 3048 fore
803 3024 814 3048 a
