2061 3403
209 180 232 223 lx
433 181 474 225 DE
490 183 512 225 S.
523 182 692 226 POLYCARPI

169 315 170 318 ¹
209 301 261 348 μόνον
269 300 303 339 ὑπὸ
311 300 424 339 ’λποστόλυν
432 301 546 350 μαθητιυθείς,
556 303 583 340 καὶ
592 301 739 351 συναναστροφὰς
751 303 823 340 πολλοῖς
833 303 869 340 τοῖς
880 301 910 338 τὸν

210 367 286 416 Χριστὸν
295 369 392 419 ἑωρακόσιν.

237 429 310 484 ίοιηνον
318 432 350 472 tt
358 434 445 474 Paschae
453 432 579 489 quaestiones]
592 434 686 477 Irenaeus,
696 431 717 471 in
726 431 803 485 Fragm.
811 432 910 486 Epistolae

210 498 236 537 ad
244 498 344 540 Victorem
353 499 426 554 Papam
437 501 515 542 Romae.
530 500 579 554 Opp.
590 513 627 552 341
639 500 668 540 ed.
679 498 769 540 Massuet.
799 499 829 539 Cf.
839 499 908 540 Euseb.

192 581 195 585 ’
211 565 237 605 Η.
248 565 270 605 Ε.
281 580 295 606 v
305 580 335 616 24.
364 571 397 607 Καὶ
410 572 441 606 τοῦ
454 569 536 620 μακαρίου
549 570 663 618 Πολυκάρπου
677 567 811 616 ἐπιδημήσαντος
824 571 844 616 τῇ
856 568 910 616 Ῥώμη

210 632 238 670 tet
246 632 338 681 Ἀνικήτου,
347 634 422 686 καὶπερὶ
433 635 493 674 ἄλλων
501 639 550 673 τινῶν
558 636 609 686 μικρά
621 637 692 684 σχόντες
704 635 747 684 πρὸς
760 632 852 682 ἀλλήλους,
861 633 911 673 εὐθὺς

210 698 315 749 εἷρηνεύσαν,
330 702 370 750 περὶ
384 700 445 740 τούτου
461 705 491 740 τοῦ
509 703 604 752 κεφαλαίου
621 703 644 751 μὴ
662 700 817 751 φιλεριστήσαντες
835 699 909 740 ἑαυτούς,

210 767 254 802 Οὔτε
263 766 297 815 γὰρ
306 769 316 804 ὁ
324 765 410 815 Ἀνίκητος
419 768 449 805 τὸν
456 767 570 818 Πολύκαρπον
578 770 637 807 πεῖσαι
650 766 718 805 ἐδύνατο
730 767 753 815 μὴ
766 768 822 815 τηρεῖν
830 766 860 804 dre
868 766 911 814 μετὰ

209 831 288 869 Ἰωάννου
300 835 330 871 ’τοῦ
343 834 417 881 μαθητοῦ
430 835 493 885 Κυρίου
506 834 558 882 ἡμῶν,
568 836 595 872 καί
607 836 671 873 λοιπῶν
683 834 792 872 Ἀποστόλων
805 829 830 871 οἷς
843 832 910 870 συνθιέ.

210 898 279 947 τριψεν,
293 899 319 936 ἀεὶ
334 901 441 949 τετηρηκότιι·
465 903 503 938 οὕτε
519 901 551 948 μὴν
564 903 574 937 ὁ
587 898 700 949 Πολίυιαρπος
713 900 743 936 τὸν
755 897 837 945 Ἀνίκηταν
852 898 911 936 ἔπεισε

209 966 271 1013 τηρεῖν,
286 965 359 1015 λέγοντα
377 966 407 1014 τὴν
423 966 513 1015 συνήθειαν
528 970 561 1004 τῶν
578 967 612 1016 πρὸ
630 967 681 1004 αὑτοῦ
697 964 819 1015 πρεσβυτέρων
833 964 911 1014 ὀφείλειν

210 1028 291 1078 κατέχειν.
320 1032 353 1068 Καὶ
365 1031 429 1070 τούτων
443 1031 497 1072 οὕτως
511 1032 590 1082 ἐχόντων,
604 1032 715 1080 ἐκοινώνησαν
728 1033 799 1070 ἑαυτοῖς
817 1032 844 1069 καὶ
858 1032 910 1079 ἔνπῇ

210 1096 292 1144 ἐκκλησίᾳ
303 1099 426 1146 παρεχώρησεν
437 1100 446 1135 a‘
455 1098 541 1145 Ἀνίκητος
553 1099 583 1147 τὴν
595 1099 705 1148 εὐχαριστίαν
716 1102 740 1150 τῷ
749 1098 864 1149 Πολυκάρπιρ,
874 1097 909 1134 κατ’

209 1162 292 1211 ἐντροπὴν
306 1164 389 1209 δηλονότι·
403 1165 430 1201 καὶ
445 1164 482 1212 μετ’
497 1164 561 1213 εἰρήνης
577 1164 606 1203 ἀπ’
620 1164 700 1213 ἀλλήλων
711 1164 841 1213 ἀπηλλάγησαν,
853 1164 910 1210 πάσης

209 1229 240 1275 τῆς
253 1227 343 1276 ἐκκλησίας
357 1229 423 1279 εἷρὴνην
437 1230 516 1278 ἐχόντων,
532 1231 560 1268 καὶ
579 1234 613 1268 τῶν
630 1230 729 1281 τηρούντων,
744 1231 771 1268 καί
789 1234 823 1267 τῶν
840 1231 863 1278 μὴ
881 1245 909 1277 τη-

208 1291 287 1343 ροιίντων.

236 1357 317 1399 Asiatici
327 1359 437 1410 Christiani,
446 1366 469 1401 ut
478 1361 582 1402 Moshemii
590 1362 654 1402 verbis
665 1367 715 1411 utar,
725 1362 797 1402 Pascha
808 1375 864 1401 suum
876 1369 909 1411 14¹²

208 1424 254 1463 luna
269 1424 328 1476 primi
344 1426 415 1466 mensis
431 1426 555 1476 Judoeornm,
570 1427 638 1467 eodem
654 1426 746 1466 nimirum
761 1432 854 1479 tempore,
870 1440 909 1479 quo

208 1489 278 1529 Judaei
290 1504 362 1543 sgnum
374 1492 482 1544 paschalem
491 1493 621 1542 comedebant,
631 1493 757 1539 celebrabant,
767 1493 847 1546 ideoque
858 1493 908 1546 jeju-

208 1557 262 1595 nium
271 1571 352 1611 magnae
360 1558 485 1599 hebdomadis
494 1560 664 1612 interrumpebant.
693 1559 741 1611 Ejus
753 1564 818 1599 autem
830 1573 908 1600 consue-

207 1623 281 1663 tudinis
295 1629 387 1674 auctores,
402 1639 422 1666 se
436 1626 547 1679 Philippum
563 1631 583 1667 et
596 1626 704 1666 Johanncm
718 1625 823 1679 Apostolos
838 1626 908 1666 habere

208 1690 302 1731 dicebant.
331 1692 408 1744 Reliqui
417 1706 463 1733 vero
473 1692 582 1738 Christiani,
591 1697 632 1732 tam
641 1693 662 1732 iu
671 1692 723 1741 Asia,
732 1707 790 1745 quam
799 1692 820 1732 in
829 1693 908 1744 Europa

208 1761 228 1796 et
238 1756 309 1806 Africa,
318 1757 371 1797 nefas
380 1772 421 1798 esse
431 1759 526 1799 ducebant
535 1772 616 1811 magnae
624 1759 749 1798 hebdomadis
759 1759 854 1811 jejunium
863 1764 908 1799 ante
974 1772 976 1776 ’

208 1824 265 1868 (hem,
280 1824 314 1876 qui
330 1825 434 1864 memoriae
450 1825 471 1864 in
483 1825 545 1865 vitam
559 1825 657 1865 redeuntis
671 1825 778 1865 Servatoris
792 1838 845 1865 sacer
860 1829 907 1871 crat,

144 1897 145 1900 ’
208 1890 288 1939 solvere,
304 1890 408 1930 etidcirco
423 1905 502 1931 coenam
518 1891 625 1943 paschalem
641 1891 662 1930 in
677 1895 754 1930 noctem
769 1890 821 1930 dicm
836 1892 907 1932 festum

209 1955 288 1996 Christo
303 1957 324 1995 in
339 1956 401 1996 vitam
417 1962 506 1998 revocato
523 1957 607 1997 dicatum
625 1957 771 2008 praecedentem
789 1957 906 1997 differebant.

208 2021 274 2074 Atque
283 2022 334 2062 hunc
342 2036 416 2062 morem
429 2023 511 2063 Romani
524 2023 608 2062 maximo
618 2022 722 2063 Christiani
731 2037 742 2062 a
752 2024 809 2063 Petro
819 2029 839 2063 et
848 2024 908 2063 Paulo

208 2102 229 2129 se
248 2089 342 2141 accepisse
361 2089 491 2141 perhibebant.
529 2089 572 2129 Vid.
590 2089 697 2129 Comment.
715 2089 739 2128 de
755 2090 820 2129 Rebus
836 2090 906 2130 Christ.

209 2169 229 2207 P=
241 2164 286 2205 4351
761 2165 765 2173 “

237 2219 344 2275 Modesto]
357 2222 418 2262 Juxta
431 2221 520 2261 Pearsoni
534 2226 553 2261 et
563 2221 658 2261 Dodwelli
670 2221 768 2270 calculum,
779 2235 803 2260 ex
812 2222 908 2275 Eutychio

208 2288 305 2336 haustum,
316 2287 452 2327 Pontificatum
462 2287 507 2327 iniit
515 2301 565 2326 anno
575 2300 617 2336 142.
634 2285 740 2327 CAVIUS.

236 2352 341 2393 11Ιίοιιιιιιιι
353 2351 412 2408 uenit]
425 2353 510 2398 Annum,
520 2367 558 2405 quo
570 2354 653 2393 Romam
662 2354 736 2393 venerit
746 2354 866 2406 Polycarpus‚
877 2355 909 2394 de-

208 2419 263 2459 finire
273 2434 312 2459 non
321 2420 383 2459 datur.
413 2419 503 2469 Clericus,
514 2419 565 2458 Hist.
577 2419 627 2458 Eccl.
638 2433 656 2471 p.
666 2421 711 2470 672,
721 2420 789 2459 statuit
798 2408 822 2458 A‘.
830 2420 854 2459 D.
864 2430 906 2470 152.

208 2486 284 2539 Pagius,
294 2487 319 2526 od
334 2486 404 2525 Barca
419 2499 463 2524 anu.
477 2487 520 2534 167,
532 2490 551 2525 et
565 2486 676 2535 Pearsonus‚
690 2485 744 2538 Opp.
754 2486 818 2526 Posth.
833 2501 851 2539 p.
863 2490 907 2537 278,

207 2557 295 2592 statuunt
309 2551 332 2591 A.
342 2553 365 2591 D.
379 2554 422 2602 158.
462 2551 593 2601 Schroeclcius,
608 2553 634 2591 K.
645 2552 667 2592 d.
681 2552 702 2591 iii
716 2566 735 2604 p.
747 2555 779 2602 56,
793 2551 817 2591 A.
826 2553 850 2592 D.
864 2555 906 2594 160.

208 2620 257 2660 Cum
274 2619 334 2672 Pagio
350 2623 403 2658 stant
419 2618 524 2663 Ruchatus,
542 2623 562 2657 et
577 2619 680 2667 Burtouus,
694 2619 788 2663 Lectores,
803 2619 817 2657 ii
832 2634 850 2671 p.
864 2633 907 2669 121,

208 2685 299 2725 Chronici
313 2684 441 2725 Alexandrini
455 2690 475 2724 et
489 2684 591 2723 Fastorum
606 2684 715 2723 Siculorum
731 2684 844 2725 auctoritate
860 2685 906 2726 nixi.

208 2751 298 2791 Neander
311 2756 382 2796 autem,
397 2751 423 2790 K.
439 2751 460 2790 0.
476 2751 487 2789 I
502 2749 515 2788 ii
531 2763 575 2800 343,
592 2749 630 2788 iter
644 2750 743 2802 Polycarpi
757 2752 781 2789 ad
794 2750 817 2790 A.
826 2753 850 2791 D.
863 2755 906 2803 τόν,

207 2818 273 2858 trahit.

234 2888 240 2916 i
254 2887 371 2943 oratotoriis]
382 2889 506 2933 Marcionem,
517 2903 528 2927 a
538 2888 559 2927 B.
570 2887 658 2927 Jchanne
668 2888 791 2941 Evangelista
800 2894 819 2929 et
831 2906 843 2930 a
854 2906 906 2944 pres-

207 2956 279 3007 byteris
289 2956 312 2995 de
322 2956 399 2995 civitate
409 2955 481 3007 Ephcsi
490 2955 583 3006 fugatum,
595 2954 667 2994 Rornae
678 2955 772 2994 haeresim
785 2969 838 2996 suain
851 2959 906 2998 semi-
