<?xml version="1.0" encoding="UTF-8"?>
<!DOCTYPE html PUBLIC "-//W3C//DTD XHTML 1.0 Transitional//EN"
    "http://www.w3.org/TR/xhtml1/DTD/xhtml1-transitional.dtd">
<html xmlns="http://www.w3.org/1999/xhtml" xml:lang="en" lang="en">
 <head>
  <title>
</title>
<meta http-equiv="Content-Type" content="text/html;charset=utf-8" />
  <meta name='ocr-system' content='tesseract 3.04.00' />
  <meta name='ocr-capabilities' content='ocr_page ocr_carea ocr_par ocr_line ocrx_word'/>
</head>
<body>
  <div class='ocr_page' id='page_1' title='image "./MN41360ucmf_0/MN41360ucmf_0_0327.png"; bbox 0 0 1975 3455; ppageno 0'>
   <div class='ocr_carea' id='block_1_1' title="bbox 287 212 791 268">
    <p class='ocr_par' dir='ltr' id='par_1_1' title="bbox 287 212 791 268">
     <span class='ocr_line' id='line_1_1' title="bbox 287 212 791 268; baseline -0.006 -9"><span class='ocrx_word' id='word_1_1' title='bbox 287 215 329 258; x_wconf 89' lang='lat' dir='ltr'><em>AD</em></span> <span class='ocrx_word' id='word_1_2' title='bbox 344 213 539 268; x_wconf 69' lang='lat' dir='ltr'>CORINTHIOS,</span> <span class='ocrx_word' id='word_1_3' title='bbox 549 213 594 257; x_wconf 88' lang='lat' dir='ltr'><em>lvii.</em></span> <span class='ocrx_word' id='word_1_4' title='bbox 747 212 791 256; x_wconf 82' lang='lat' dir='ltr'><em>als</em></span> 
     </span>
    </p>
   </div>
   <div class='ocr_carea' id='block_1_2' title="bbox 91 329 840 870">
    <p class='ocr_par' dir='ltr' id='par_1_2' title="bbox 91 329 840 870">
     <span class='ocr_line' id='line_1_2' title="bbox 91 329 790 397; baseline -0.009 -13"><span class='ocrx_word' id='word_1_5' title='bbox 91 333 151 384; x_wconf 85' lang='lat' dir='ltr'><em>Erit</em></span> <span class='ocrx_word' id='word_1_6' title='bbox 170 331 237 389; x_wconf 88' lang='lat' dir='ltr'><em>mim</em></span> <span class='ocrx_word' id='word_1_7' title='bbox 254 348 330 397; x_wconf 87' lang='lat' dir='ltr'><em>qaam</em></span> <span class='ocrx_word' id='word_1_8' title='bbox 350 329 496 381; x_wconf 74' lang='lat' dir='ltr'><em>invocabitis</em></span> <span class='ocrx_word' id='word_1_9' title='bbox 515 347 560 388; x_wconf 88' lang='lat' dir='ltr'><em>me,</em></span> <span class='ocrx_word' id='word_1_10' title='bbox 581 347 623 395; x_wconf 78' lang='lat' dir='ltr'><em>eqo</em></span> <span class='ocrx_word' id='word_1_11' title='bbox 643 338 790 379; x_wconf 78' lang='lat' dir='ltr'><em>autemnon</em></span> 
     </span>
     <span class='ocr_line' id='line_1_3' title="bbox 92 406 840 476; baseline -0.009 -13"><span class='ocrx_word' id='word_1_12' title='bbox 92 410 230 464; x_wconf 73' lang='lat' dir='ltr'><em>exaudiam</em></span> <span class='ocrx_word' id='word_1_13' title='bbox 240 427 297 460; x_wconf 85' lang='lat' dir='ltr'><em>eos:</em></span> <span class='ocrx_word' id='word_1_14' title='bbox 315 417 433 475; x_wconf 83' lang='lat' dir='ltr'><em>qaaermt</em></span> <span class='ocrx_word' id='word_1_15' title='bbox 441 426 480 476; x_wconf 87' lang='lat' dir='ltr'><em>me</em></span> <span class='ocrx_word' id='word_1_16' title='bbox 490 407 590 467; x_wconf 76' lang='lat' dir='ltr'><em>maliet</em></span> <span class='ocrx_word' id='word_1_17' title='bbox 600 424 650 458; x_wconf 83' lang='lat' dir='ltr'><em>moa</em></span> <span class='ocrx_word' id='word_1_18' title='bbox 661 406 790 457; x_wconf 85' lang='lat' dir='ltr'><em>iaceaieat.</em></span> <span class='ocrx_word' id='word_1_19' title='bbox 838 460 840 467; x_wconf 15' lang='grc' dir='ltr'>χ</span> 
     </span>
     <span class='ocr_line' id='line_1_4' title="bbox 94 484 793 554; baseline -0.009 -13"><span class='ocrx_word' id='word_1_20' title='bbox 94 491 206 542; x_wconf 83' lang='lat' dir='ltr'><em>Ooleraat</em></span> <span class='ocrx_word' id='word_1_21' title='bbox 217 487 284 539; x_wconf 83' lang='lat' dir='ltr'><em>euim</em></span> <span class='ocrx_word' id='word_1_22' title='bbox 295 486 454 554; x_wconf 73' lang='lat' dir='ltr'><em>sapientiam,</em></span> <span class='ocrx_word' id='word_1_23' title='bbox 465 485 579 537; x_wconf 84' lang='lat' dir='ltr'><em>timorem</em></span> <span class='ocrx_word' id='word_1_24' title='bbox 592 494 674 536; x_wconf 89' lang='lat' dir='ltr'><em>aatem</em></span> <span class='ocrx_word' id='word_1_25' title='bbox 685 484 793 536; x_wconf 80' lang='lat' dir='ltr'><em>Domitii</em></span> 
     </span>
     <span class='ocr_line' id='line_1_5' title="bbox 91 563 792 632; baseline -0.007 -13"><span class='ocrx_word' id='word_1_26' title='bbox 91 588 142 619; x_wconf 85' lang='lat' dir='ltr'><em>aaa</em></span> <span class='ocrx_word' id='word_1_27' title='bbox 160 574 334 624; x_wconf 73' lang='lat' dir='ltr'><em>assumseram,</em></span> <span class='ocrx_word' id='word_1_28' title='bbox 352 582 429 632; x_wconf 83' lang='lat' dir='ltr'><em>aeque</em></span> <span class='ocrx_word' id='word_1_29' title='bbox 450 565 562 615; x_wconf 82' lang='lat' dir='ltr'><em>colebam</em></span> <span class='ocrx_word' id='word_1_30' title='bbox 584 563 645 615; x_wconf 90' lang='lat' dir='ltr'><em>meis</em></span> <span class='ocrx_word' id='word_1_31' title='bbox 668 563 792 628; x_wconf 76' lang='lat' dir='ltr'><em>atteaolepe</em></span> 
     </span>
     <span class='ocr_line' id='line_1_6' title="bbox 92 641 791 709; baseline -0.007 -11"><span class='ocrx_word' id='word_1_32' title='bbox 92 645 209 705; x_wconf 87' lang='lat' dir='ltr'><em>coasiliis,</em></span> <span class='ocrx_word' id='word_1_33' title='bbox 221 643 406 699; x_wconf 86' lang='lat' dir='ltr'><em>sabsaaaabaat</em></span> <span class='ocrx_word' id='word_1_34' title='bbox 423 653 505 694; x_wconf 88' lang='lat' dir='ltr'><em>aatem</em></span> <span class='ocrx_word' id='word_1_35' title='bbox 519 660 587 694; x_wconf 91' lang='lat' dir='ltr'><em>meas</em></span> <span class='ocrx_word' id='word_1_36' title='bbox 597 641 791 709; x_wconf 68' lang='lat' dir='ltr'><em>redemerimus.</em></span> 
     </span>
     <span class='ocr_line' id='line_1_7' title="bbox 92 721 791 791; baseline -0.007 -15"><span class='ocrx_word' id='word_1_37' title='bbox 92 726 162 791; x_wconf 79' lang='lat' dir='ltr'><em>Erqo</em></span> <span class='ocrx_word' id='word_1_38' title='bbox 174 722 298 774; x_wconf 87' lang='lat' dir='ltr'><em>comeolcat</em></span> <span class='ocrx_word' id='word_1_39' title='bbox 313 721 370 772; x_wconf 83' lang='lat' dir='ltr'><em>aiae</em></span> <span class='ocrx_word' id='word_1_40' title='bbox 386 739 446 773; x_wconf 87' lang='lat' dir='ltr'><em>saae</em></span> <span class='ocrx_word' id='word_1_41' title='bbox 456 722 565 790; x_wconf 89' lang='lat' dir='ltr'><em>fractas,</em></span> <span class='ocrx_word' id='word_1_42' title='bbox 578 731 599 772; x_wconf 91' lang='lat' dir='ltr'><em>et</em></span> <span class='ocrx_word' id='word_1_43' title='bbox 615 739 662 772; x_wconf 91' lang='lat' dir='ltr'><em>saa</em></span> <span class='ocrx_word' id='word_1_44' title='bbox 678 721 791 789; x_wconf 84' lang='lat' dir='ltr'><em>ipsoram</em></span> 
     </span>
     <span class='ocr_line' id='line_1_8' title="bbox 92 800 419 870; baseline -0.012 -16"><span class='ocrx_word' id='word_1_45' title='bbox 92 803 218 870; x_wconf 76' lang='lat' dir='ltr'><em>impietate</em></span> <span class='ocrx_word' id='word_1_46' title='bbox 235 800 419 853; x_wconf 83' lang='lat' dir='ltr'><em>saturabimtar.</em></span> 
     </span>
    </p>
   </div>
   <div class='ocr_carea' id='block_1_3' title="bbox 87 1066 800 3044">
    <p class='ocr_par' dir='ltr' id='par_1_3' title="bbox 90 1066 796 1670">
     <span class='ocr_line' id='line_1_9' title="bbox 92 1066 791 1120; baseline -0.001 -13"><span class='ocrx_word' id='word_1_47' title='bbox 92 1069 136 1108; x_wconf 89' lang='lat' dir='ltr'><em>dem</em></span> <span class='ocrx_word' id='word_1_48' title='bbox 149 1067 213 1109; x_wconf 86' lang='lat' dir='ltr'><em>visum</em></span> <span class='ocrx_word' id='word_1_49' title='bbox 227 1071 261 1117; x_wconf 86' lang='lat' dir='ltr'><em>est,</em></span> <span class='ocrx_word' id='word_1_50' title='bbox 274 1067 374 1108; x_wconf 87' lang='lat' dir='ltr'><em>literarum</em></span> <span class='ocrx_word' id='word_1_51' title='bbox 387 1081 429 1119; x_wconf 88' lang='lat' dir='ltr'><em>spa·</em></span> <span class='ocrx_word' id='word_1_52' title='bbox 456 1067 506 1109; x_wconf 84' lang='lat' dir='ltr'><em>Vide</em></span> <span class='ocrx_word' id='word_1_53' title='bbox 512 1067 603 1108; x_wconf 78' lang='lat' dir='ltr'><em>(ietelerii</em></span> <span class='ocrx_word' id='word_1_54' title='bbox 608 1066 706 1107; x_wconf 88' lang='lat' dir='ltr'><em>Judicium</em></span> <span class='ocrx_word' id='word_1_55' title='bbox 714 1067 738 1107; x_wconf 89' lang='lat' dir='ltr'><em>de</em></span> <span class='ocrx_word' id='word_1_56' title='bbox 745 1066 791 1120; x_wconf 84' lang='lat' dir='ltr'><em>Epi-</em></span> 
     </span>
     <span class='ocr_line' id='line_1_10' title="bbox 91 1122 788 1176; baseline -0.001 -13"><span class='ocrx_word' id='word_1_57' title='bbox 91 1123 146 1163; x_wconf 88' lang='lat' dir='ltr'><em>tium.</em></span> <span class='ocrx_word' id='word_1_58' title='bbox 172 1122 285 1172; x_wconf 88' lang='lat' dir='ltr'><em>Bunsenius,</em></span> <span class='ocrx_word' id='word_1_59' title='bbox 300 1123 393 1175; x_wconf 75' lang='lat' dir='ltr'><em>Ipaatim</em></span> <span class='ocrx_word' id='word_1_60' title='bbox 407 1137 427 1162; x_wconf 87' lang='lat' dir='ltr'><em>a.</em></span> <span class='ocrx_word' id='word_1_61' title='bbox 455 1123 505 1163; x_wconf 88' lang='lat' dir='ltr'><em>stola</em></span> <span class='ocrx_word' id='word_1_62' title='bbox 520 1123 632 1176; x_wconf 87' lang='lat' dir='ltr'><em>posteriore,</em></span> <span class='ocrx_word' id='word_1_63' title='bbox 647 1122 701 1172; x_wconf 87' lang='lat' dir='ltr'><em>infra,</em></span> <span class='ocrx_word' id='word_1_64' title='bbox 714 1136 732 1175; x_wconf 92' lang='lat' dir='ltr'><em>p.</em></span> <span class='ocrx_word' id='word_1_65' title='bbox 744 1135 788 1162; x_wconf 83' lang='lat'>221.</span> 
     </span>
     <span class='ocr_line' id='line_1_11' title="bbox 91 1177 796 1230; baseline -0.003 -13"><span class='ocrx_word' id='word_1_66' title='bbox 91 1192 106 1217; x_wconf 90' lang='lat' dir='ltr'><em>s.</em></span> <span class='ocrx_word' id='word_1_67' title='bbox 123 1178 171 1227; x_wconf 65' lang='lat' dir='ltr'><em>Zeia</em></span> <span class='ocrx_word' id='word_1_68' title='bbox 188 1191 232 1227; x_wconf 83' lang='lat'>101,</span> <span class='ocrx_word' id='word_1_69' title='bbox 245 1177 334 1217; x_wconf 87' lang='lat' dir='ltr'><em>lacunam</em></span> <span class='ocrx_word' id='word_1_70' title='bbox 350 1177 429 1230; x_wconf 86' lang='lat' dir='ltr'><em>quinde·</em></span> <span class='ocrx_word' id='word_1_71' title='bbox 456 1179 494 1217; x_wconf 88' lang='lat' dir='ltr'><em>Pro</em></span> <span class='ocrx_word' id='word_1_72' title='bbox 510 1185 566 1217; x_wconf 85' lang='grc' dir='ltr'>ΙΠοΝ</span> <span class='ocrx_word' id='word_1_73' title='bbox 581 1177 656 1227; x_wconf 76' lang='lat' dir='ltr'><em>iunius,</em></span> <span class='ocrx_word' id='word_1_74' title='bbox 668 1177 716 1218; x_wconf 80' lang='lat' dir='ltr'><em>Feli.</em></span> <span class='ocrx_word' id='word_1_75' title='bbox 727 1177 796 1229; x_wconf 52' lang='lat' dir='ltr'><em>Ootel„</em></span> 
     </span>
     <span class='ocr_line' id='line_1_12' title="bbox 91 1232 790 1285; baseline -0.001 -13"><span class='ocrx_word' id='word_1_76' title='bbox 91 1232 129 1272; x_wconf 93' lang='lat' dir='ltr'><em>cim</em></span> <span class='ocrx_word' id='word_1_77' title='bbox 146 1233 247 1273; x_wconf 88' lang='lat' dir='ltr'><em>literarum</em></span> <span class='ocrx_word' id='word_1_78' title='bbox 265 1246 354 1285; x_wconf 87' lang='lat' dir='ltr'><em>capacem</em></span> <span class='ocrx_word' id='word_1_79' title='bbox 371 1232 428 1273; x_wconf 89' lang='lat' dir='ltr'><em>aesti-</em></span> <span class='ocrx_word' id='word_1_80' title='bbox 456 1232 529 1274; x_wconf 78' lang='lat' dir='ltr'><em>Oolom.</em></span> <span class='ocrx_word' id='word_1_81' title='bbox 539 1232 594 1285; x_wconf 84' lang='lat' dir='ltr'><em>Frey.</em></span> <span class='ocrx_word' id='word_1_82' title='bbox 606 1233 704 1273; x_wconf 80' lang='lat' dir='ltr'><em>Constant.</em></span> <span class='ocrx_word' id='word_1_83' title='bbox 718 1232 790 1273; x_wconf 87' lang='lat' dir='ltr'><em>habent</em></span> 
     </span>
     <span class='ocr_line' id='line_1_13' title="bbox 91 1284 790 1340; baseline 0.001 -14"><span class='ocrx_word' id='word_1_84' title='bbox 91 1292 136 1328; x_wconf 88' lang='lat' dir='ltr'><em>mat.</em></span> <span class='ocrx_word' id='word_1_85' title='bbox 157 1286 256 1340; x_wconf 81' lang='lat' dir='ltr'><em>Apagina</em></span> <span class='ocrx_word' id='word_1_86' title='bbox 265 1292 330 1328; x_wconf 90' lang='lat' dir='ltr'><em>autem</em></span> <span class='ocrx_word' id='word_1_87' title='bbox 339 1287 427 1340; x_wconf 86' lang='lat' dir='ltr'><em>proxime</em></span> <span class='ocrx_word' id='word_1_88' title='bbox 454 1304 500 1337; x_wconf 81' lang='grc' dir='ltr'>ητον.</span> <span class='ocrx_word' id='word_1_89' title='bbox 521 1284 790 1340; x_wconf 75' lang='lat' dir='ltr'><em>Hornemannusnequeqror</em></span> 
     </span>
     <span class='ocr_line' id='line_1_14' title="bbox 91 1341 789 1395; baseline -0.001 -13"><span class='ocrx_word' id='word_1_90' title='bbox 91 1341 178 1394; x_wconf 82' lang='lat' dir='ltr'><em>sequenti</em></span> <span class='ocrx_word' id='word_1_91' title='bbox 193 1342 260 1382; x_wconf 84' lang='lat' dir='ltr'><em>literae</em></span> <span class='ocrx_word' id='word_1_92' title='bbox 274 1347 314 1383; x_wconf 88' lang='lat' dir='ltr'><em>tres</em></span> <span class='ocrx_word' id='word_1_93' title='bbox 329 1342 428 1394; x_wconf 88' lang='lat' dir='ltr'><em>perierunt</em></span> <span class='ocrx_word' id='word_1_94' title='bbox 454 1356 517 1395; x_wconf 89' lang='lat' dir='ltr'><em>neque</em></span> <span class='ocrx_word' id='word_1_95' title='bbox 528 1360 567 1383; x_wconf 91' lang='grc' dir='ltr'>ιπον</span> <span class='ocrx_word' id='word_1_96' title='bbox 576 1343 658 1383; x_wconf 83' lang='lat' dir='ltr'><em>exhibet.</em></span> <span class='ocrx_word' id='word_1_97' title='bbox 687 1342 733 1383; x_wconf 82' lang='lat' dir='ltr'><em>Post</em></span> <span class='ocrx_word' id='word_1_98' title='bbox 745 1346 789 1391; x_wconf 88' lang='grc' dir='ltr'>πλη-</span> 
     </span>
     <span class='ocr_line' id='line_1_15' title="bbox 91 1397 789 1449; baseline 0.001 -13"><span class='ocrx_word' id='word_1_99' title='bbox 91 1402 136 1437; x_wconf 87' lang='lat' dir='ltr'><em>ante</em></span> <span class='ocrx_word' id='word_1_100' title='bbox 145 1404 207 1437; x_wconf 87' lang='grc' dir='ltr'>ΙΠοΝ.</span> <span class='ocrx_word' id='word_1_101' title='bbox 225 1398 251 1437; x_wconf 88' lang='lat' dir='ltr'><em>Et</em></span> <span class='ocrx_word' id='word_1_102' title='bbox 259 1397 335 1438; x_wconf 86' lang='lat' dir='ltr'><em>Boisius</em></span> <span class='ocrx_word' id='word_1_103' title='bbox 344 1398 427 1449; x_wconf 83' lang='lat' dir='ltr'><em>quidem,</em></span> <span class='ocrx_word' id='word_1_104' title='bbox 455 1398 553 1447; x_wconf 77' lang='grc' dir='ltr'>σθήσονεσι,</span> <span class='ocrx_word' id='word_1_105' title='bbox 563 1397 677 1439; x_wconf 89' lang='lat' dir='ltr'><em>Wottonum</em></span> <span class='ocrx_word' id='word_1_106' title='bbox 690 1397 706 1438; x_wconf 87' lang='lat' dir='ltr'><em>si</em></span> <span class='ocrx_word' id='word_1_107' title='bbox 717 1398 789 1447; x_wconf 78' lang='lat' dir='ltr'><em>audias,</em></span> 
     </span>
     <span class='ocr_line' id='line_1_16' title="bbox 91 1451 788 1506; baseline 0.001 -15"><span class='ocrx_word' id='word_1_108' title='bbox 91 1465 116 1491; x_wconf 84' lang='lat' dir='ltr'><em>ex</em></span> <span class='ocrx_word' id='word_1_109' title='bbox 128 1451 223 1492; x_wconf 78' lang='lat' dir='ltr'><em>asteriscis</em></span> <span class='ocrx_word' id='word_1_110' title='bbox 235 1452 256 1492; x_wconf 89' lang='lat' dir='ltr'><em>iu</em></span> <span class='ocrx_word' id='word_1_111' title='bbox 269 1452 380 1506; x_wconf 83' lang='lat' dir='ltr'><em>apographo</em></span> <span class='ocrx_word' id='word_1_112' title='bbox 389 1466 427 1504; x_wconf 89' lang='lat' dir='ltr'><em>qua</em></span> <span class='ocrx_word' id='word_1_113' title='bbox 454 1466 529 1493; x_wconf 90' lang='lat' dir='ltr'><em>comma</em></span> <span class='ocrx_word' id='word_1_114' title='bbox 537 1453 624 1505; x_wconf 86' lang='lat' dir='ltr'><em>proxime</em></span> <span class='ocrx_word' id='word_1_115' title='bbox 634 1465 714 1505; x_wconf 91' lang='lat' dir='ltr'><em>sequens</em></span> <span class='ocrx_word' id='word_1_116' title='bbox 724 1453 788 1492; x_wconf 91' lang='lat' dir='ltr'><em>ePro·</em></span> 
     </span>
     <span class='ocr_line' id='line_1_17' title="bbox 91 1507 790 1560; baseline 0 -15"><span class='ocrx_word' id='word_1_117' title='bbox 91 1507 287 1556; x_wconf 58' lang='lat' dir='ltr'><em>archansiacum</em></span> <span class='ocrx_word' id='word_1_118' title='bbox 301 1507 352 1547; x_wconf 90' lang='lat' dir='ltr'><em>haud</em></span> <span class='ocrx_word' id='word_1_119' title='bbox 368 1508 427 1559; x_wconf 87' lang='lat' dir='ltr'><em>majo·</em></span> <span class='ocrx_word' id='word_1_120' title='bbox 454 1507 524 1548; x_wconf 89' lang='lat' dir='ltr'><em>verbiis</em></span> <span class='ocrx_word' id='word_1_121' title='bbox 540 1508 642 1560; x_wconf 85' lang='lat' dir='ltr'><em>legendum</em></span> <span class='ocrx_word' id='word_1_122' title='bbox 657 1512 691 1558; x_wconf 90' lang='lat' dir='ltr'><em>est,</em></span> <span class='ocrx_word' id='word_1_123' title='bbox 706 1509 751 1546; x_wconf 72' lang='lat' dir='ltr'><em>’Art&#39;</em></span> <span class='ocrx_word' id='word_1_124' title='bbox 766 1509 790 1545; x_wconf 75' lang='lat' dir='ltr'><em>br</em></span> 
     </span>
     <span class='ocr_line' id='line_1_18' title="bbox 90 1562 789 1615; baseline 0 -15"><span class='ocrx_word' id='word_1_125' title='bbox 90 1575 132 1601; x_wconf 85' lang='lat' dir='ltr'><em>rem</em></span> <span class='ocrx_word' id='word_1_126' title='bbox 155 1575 195 1602; x_wconf 80' lang='lat' dir='ltr'><em>esse</em></span> <span class='ocrx_word' id='word_1_127' title='bbox 218 1562 350 1612; x_wconf 72' lang='lat' dir='ltr'><em>existimavit5</em></span> <span class='ocrx_word' id='word_1_128' title='bbox 379 1575 427 1615; x_wconf 81' lang='lat' dir='ltr'><em>quae</em></span> <span class='ocrx_word' id='word_1_129' title='bbox 453 1564 487 1614; x_wconf 71' lang='grc' dir='ltr'><em>γὰρ</em></span> <span class='ocrx_word' id='word_1_130' title='bbox 496 1562 563 1611; x_wconf 78' lang='grc' dir='ltr'>ἠδίκουν</span> <span class='ocrx_word' id='word_1_131' title='bbox 571 1565 639 1612; x_wconf 75' lang='grc' dir='ltr'>νηπίους</span> <span class='ocrx_word' id='word_1_132' title='bbox 648 1563 789 1613; x_wconf 76' lang='grc' dir='ltr'>φανενθήσονται·</span> 
     </span>
     <span class='ocr_line' id='line_1_19' title="bbox 91 1616 710 1670; baseline 0.003 -15"><span class='ocrx_word' id='word_1_133' title='bbox 91 1616 142 1656; x_wconf 89' lang='lat' dir='ltr'><em>euim</em></span> <span class='ocrx_word' id='word_1_134' title='bbox 158 1617 291 1657; x_wconf 84' lang='lat' dir='ltr'><em>desiderantur</em></span> <span class='ocrx_word' id='word_1_135' title='bbox 304 1617 332 1658; x_wconf 89' lang='lat' dir='ltr'><em>sic</em></span> <span class='ocrx_word' id='word_1_136' title='bbox 345 1617 427 1670; x_wconf 80' lang='lat' dir='ltr'><em>supplet,</em></span> <span class='ocrx_word' id='word_1_137' title='bbox 453 1619 481 1656; x_wconf 79' lang='lat' dir='ltr'><em>rol</em></span> <span class='ocrx_word' id='word_1_138' title='bbox 489 1618 582 1666; x_wconf 79' lang='grc' dir='ltr'>ἐξετασμὸς</span> <span class='ocrx_word' id='word_1_139' title='bbox 591 1619 660 1662; x_wconf 79' lang='grc' dir='ltr'>ἀσεβεῖς</span> <span class='ocrx_word' id='word_1_140' title='bbox 669 1619 710 1657; x_wconf 84' lang='grc' dir='ltr'>ὀλεῖ.</span> 
     </span>
    </p>

    <p class='ocr_par' dir='ltr' id='par_1_4' title="bbox 87 1670 800 3044">
     <span class='ocr_line' id='line_1_20' title="bbox 91 1670 790 1727; baseline 0.003 -18"><span class='ocrx_word' id='word_1_141' title='bbox 91 1675 159 1723; x_wconf 81' lang='grc' dir='ltr'>Φοβερὰ</span> <span class='ocrx_word' id='word_1_142' title='bbox 173 1674 195 1710; x_wconf 79' lang='grc' dir='ltr'><em>τὰ</em></span> <span class='ocrx_word' id='word_1_143' title='bbox 209 1672 276 1723; x_wconf 80' lang='grc' dir='ltr'>ῥήματα</span> <span class='ocrx_word' id='word_1_144' title='bbox 290 1676 347 1721; x_wconf 82' lang='grc' dir='ltr'>ταῦτα,</span> <span class='ocrx_word' id='word_1_145' title='bbox 363 1673 427 1711; x_wconf 82' lang='grc' dir='ltr'>ἇλλ’ὁ</span> <span class='ocrx_word' id='word_1_146' title='bbox 482 1683 520 1722; x_wconf 69' lang='grc'><em>9.1</em></span> <span class='ocrx_word' id='word_1_147' title='bbox 546 1683 557 1704; x_wconf 62' lang='lat' dir='ltr'><em>t</em></span> <span class='ocrx_word' id='word_1_148' title='bbox 584 1684 594 1706; x_wconf 68' lang='lat' dir='ltr'><em>t</em></span> <span class='ocrx_word' id='word_1_149' title='bbox 621 1670 685 1727; x_wconf 84' lang='grc' dir='ltr'>ιπαν.”]</span> <span class='ocrx_word' id='word_1_150' title='bbox 705 1672 790 1722; x_wconf 77' lang='lat' dir='ltr'><em>Quidam</em></span> 
     </span>
     <span class='ocr_line' id='line_1_21' title="bbox 90 1727 789 1777; baseline 0.003 -13"><span class='ocrx_word' id='word_1_151' title='bbox 90 1732 168 1777; x_wconf 80' lang='grc' dir='ltr'>πονηρῶν</span> <span class='ocrx_word' id='word_1_152' title='bbox 185 1728 278 1776; x_wconf 80' lang='grc' dir='ltr'>ἀνθρώπων</span> <span class='ocrx_word' id='word_1_153' title='bbox 294 1730 367 1776; x_wconf 80' lang='grc' dir='ltr'>ἐπόπτης</span> <span class='ocrx_word' id='word_1_154' title='bbox 383 1729 426 1767; x_wconf 85' lang='grc' dir='ltr'>θεὸς</span> <span class='ocrx_word' id='word_1_155' title='bbox 452 1727 520 1768; x_wconf 79' lang='lat' dir='ltr'><em>volunt</em></span> <span class='ocrx_word' id='word_1_156' title='bbox 542 1727 567 1765; x_wconf 78' lang='lat' dir='ltr'><em>ad</em></span> <span class='ocrx_word' id='word_1_157' title='bbox 589 1727 640 1767; x_wconf 80' lang='lat' dir='ltr'><em>hunc</em></span> <span class='ocrx_word' id='word_1_158' title='bbox 664 1727 733 1772; x_wconf 83' lang='lat' dir='ltr'><em>iocum,</em></span> <span class='ocrx_word' id='word_1_159' title='bbox 755 1727 789 1767; x_wconf 87' lang='lat' dir='ltr'><em>ubi</em></span> 
     </span>
     <span class='ocr_line' id='line_1_22' title="bbox 91 1781 789 1835; baseline 0.003 -17"><span class='ocrx_word' id='word_1_160' title='bbox 91 1797 105 1820; x_wconf 86' lang='grc' dir='ltr'><em>κ,</em></span> <span class='ocrx_word' id='word_1_161' title='bbox 116 1798 131 1821; x_wconf 81' lang='grc' dir='ltr'><em>τ.</em></span> <span class='ocrx_word' id='word_1_162' title='bbox 141 1785 158 1821; x_wconf 80' lang='grc' dir='ltr'><em>λ.</em></span> <span class='ocrx_word' id='word_1_163' title='bbox 188 1781 307 1822; x_wconf 77' lang='lat' dir='ltr'><em>Ooiomesius</em></span> <span class='ocrx_word' id='word_1_164' title='bbox 319 1782 427 1834; x_wconf 84' lang='lat' dir='ltr'><em>suspicatur</em></span> <span class='ocrx_word' id='word_1_165' title='bbox 453 1782 529 1822; x_wconf 78' lang='lat' dir='ltr'><em>chasma</em></span> <span class='ocrx_word' id='word_1_166' title='bbox 538 1785 572 1831; x_wconf 88' lang='lat' dir='ltr'><em>est,</em></span> <span class='ocrx_word' id='word_1_167' title='bbox 581 1781 676 1835; x_wconf 81' lang='lat' dir='ltr'><em>respicere</em></span> <span class='ocrx_word' id='word_1_168' title='bbox 686 1782 704 1822; x_wconf 81' lang='lat' dir='ltr'><em>S.</em></span> <span class='ocrx_word' id='word_1_169' title='bbox 713 1782 789 1822; x_wconf 90' lang='lat' dir='ltr'><em>Irenaei</em></span> 
     </span>
     <span class='ocr_line' id='line_1_23' title="bbox 91 1835 788 1890; baseline 0.003 -16"><span class='ocrx_word' id='word_1_170' title='bbox 91 1835 122 1875; x_wconf 92' lang='lat' dir='ltr'><em>hic</em></span> <span class='ocrx_word' id='word_1_171' title='bbox 144 1837 208 1876; x_wconf 89' lang='lat' dir='ltr'><em>locum</em></span> <span class='ocrx_word' id='word_1_172' title='bbox 230 1837 319 1877; x_wconf 83' lang='lat' dir='ltr'><em>habuisse</em></span> <span class='ocrx_word' id='word_1_173' title='bbox 342 1837 426 1889; x_wconf 78' lang='lat' dir='ltr'><em>Sibyllae</em></span> <span class='ocrx_word' id='word_1_174' title='bbox 452 1837 525 1877; x_wconf 85' lang='lat' dir='ltr'><em>verba:</em></span> <span class='ocrx_word' id='word_1_175' title='bbox 541 1837 591 1886; x_wconf 69' lang='lat' dir='ltr'><em>‘Qui</em></span> <span class='ocrx_word' id='word_1_176' title='bbox 606 1837 672 1889; x_wconf 82' lang='lat' dir='ltr'><em>ignem</em></span> <span class='ocrx_word' id='word_1_177' title='bbox 687 1851 788 1890; x_wconf 87' lang='lat' dir='ltr'><em>praepara·</em></span> 
     </span>
     <span class='ocr_line' id='line_1_24' title="bbox 90 1891 789 1945; baseline 0.003 -15"><span class='ocrx_word' id='word_1_178' title='bbox 90 1891 228 1941; x_wconf 88' lang='lat' dir='ltr'><em>testimouium,</em></span> <span class='ocrx_word' id='word_1_179' title='bbox 251 1892 275 1931; x_wconf 91' lang='lat' dir='ltr'><em>de</em></span> <span class='ocrx_word' id='word_1_180' title='bbox 298 1905 337 1944; x_wconf 89' lang='lat' dir='ltr'><em>quo</em></span> <span class='ocrx_word' id='word_1_181' title='bbox 359 1896 426 1932; x_wconf 87' lang='lat' dir='ltr'><em>auctor</em></span> <span class='ocrx_word' id='word_1_182' title='bbox 454 1891 517 1931; x_wconf 84' lang='lat' dir='ltr'><em>‘verit</em></span> <span class='ocrx_word' id='word_1_183' title='bbox 527 1891 609 1931; x_wconf 87' lang='lat' dir='ltr'><em>Diabolo</em></span> <span class='ocrx_word' id='word_1_184' title='bbox 619 1891 726 1944; x_wconf 84' lang='lat' dir='ltr'><em>etAngelis</em></span> <span class='ocrx_word' id='word_1_185' title='bbox 735 1891 789 1945; x_wconf 65' lang='lat' dir='ltr'><em>ejus!</em></span> 
     </span>
     <span class='ocr_line' id='line_1_25' title="bbox 91 1945 787 2001; baseline 0.004 -16"><span class='ocrx_word' id='word_1_186' title='bbox 91 1945 230 1995; x_wconf 77' lang='lat' dir='ltr'><em>Quaestionum</em></span> <span class='ocrx_word' id='word_1_187' title='bbox 253 1947 277 1986; x_wconf 83' lang='lat' dir='ltr'><em>ad</em></span> <span class='ocrx_word' id='word_1_188' title='bbox 297 1946 425 1996; x_wconf 69' lang='lat' dir='ltr'><em>Orthodoxoa</em></span> <span class='ocrx_word' id='word_1_189' title='bbox 456 1945 580 2001; x_wconf 84' lang='lat' dir='ltr'><em>[IIIiii3p.</em></span> <span class='ocrx_word' id='word_1_190' title='bbox 594 1949 632 1997; x_wconf 88' lang='lat'><em>176</em></span> <span class='ocrx_word' id='word_1_191' title='bbox 647 1947 787 1998; x_wconf 88' lang='lat' dir='ltr'><em>ed.Massuet.]</em></span> 
     </span>
     <span class='ocr_line' id='line_1_26' title="bbox 91 2000 800 2054; baseline 0.008 -16"><span class='ocrx_word' id='word_1_192' title='bbox 91 2000 111 2039; x_wconf 87' lang='lat' dir='ltr'><em>in</em></span> <span class='ocrx_word' id='word_1_193' title='bbox 121 2001 177 2054; x_wconf 85' lang='lat' dir='ltr'><em>Resp.</em></span> <span class='ocrx_word' id='word_1_194' title='bbox 188 2002 212 2040; x_wconf 86' lang='lat' dir='ltr'><em>ad</em></span> <span class='ocrx_word' id='word_1_195' title='bbox 222 2002 298 2052; x_wconf 78' lang='lat' dir='ltr'><em>eraest.</em></span> <span class='ocrx_word' id='word_1_196' title='bbox 311 2011 342 2053; x_wconf 78' lang='lat'><em>74,</em></span> <span class='ocrx_word' id='word_1_197' title='bbox 352 2002 377 2041; x_wconf 86' lang='lat' dir='ltr'><em>ad</em></span> <span class='ocrx_word' id='word_1_198' title='bbox 389 2002 426 2040; x_wconf 91' lang='lat' dir='ltr'><em>cal·</em></span> <span class='ocrx_word' id='word_1_199' title='bbox 454 2001 483 2041; x_wconf 91' lang='lat' dir='ltr'><em>Ut</em></span> <span class='ocrx_word' id='word_1_200' title='bbox 492 2015 528 2054; x_wconf 84' lang='lat' dir='ltr'><em>ego</em></span> <span class='ocrx_word' id='word_1_201' title='bbox 537 2006 603 2041; x_wconf 88' lang='lat' dir='ltr'><em>autem</em></span> <span class='ocrx_word' id='word_1_202' title='bbox 612 2001 675 2041; x_wconf 90' lang='lat' dir='ltr'><em>dicam</em></span> <span class='ocrx_word' id='word_1_203' title='bbox 687 2003 738 2054; x_wconf 88' lang='lat' dir='ltr'><em>qued</em></span> <span class='ocrx_word' id='word_1_204' title='bbox 747 2016 800 2044; x_wconf 74' lang='lat' dir='ltr'><em>sem.</em></span> 
     </span>
     <span class='ocr_line' id='line_1_27' title="bbox 90 2056 788 2109; baseline 0.004 -15"><span class='ocrx_word' id='word_1_205' title='bbox 90 2057 192 2109; x_wconf 88' lang='lat' dir='ltr'><em>eemOpp.</em></span> <span class='ocrx_word' id='word_1_206' title='bbox 204 2056 343 2097; x_wconf 68' lang='lat' dir='ltr'><em>stuariam.</em></span> <span class='ocrx_word' id='word_1_207' title='bbox 357 2071 375 2109; x_wconf 91' lang='lat' dir='ltr'><em>p.</em></span> <span class='ocrx_word' id='word_1_208' title='bbox 386 2058 425 2107; x_wconf 89' lang='lat'><em>469</em></span> <span class='ocrx_word' id='word_1_209' title='bbox 452 2056 486 2105; x_wconf 84' lang='lat' dir='ltr'><em>tio,</em></span> <span class='ocrx_word' id='word_1_210' title='bbox 503 2057 550 2096; x_wconf 90' lang='lat' dir='ltr'><em>haec</em></span> <span class='ocrx_word' id='word_1_211' title='bbox 565 2071 605 2096; x_wconf 92' lang='lat' dir='ltr'><em>non</em></span> <span class='ocrx_word' id='word_1_212' title='bbox 619 2062 664 2097; x_wconf 91' lang='lat' dir='ltr'><em>sunt</em></span> <span class='ocrx_word' id='word_1_213' title='bbox 678 2057 788 2107; x_wconf 72' lang='lat' dir='ltr'><em>Clementis,</em></span> 
     </span>
     <span class='ocr_line' id='line_1_28' title="bbox 91 2110 789 2165; baseline 0.003 -16"><span class='ocrx_word' id='word_1_214' title='bbox 91 2111 120 2150; x_wconf 86' lang='lat' dir='ltr'><em>ed.</em></span> <span class='ocrx_word' id='word_1_215' title='bbox 131 2112 177 2151; x_wconf 85' lang='lat' dir='ltr'><em>Ben.</em></span> <span class='ocrx_word' id='word_1_216' title='bbox 188 2112 221 2151; x_wconf 91' lang='lat' dir='ltr'><em>ubi</em></span> <span class='ocrx_word' id='word_1_217' title='bbox 235 2112 339 2163; x_wconf 86' lang='lat' dir='ltr'><em>quaeritur,</em></span> <span class='ocrx_word' id='word_1_218' title='bbox 352 2114 383 2150; x_wconf 79' lang='lat' dir='ltr'><em>‘et</em></span> <span class='ocrx_word' id='word_1_219' title='bbox 396 2115 426 2161; x_wconf 71' lang='grc' dir='ltr'>τῆς</span> <span class='ocrx_word' id='word_1_220' title='bbox 453 2111 487 2151; x_wconf 86' lang='lat' dir='ltr'><em>sed</em></span> <span class='ocrx_word' id='word_1_221' title='bbox 495 2111 555 2164; x_wconf 87' lang='lat' dir='ltr'><em>ipsius</em></span> <span class='ocrx_word' id='word_1_222' title='bbox 564 2110 710 2161; x_wconf 71' lang='lat' dir='ltr'><em>Ireneeiuerha</em></span> <span class='ocrx_word' id='word_1_223' title='bbox 718 2117 737 2153; x_wconf 88' lang='lat' dir='ltr'><em>et</em></span> <span class='ocrx_word' id='word_1_224' title='bbox 746 2127 789 2165; x_wconf 90' lang='lat' dir='ltr'><em>per-</em></span> 
     </span>
     <span class='ocr_line' id='line_1_29' title="bbox 91 2166 788 2217; baseline 0.004 -13"><span class='ocrx_word' id='word_1_225' title='bbox 91 2168 193 2217; x_wconf 69' lang='grc' dir='ltr'><em>ιπαρούσης</em></span> <span class='ocrx_word' id='word_1_226' title='bbox 207 2170 328 2207; x_wconf 79' lang='grc' dir='ltr'>καταστάσεως</span> <span class='ocrx_word' id='word_1_227' title='bbox 342 2169 362 2205; x_wconf 85' lang='lat' dir='ltr'><em>rb</em></span> <span class='ocrx_word' id='word_1_228' title='bbox 376 2167 426 2207; x_wconf 77' lang='grc' dir='ltr'>τέλος</span> <span class='ocrx_word' id='word_1_229' title='bbox 452 2167 516 2207; x_wconf 74' lang='lat' dir='ltr'><em>tinent</em></span> <span class='ocrx_word' id='word_1_230' title='bbox 536 2166 561 2206; x_wconf 84' lang='lat' dir='ltr'><em>ad</em></span> <span class='ocrx_word' id='word_1_231' title='bbox 578 2167 703 2207; x_wconf 71' lang='lat' dir='ltr'><em>traditionem</em></span> <span class='ocrx_word' id='word_1_232' title='bbox 723 2168 788 2207; x_wconf 79' lang='lat' dir='ltr'><em>Eccle-</em></span> 
     </span>
     <span class='ocr_line' id='line_1_30' title="bbox 90 2221 788 2272; baseline 0.004 -13"><span class='ocrx_word' id='word_1_233' title='bbox 90 2222 248 2269; x_wconf 60' lang='lat' dir='ltr'><em>‘teristratum</em></span> <span class='ocrx_word' id='word_1_234' title='bbox 258 2225 313 2272; x_wconf 81' lang='grc' dir='ltr'>πνρὸς</span> <span class='ocrx_word' id='word_1_235' title='bbox 325 2223 380 2272; x_wconf 80' lang='grc' dir='ltr'>κρίσις</span> <span class='ocrx_word' id='word_1_236' title='bbox 393 2227 426 2260; x_wconf 82' lang='grc' dir='ltr'><em>τῶν</em></span> <span class='ocrx_word' id='word_1_237' title='bbox 453 2222 497 2266; x_wconf 70' lang='lat' dir='ltr'><em>siae,</em></span> <span class='ocrx_word' id='word_1_238' title='bbox 513 2221 526 2261; x_wconf 89' lang='lat' dir='ltr'><em>i.</em></span> <span class='ocrx_word' id='word_1_239' title='bbox 539 2235 554 2261; x_wconf 81' lang='lat' dir='ltr'><em>e.</em></span> <span class='ocrx_word' id='word_1_240' title='bbox 574 2222 599 2261; x_wconf 76' lang='lat' dir='ltr'><em>ad</em></span> <span class='ocrx_word' id='word_1_241' title='bbox 616 2222 719 2262; x_wconf 79' lang='lat' dir='ltr'><em>formulam</em></span> <span class='ocrx_word' id='word_1_242' title='bbox 733 2223 788 2262; x_wconf 81' lang='lat' dir='ltr'><em>Fidei</em></span> 
     </span>
     <span class='ocr_line' id='line_1_31' title="bbox 91 2276 788 2327; baseline 0.004 -14"><span class='ocrx_word' id='word_1_243' title='bbox 91 2276 179 2322; x_wconf 74' lang='grc' dir='ltr'><em>ιἀσεβῶν,</em></span> <span class='ocrx_word' id='word_1_244' title='bbox 196 2279 239 2315; x_wconf 82' lang='grc' dir='ltr'>καθά</span> <span class='ocrx_word' id='word_1_245' title='bbox 253 2280 309 2326; x_wconf 86' lang='grc' dir='ltr'>φασιν</span> <span class='ocrx_word' id='word_1_246' title='bbox 323 2280 340 2315; x_wconf 82' lang='grc' dir='ltr'><em>αἱ</em></span> <span class='ocrx_word' id='word_1_247' title='bbox 358 2279 425 2327; x_wconf 73' lang='grc' dir='ltr'>γραφαὶ</span> <span class='ocrx_word' id='word_1_248' title='bbox 452 2281 472 2317; x_wconf 84' lang='lat' dir='ltr'><em>et</em></span> <span class='ocrx_word' id='word_1_249' title='bbox 481 2276 591 2317; x_wconf 80' lang='lat' dir='ltr'><em>Doctrinae.</em></span> <span class='ocrx_word' id='word_1_250' title='bbox 620 2277 710 2318; x_wconf 82' lang='lat' dir='ltr'><em>Forsitan</em></span> <span class='ocrx_word' id='word_1_251' title='bbox 722 2277 743 2316; x_wconf 90' lang='lat' dir='ltr'><em>in</em></span> <span class='ocrx_word' id='word_1_252' title='bbox 752 2278 788 2317; x_wconf 90' lang='lat' dir='ltr'><em>hec</em></span> 
     </span>
     <span class='ocr_line' id='line_1_32' title="bbox 90 2332 787 2384; baseline 0.004 -16"><span class='ocrx_word' id='word_1_253' title='bbox 90 2335 203 2381; x_wconf 68' lang='grc' dir='ltr'>*Προφητῶν</span> <span class='ocrx_word' id='word_1_254' title='bbox 210 2349 229 2370; x_wconf 80' lang='grc' dir='ltr'><em>σε</em></span> <span class='ocrx_word' id='word_1_255' title='bbox 240 2334 265 2370; x_wconf 78' lang='grc' dir='ltr'><em>καλ</em></span> <span class='ocrx_word' id='word_1_256' title='bbox 279 2333 390 2381; x_wconf 82' lang='grc' dir='ltr'>Ἀπαστόλων,</span> <span class='ocrx_word' id='word_1_257' title='bbox 400 2334 425 2370; x_wconf 82' lang='grc' dir='ltr'><em>ἔτι</em></span> <span class='ocrx_word' id='word_1_258' title='bbox 452 2333 548 2372; x_wconf 87' lang='lat' dir='ltr'><em>chasmate</em></span> <span class='ocrx_word' id='word_1_259' title='bbox 562 2332 626 2372; x_wconf 88' lang='lat' dir='ltr'><em>locum</em></span> <span class='ocrx_word' id='word_1_260' title='bbox 639 2332 709 2372; x_wconf 87' lang='lat' dir='ltr'><em>habere</em></span> <span class='ocrx_word' id='word_1_261' title='bbox 720 2337 787 2384; x_wconf 91' lang='lat' dir='ltr'><em>potue-</em></span> 
     </span>
     <span class='ocr_line' id='line_1_33' title="bbox 90 2386 786 2438; baseline 0.006 -16"><span class='ocrx_word' id='word_1_262' title='bbox 90 2390 95 2407; x_wconf 83' lang='lat'>‘</span> <span class='ocrx_word' id='word_1_263' title='bbox 105 2386 123 2423; x_wconf 80' lang='grc' dir='ltr'>δέ</span> <span class='ocrx_word' id='word_1_264' title='bbox 133 2389 160 2425; x_wconf 83' lang='grc' dir='ltr'><em>καὶ</em></span> <span class='ocrx_word' id='word_1_265' title='bbox 168 2389 198 2435; x_wconf 80' lang='grc' dir='ltr'>τῆς</span> <span class='ocrx_word' id='word_1_266' title='bbox 207 2387 298 2436; x_wconf 72' lang='grc' dir='ltr'>Σιβύλλης,</span> <span class='ocrx_word' id='word_1_267' title='bbox 308 2388 362 2427; x_wconf 76' lang='grc' dir='ltr'>καθώς</span> <span class='ocrx_word' id='word_1_268' title='bbox 371 2390 426 2437; x_wconf 83' lang='grc' dir='ltr'>φησιν</span> <span class='ocrx_word' id='word_1_269' title='bbox 451 2391 498 2427; x_wconf 83' lang='lat' dir='ltr'><em>runt</em></span> <span class='ocrx_word' id='word_1_270' title='bbox 507 2401 534 2437; x_wconf 75' lang='lat' dir='ltr'><em>ea,</em></span> <span class='ocrx_word' id='word_1_271' title='bbox 542 2400 590 2438; x_wconf 76' lang='lat' dir='ltr'><em>quae</em></span> <span class='ocrx_word' id='word_1_272' title='bbox 599 2401 611 2426; x_wconf 81' lang='lat' dir='ltr'><em>a</em></span> <span class='ocrx_word' id='word_1_273' title='bbox 620 2386 639 2426; x_wconf 76' lang='lat' dir='ltr'><em>S.</em></span> <span class='ocrx_word' id='word_1_274' title='bbox 648 2387 719 2427; x_wconf 73' lang='lat' dir='ltr'><em>Basilio</em></span> <span class='ocrx_word' id='word_1_275' title='bbox 728 2387 786 2427; x_wconf 79' lang='lat' dir='ltr'><em>citata</em></span> 
     </span>
     <span class='ocr_line' id='line_1_34' title="bbox 90 2442 786 2493; baseline 0.006 -16"><span class='ocrx_word' id='word_1_276' title='bbox 90 2443 114 2477; x_wconf 80' lang='lat' dir='ltr'><em>‘t</em></span> <span class='ocrx_word' id='word_1_277' title='bbox 131 2443 212 2491; x_wconf 81' lang='grc' dir='ltr'>μακάριος</span> <span class='ocrx_word' id='word_1_278' title='bbox 228 2442 297 2491; x_wconf 77' lang='grc' dir='ltr'>Κλήμης</span> <span class='ocrx_word' id='word_1_279' title='bbox 315 2443 333 2479; x_wconf 83' lang='grc' dir='ltr'><em>ἐν</em></span> <span class='ocrx_word' id='word_1_280' title='bbox 347 2446 368 2490; x_wconf 81' lang='grc' dir='ltr'><em>τῇ</em></span> <span class='ocrx_word' id='word_1_281' title='bbox 382 2444 425 2491; x_wconf 81' lang='grc' dir='ltr'>πρὸς</span> <span class='ocrx_word' id='word_1_282' title='bbox 452 2455 476 2481; x_wconf 86' lang='lat' dir='ltr'><em>ex</em></span> <span class='ocrx_word' id='word_1_283' title='bbox 486 2442 507 2481; x_wconf 85' lang='lat' dir='ltr'><em>B.</em></span> <span class='ocrx_word' id='word_1_284' title='bbox 519 2442 617 2482; x_wconf 82' lang='lat' dir='ltr'><em>Olemente</em></span> <span class='ocrx_word' id='word_1_285' title='bbox 629 2442 680 2493; x_wconf 85' lang='lat' dir='ltr'><em>apud</em></span> <span class='ocrx_word' id='word_1_286' title='bbox 694 2455 738 2481; x_wconf 89' lang='lat' dir='ltr'><em>eum</em></span> <span class='ocrx_word' id='word_1_287' title='bbox 747 2456 786 2481; x_wconf 92' lang='lat' dir='ltr'><em>non</em></span> 
     </span>
     <span class='ocr_line' id='line_1_35' title="bbox 90 2496 786 2548; baseline 0.004 -16"><span class='ocrx_word' id='word_1_288' title='bbox 90 2497 95 2515; x_wconf 87' lang='lat'>‘</span> <span class='ocrx_word' id='word_1_289' title='bbox 104 2497 203 2546; x_wconf 82' lang='grc' dir='ltr'>Κορινθίους</span> <span class='ocrx_word' id='word_1_290' title='bbox 209 2497 316 2545; x_wconf 79' lang='grc' dir='ltr'>Ἐπιστολῇ.’</span> <span class='ocrx_word' id='word_1_291' title='bbox 331 2496 369 2536; x_wconf 79' lang='lat' dir='ltr'><em>Sed</em></span> <span class='ocrx_word' id='word_1_292' title='bbox 375 2510 426 2536; x_wconf 86' lang='lat' dir='ltr'><em>sum·</em></span> <span class='ocrx_word' id='word_1_293' title='bbox 453 2496 534 2548; x_wconf 84' lang='lat' dir='ltr'><em>legimus</em></span> <span class='ocrx_word' id='word_1_294' title='bbox 543 2496 612 2536; x_wconf 88' lang='lat' dir='ltr'><em>hodie:</em></span> <span class='ocrx_word' id='word_1_295' title='bbox 622 2497 676 2535; x_wconf 80' lang='grc' dir='ltr'>Ἀλλὰ</span> <span class='ocrx_word' id='word_1_296' title='bbox 686 2498 712 2535; x_wconf 81' lang='grc' dir='ltr'><em>καὶ</em></span> <span class='ocrx_word' id='word_1_297' title='bbox 721 2500 731 2534; x_wconf 92' lang='grc' dir='ltr'><strong><em>ὁ</em></strong></span> <span class='ocrx_word' id='word_1_298' title='bbox 740 2497 786 2545; x_wconf 78' lang='grc' dir='ltr'>Κλή-</span> 
     </span>
     <span class='ocr_line' id='line_1_36' title="bbox 89 2551 786 2603; baseline 0 -14"><span class='ocrx_word' id='word_1_299' title='bbox 89 2562 121 2589; x_wconf 89' lang='lat' dir='ltr'><em>mo</em></span> <span class='ocrx_word' id='word_1_300' title='bbox 142 2551 186 2602; x_wconf 87' lang='lat' dir='ltr'><em>jure</em></span> <span class='ocrx_word' id='word_1_301' title='bbox 205 2551 256 2591; x_wconf 77' lang='lat' dir='ltr'><em>Guil</em></span> <span class='ocrx_word' id='word_1_302' title='bbox 276 2551 351 2591; x_wconf 87' lang='lat' dir='ltr'><em>Burtou</em></span> <span class='ocrx_word' id='word_1_303' title='bbox 369 2552 427 2603; x_wconf 82' lang='lat' dir='ltr'><em>louge</em></span> <span class='ocrx_word' id='word_1_304' title='bbox 452 2568 485 2600; x_wconf 82' lang='grc' dir='ltr'>μης</span> <span class='ocrx_word' id='word_1_305' title='bbox 503 2553 630 2601; x_wconf 77' lang='grc' dir='ltr'>ἀρχαϊκώτερος,</span> <span class='ocrx_word' id='word_1_306' title='bbox 649 2555 677 2600; x_wconf 62' lang='lat' dir='ltr'><em>Zp,</em></span> <span class='ocrx_word' id='word_1_307' title='bbox 696 2553 756 2601; x_wconf 79' lang='grc' dir='ltr'>φησίν,</span> <span class='ocrx_word' id='word_1_308' title='bbox 776 2556 786 2589; x_wconf 88' lang='grc' dir='ltr'><strong><em>ὁ</em></strong></span> 
     </span>
     <span class='ocr_line' id='line_1_37' title="bbox 88 2605 785 2656; baseline 0.006 -15"><span class='ocrx_word' id='word_1_309' title='bbox 88 2605 211 2645; x_wconf 79' lang='lat' dir='ltr'><em>verisimilius</em></span> <span class='ocrx_word' id='word_1_310' title='bbox 217 2606 320 2651; x_wconf 77' lang='lat' dir='ltr'><em>existimat,</em></span> <span class='ocrx_word' id='word_1_311' title='bbox 327 2606 376 2646; x_wconf 79' lang='lat' dir='ltr'><em>sicut</em></span> <span class='ocrx_word' id='word_1_312' title='bbox 382 2606 426 2646; x_wconf 81' lang='lat' dir='ltr'><em>doc·</em></span> <span class='ocrx_word' id='word_1_313' title='bbox 453 2609 501 2655; x_wconf 82' lang='grc' dir='ltr'>θεός,</span> <span class='ocrx_word' id='word_1_314' title='bbox 510 2609 537 2644; x_wconf 81' lang='grc' dir='ltr'><em>καὶ</em></span> <span class='ocrx_word' id='word_1_315' title='bbox 547 2609 556 2643; x_wconf 84' lang='grc' dir='ltr'>ὁ</span> <span class='ocrx_word' id='word_1_316' title='bbox 566 2606 627 2656; x_wconf 69' lang='grc' dir='ltr'>Κύριος</span> <span class='ocrx_word' id='word_1_317' title='bbox 633 2606 700 2654; x_wconf 78' lang='grc' dir='ltr'>Ἰησοῦς</span> <span class='ocrx_word' id='word_1_318' title='bbox 705 2609 785 2656; x_wconf 83' lang='grc' dir='ltr'>Χριστός,</span> 
     </span>
     <span class='ocr_line' id='line_1_38' title="bbox 88 2658 786 2714; baseline 0.006 -17"><span class='ocrx_word' id='word_1_319' title='bbox 88 2658 372 2714; x_wconf 87' lang='lat' dir='ltr'><em>tissimoUsserioquoquein</em></span> <span class='ocrx_word' id='word_1_320' title='bbox 381 2661 426 2700; x_wconf 91' lang='lat' dir='ltr'><em>Dis·</em></span> <span class='ocrx_word' id='word_1_321' title='bbox 453 2663 479 2699; x_wconf 83' lang='grc' dir='ltr'><em>καὶ</em></span> <span class='ocrx_word' id='word_1_322' title='bbox 497 2664 517 2699; x_wconf 81' lang='grc' dir='ltr'><em>τὸ</em></span> <span class='ocrx_word' id='word_1_323' title='bbox 535 2664 604 2707; x_wconf 82' lang='grc' dir='ltr'>Πνεῦμα</span> <span class='ocrx_word' id='word_1_324' title='bbox 621 2662 641 2698; x_wconf 83' lang='grc' dir='ltr'><em>τὸ</em></span> <span class='ocrx_word' id='word_1_325' title='bbox 656 2661 720 2711; x_wconf 66' lang='lat' dir='ltr'><em>“Apron</em></span> <span class='ocrx_word' id='word_1_326' title='bbox 755 2662 786 2701; x_wconf 85' lang='lat' dir='ltr'><em>De</em></span> 
     </span>
     <span class='ocr_line' id='line_1_39' title="bbox 89 2714 785 2769; baseline 0.006 -17"><span class='ocrx_word' id='word_1_327' title='bbox 89 2719 133 2754; x_wconf 80' lang='lat' dir='ltr'><em>sert.</em></span> <span class='ocrx_word' id='word_1_328' title='bbox 149 2716 173 2755; x_wconf 85' lang='lat' dir='ltr'><em>dc</em></span> <span class='ocrx_word' id='word_1_329' title='bbox 186 2716 245 2756; x_wconf 78' lang='lat' dir='ltr'><em>Olem.</em></span> <span class='ocrx_word' id='word_1_330' title='bbox 258 2721 278 2756; x_wconf 93' lang='lat' dir='ltr'><em>et</em></span> <span class='ocrx_word' id='word_1_331' title='bbox 288 2717 351 2769; x_wconf 81' lang='lat' dir='ltr'><em>ignat.</em></span> <span class='ocrx_word' id='word_1_332' title='bbox 362 2715 423 2769; x_wconf 82' lang='lat' dir='ltr'><em>Epist.</em></span> <span class='ocrx_word' id='word_1_333' title='bbox 452 2715 525 2768; x_wconf 78' lang='lat' dir='ltr'><em>Spiritu</em></span> <span class='ocrx_word' id='word_1_334' title='bbox 535 2714 611 2764; x_wconf 77' lang='lat' dir='ltr'><em>Sancte,</em></span> <span class='ocrx_word' id='word_1_335' title='bbox 621 2728 636 2753; x_wconf 91' lang='lat' dir='ltr'><em>c.</em></span> <span class='ocrx_word' id='word_1_336' title='bbox 648 2728 678 2765; x_wconf 84' lang='lat'><em>29.</em></span> <span class='ocrx_word' id='word_1_337' title='bbox 692 2715 721 2765; x_wconf 89' lang='lat' dir='ltr'><em>[iii</em></span> <span class='ocrx_word' id='word_1_338' title='bbox 731 2715 785 2756; x_wconf 84' lang='lat' dir='ltr'><em>61A</em></span> 
     </span>
     <span class='ocr_line' id='line_1_40' title="bbox 89 2767 785 2824; baseline 0.006 -17"><span class='ocrx_word' id='word_1_339' title='bbox 89 2781 128 2821; x_wconf 85' lang='lat' dir='ltr'><em>cap.</em></span> <span class='ocrx_word' id='word_1_340' title='bbox 136 2784 149 2809; x_wconf 86' lang='lat' dir='ltr'>x</span> <span class='ocrx_word' id='word_1_341' title='bbox 156 2770 220 2811; x_wconf 87' lang='lat' dir='ltr'><em>visum</em></span> <span class='ocrx_word' id='word_1_342' title='bbox 229 2775 263 2816; x_wconf 89' lang='lat' dir='ltr'><em>cst,</em></span> <span class='ocrx_word' id='word_1_343' title='bbox 273 2772 337 2811; x_wconf 89' lang='lat' dir='ltr'><em>locum</em></span> <span class='ocrx_word' id='word_1_344' title='bbox 346 2785 357 2810; x_wconf 93' lang='lat' dir='ltr'><em>a</em></span> <span class='ocrx_word' id='word_1_345' title='bbox 366 2771 425 2823; x_wconf 89' lang='lat' dir='ltr'><em>serip—</em></span> <span class='ocrx_word' id='word_1_346' title='bbox 451 2770 480 2810; x_wconf 86' lang='lat' dir='ltr'><em>ed.</em></span> <span class='ocrx_word' id='word_1_347' title='bbox 494 2767 573 2823; x_wconf 74' lang='lat' dir='ltr'><em>Benea]</em></span> <span class='ocrx_word' id='word_1_348' title='bbox 589 2769 669 2809; x_wconf 80' lang='lat' dir='ltr'>WOTT.</span> <span class='ocrx_word' id='word_1_349' title='bbox 705 2770 785 2824; x_wconf 85' lang='lat' dir='ltr'><em>Expleri</em></span> 
     </span>
     <span class='ocr_line' id='line_1_41' title="bbox 88 2823 786 2878; baseline 0.006 -16"><span class='ocrx_word' id='word_1_350' title='bbox 88 2827 130 2863; x_wconf 89' lang='lat' dir='ltr'><em>tore</em></span> <span class='ocrx_word' id='word_1_351' title='bbox 148 2825 182 2864; x_wconf 89' lang='lat' dir='ltr'><em>illo</em></span> <span class='ocrx_word' id='word_1_352' title='bbox 200 2826 300 2866; x_wconf 87' lang='lat' dir='ltr'><em>laudatum</em></span> <span class='ocrx_word' id='word_1_353' title='bbox 320 2840 345 2866; x_wconf 82' lang='lat' dir='ltr'><em>ex</em></span> <span class='ocrx_word' id='word_1_354' title='bbox 364 2827 425 2867; x_wconf 84' lang='lat' dir='ltr'><em>altera</em></span> <span class='ocrx_word' id='word_1_355' title='bbox 451 2824 529 2878; x_wconf 87' lang='lat' dir='ltr'><em>quidem</em></span> <span class='ocrx_word' id='word_1_356' title='bbox 544 2823 590 2863; x_wconf 84' lang='lat' dir='ltr'><em>haec</em></span> <span class='ocrx_word' id='word_1_357' title='bbox 605 2824 673 2864; x_wconf 87' lang='lat' dir='ltr'><em>lacuna</em></span> <span class='ocrx_word' id='word_1_358' title='bbox 688 2826 786 2866; x_wconf 76' lang='grc'><strong>1111110111-</strong></span> 
     </span>
     <span class='ocr_line' id='line_1_42' title="bbox 89 2878 787 2934; baseline 0.007 -17"><span class='ocrx_word' id='word_1_359' title='bbox 89 2878 425 2934; x_wconf 86' lang='lat' dir='ltr'><em>Epistoladesumptumesse‚quam</em></span> <span class='ocrx_word' id='word_1_360' title='bbox 450 2879 507 2933; x_wconf 78' lang='lat' dir='ltr'><em>genio</em></span> <span class='ocrx_word' id='word_1_361' title='bbox 525 2883 559 2918; x_wconf 90' lang='lat' dir='ltr'><em>aut</em></span> <span class='ocrx_word' id='word_1_362' title='bbox 576 2883 618 2919; x_wconf 90' lang='lat' dir='ltr'><em>arte</em></span> <span class='ocrx_word' id='word_1_363' title='bbox 639 2884 709 2931; x_wconf 84' lang='lat' dir='ltr'><em>potest.</em></span> <span class='ocrx_word' id='word_1_364' title='bbox 737 2882 787 2922; x_wconf 86' lang='lat' dir='ltr'><em>Inda</em></span> 
     </span>
     <span class='ocr_line' id='line_1_43' title="bbox 88 2932 786 2988; baseline 0.007 -16"><span class='ocrx_word' id='word_1_365' title='bbox 88 2932 193 2974; x_wconf 76' lang='lat' dir='ltr'><em>Clementis</em></span> <span class='ocrx_word' id='word_1_366' title='bbox 214 2949 255 2975; x_wconf 85' lang='lat' dir='ltr'><em>esse</em></span> <span class='ocrx_word' id='word_1_367' title='bbox 277 2936 364 2988; x_wconf 86' lang='lat' dir='ltr'><em>plerique</em></span> <span class='ocrx_word' id='word_1_368' title='bbox 381 2941 424 2976; x_wconf 88' lang='lat' dir='ltr'><em>tum</em></span> <span class='ocrx_word' id='word_1_369' title='bbox 450 2940 515 2975; x_wconf 84' lang='lat' dir='ltr'><em>temen</em></span> <span class='ocrx_word' id='word_1_370' title='bbox 530 2934 566 2973; x_wconf 91' lang='lat' dir='ltr'><em>hoc</em></span> <span class='ocrx_word' id='word_1_371' title='bbox 582 2935 715 2986; x_wconf 87' lang='lat' dir='ltr'><em>consequimur</em></span> <span class='ocrx_word' id='word_1_372' title='bbox 735 2951 786 2977; x_wconf 86' lang='lat' dir='ltr'><em>corn-</em></span> 
     </span>
     <span class='ocr_line' id='line_1_44' title="bbox 87 2988 787 3044; baseline 0.01 -18"><span class='ocrx_word' id='word_1_373' title='bbox 87 2993 211 3029; x_wconf 84' lang='lat' dir='ltr'><em>veterestum</em></span> <span class='ocrx_word' id='word_1_374' title='bbox 220 2991 336 3031; x_wconf 87' lang='lat' dir='ltr'><em>recentiores</em></span> <span class='ocrx_word' id='word_1_375' title='bbox 345 2995 422 3044; x_wconf 79' lang='lat' dir='ltr'><em>negant¹</em></span> <span class='ocrx_word' id='word_1_376' title='bbox 450 2989 509 3034; x_wconf 82' lang='lat' dir='ltr'><em>modi,</em></span> <span class='ocrx_word' id='word_1_377' title='bbox 528 2993 550 3028; x_wconf 90' lang='lat' dir='ltr'><em>ut</em></span> <span class='ocrx_word' id='word_1_378' title='bbox 568 2988 703 3042; x_wconf 82' lang='lat' dir='ltr'><em>intelligamus,</em></span> <span class='ocrx_word' id='word_1_379' title='bbox 722 2992 787 3034; x_wconf 83' lang='lat' dir='ltr'><em>futiles</em></span> 
     </span>
    </p>
   </div>
   <div class='ocr_carea' id='block_1_4' title="bbox 0 0 992 3455">
    <p class='ocr_par' dir='ltr' id='par_1_5' title="bbox 0 0 992 3455">
     <span class='ocr_line' id='line_1_45' title="bbox 0 0 992 3455; baseline 0 1"><span class='ocrx_word' id='word_1_380' title='bbox 0 0 992 3455; x_wconf 95' lang='lat' dir='ltr'><em> </em></span> 
     </span>
    </p>
   </div>
  </div>
 </body>
</html>
