2017 3420
222 171 265 213 224
408 170 568 215 cornnnnn
584 172 737 216 JUDIOIUM

223 284 238 305 “
247 279 301 324 sicut
311 281 402 325 ludaeos
412 281 469 326 Deus
479 283 547 327 salvos
557 299 601 327 esse
611 283 685 337 voluit,
695 283 747 326 dans
757 281 787 326 cis
797 282 920 340 Prophetas,

223 358 238 379 “
246 354 278 398 ita
287 355 352 399 etiam
362 356 489 402 Graecorum
498 358 662 415 probatissimos,
672 357 765 415 proprios
777 372 826 401 suae
835 356 920 415 linguae

223 431 362 489 “Prophetas
381 433 482 488 excitans,
502 439 565 492 prout
584 438 681 493 poterant
700 449 773 491 capere
792 432 833 477 Dei
857 433 919 477 bene-

223 511 238 532 “
247 507 383 561 licentiam,a
397 509 474 554 vilibus
487 511 651 569 vulgaribusque
668 509 787 554 hominibus
802 509 920 563 secreverit,

223 581 361 626 “declarabit
379 587 462 639 practer
481 585 539 629 Petri
558 583 733 643 praedicationem
753 584 789 641 qui
809 584 848 628 hoc
868 583 921 628 dicit

222 654 363 711 “Apostolus
385 657 478 701 Paulus:
509 658 583 702 Libros
608 672 689 714 quoque
714 657 803 700 Graecos
828 657 919 707 sumite:

222 734 237 756 “
246 731 354 786 agnoscite
370 732 479 791 Sibyllam,
494 734 609 790 quomodo
625 748 691 776 unum
705 732 775 775 Deum
791 732 920 785 manifestet,

222 811 236 833 “
246 810 268 850 et
285 823 377 865 eaquae
393 809 465 852 futura
482 813 543 852 sunt:
569 813 677 866 sumptum
694 809 758 851 etiam
775 808 920 866 Hystaspems

222 888 236 909 “
245 883 318 939 legite,
329 887 351 927 et
360 884 471 928 invenietis
482 885 523 928 Dei
534 885 610 928 Filium
620 885 688 929 multo
700 884 775 928 clarius
787 883 920 941 apertiusque

222 962 290 1001 “esse
309 958 419 1015 scriptum,
441 962 506 1015 utque
525 959 588 1002 multi
609 975 668 1017 reges
692 960 790 1003 adversus
809 958 919 1002 Christum

222 1038 236 1059 “
246 1032 311 1075 aciem
326 1033 439 1085 instruent,
454 1033 501 1076 odio
516 1033 617 1077 habentes
629 1037 676 1076 tum
691 1033 758 1086 illum,
772 1036 819 1075 tum
833 1048 868 1076 eos
883 1032 919 1089 qui

222 1112 235 1134 “
246 1122 322 1150 nomen
334 1108 378 1164 ejus
389 1110 482 1164 gestant,
493 1111 515 1150 ct
529 1109 573 1165 ejus
588 1108 665 1161 fideles,
675 1107 772 1165 illiusque
784 1108 919 1152 tolerantiam

221 1186 235 1207 “
245 1184 308 1238 atque
328 1181 449 1226 adventum.
479 1182 562 1226 Deinde
579 1198 621 1225 unc
637 1183 707 1236 verbo,
723 1198 760 1227 seu
774 1198 817 1226 una
830 1182 918 1235 ratione,

221 1262 235 1285 “
245 1272 283 1299 nos
299 1256 417 1313 interrogat
422 1274 429 1309 ,¹
452 1260 510 1301 totus
525 1261 596 1301 autem
611 1258 709 1310 mundus,
726 1255 747 1300 et
763 1272 815 1314 quac
831 1257 919 1300 suntin

221 1337 236 1359 “
245 1324 331 1386 mundo,
348 1333 406 1390 cujus
422 1334 488 1375 sunt?
505 1332 582 1376 Nonne
599 1333 675 1375 Dei?”
697 1332 732 1375 Sic
746 1332 832 1389 pulchre
848 1332 918 1375 omnia

221 1406 261 1449 sibi
276 1410 381 1460 constant,
395 1406 456 1450 aliter
470 1407 609 1464 impeditiora.
639 1407 700 1450 Adde
715 1407 770 1464 quod
783 1407 820 1450 vix
835 1406 859 1449 in
872 1409 919 1450 toto
963 1398 965 1404 .

221 1480 328 1524 Clemente
348 1480 443 1524 invenias
465 1481 543 1537 aliquid
560 1481 683 1538 Apocryphi
701 1481 814 1537 prolatum,
833 1480 918 1524 nomine

220 1555 324 1599 duntaxat
334 1556 431 1608 auctoris,
441 1571 484 1599 non
498 1555 611 1612 praemisso
623 1555 691 1613 operis
700 1555 771 1608 titulo,
781 1571 825 1599 non
837 1555 918 1613 adjecta

220 1629 311 1673 dictione
327 1646 379 1688 quac
393 1631 454 1688 quale
469 1631 497 1673 sit
512 1630 614 1687 scriptum
629 1629 726 1673 declaret.
762 1629 857 1687 Legatur
871 1632 918 1673 tcta

219 1705 358 1748 Alexandrini
373 1705 500 1763 disputatio:
521 1706 640 1749 conferatur
653 1720 702 1748 cum
713 1704 739 1747 iis
753 1720 805 1761 quae
820 1704 844 1747 in
857 1704 917 1747 Stro-

220 1783 289 1824 mateo
308 1781 316 1823 i
335 1781 431 1825 edisserit
450 1781 475 1824 de
494 1781 622 1825 Graecorum
637 1780 779 1837 Sapientibus,
795 1780 917 1837 praesertim

219 1871 268 1912 pag.
280 1869 329 1915 299,
341 1856 378 1899 ubi
392 1856 461 1901 locum
475 1856 582 1912 Epistolac
596 1855 623 1898 ad
635 1855 709 1898 rlitum
722 1854 820 1898 adducit:
835 1854 917 1898 confido

219 1930 270 1982 fore,
287 1933 312 1973 ut
332 1946 379 1974 mea
398 1946 441 1973 uon
460 1931 590 1987 improbetur
605 1929 757 1986 interpretatio.
787 1929 850 1972 Nihil
866 1944 916 1985 ergo

220 2006 344 2063 adjuvamur
359 2007 398 2049 hoo
413 2007 541 2059 testimonio,
555 2007 582 2050 ad
597 2007 769 2063 investigandum
782 2007 838 2064 quod
854 2021 916 2063 quae-

220 2080 285 2123 rimus
300 2083 390 2137 tempus.
422 2082 436 2123 J
437 2097 471 2125 am
481 2097 529 2125 vero
542 2081 560 2124 si
573 2085 649 2138 agatur
662 2082 688 2125 de
702 2081 853 2139 Sibyllinorum
865 2082 916 2125 Car-

220 2155 302 2197 minum
312 2155 413 2212 Syllogeh
423 2171 465 2212 qua
474 2156 536 2199 hodie
545 2155 632 2209 utimur,
643 2172 680 2213 pro
692 2160 748 2200 certo
762 2157 834 2199 haberi
847 2156 916 2209 debet,

243 2285 253 2310 ἔ
265 2278 293 2314 De
307 2278 397 2326 Hystaspc
410 2277 514 2315 consulendi
528 2284 570 2315 sunt
584 2278 689 2316 Ammianus
705 2279 826 2322 Marcellinus,
839 2279 883 2315 xxiii
898 2278 916 2322 6,

219 2350 236 2385 p.
245 2346 280 2385 374
291 2336 319 2374 ed.
328 2337 387 2375 Vales.
396 2337 488 2385 Agathias,
496 2337 509 2373 ii
518 2349 546 2383 24,
554 2350 572 2385 p.
579 2347 611 2385 117
620 2337 649 2374 cd.
655 2337 743 2375 Niebuhr.
756 2337 865 2380 Lactantius,
874 2337 916 2375 Div.

219 2397 264 2433 lust.
274 2397 297 2433 vii
308 2406 334 2444 15,
342 2397 369 2440 18,
378 2402 421 2432 tom.
430 2396 442 2440 i,
451 2408 481 2443 pp.
490 2397 531 2441 562,
540 2396 580 2445 567,
590 2397 624 2445 699
636 2396 664 2433 ed.
674 2397 698 2433 Le
707 2397 757 2434 Bruu
766 2403 783 2433 et
791 2397 823 2433 Du
831 2397 915 2445 Fresnoy.

241 2454 251 2480 h
265 2454 348 2492 Sannina
360 2455 447 2503 Sibyllina
458 2454 512 2492 habes
524 2455 543 2491 in
556 2455 644 2492 Gallaudii
653 2455 737 2492 Biblioth.
747 2455 806 2492 Pari
818 2468 848 2503 pp.
857 2464 915 2503 335-

218 2526 259 2559 410,
268 2514 332 2562 quibus
341 2527 390 2551 nuuc
398 2514 472 2552 accessit
480 2513 595 2557 liberamus,
604 2519 678 2562 quartus
687 2513 771 2557 decimus,
780 2514 825 2550 Maii
836 2514 896 2552 studio
906 2528 915 2552 e

217 2574 272 2611 MSto
281 2579 347 2617 erutus,
356 2574 438 2624 typisque
446 2585 523 2611 excusus
532 2573 629 2611 Mediolani
639 2573 691 2621 1817.
717 2573 771 2610 Plura
783 2573 798 2609 si
807 2574 875 2621 cupias,
887 2574 915 2611 adi

218 2633 285 2670 Bleehii
294 2632 430 2680 disputationem
442 2633 496 2670 Uebcr
504 2633 532 2668 dic
540 2632 649 2679 Errtstclruup
657 2631 694 2668 uod
700 2633 872 2679 Zusuarmrasetzuuy
884 2633 915 2669 der

217 2706 250 2729 uus
262 2693 281 2728 lc
295 2693 335 2728 acar
347 2692 427 2728 Bdrheru
438 2692 546 2729 Erhultrnar
559 2691 658 2738 Scmmluuy
670 2691 802 2738 Sibyllinischcr
815 2691 884 2735 Orokel,
896 2692 914 2728 in

217 2751 330 2799 Ephemeridi
338 2751 450 2799 Theologica⁵
460 2750 537 2787 Berolin.
548 2750 599 2797 1819.
609 2749 669 2786 fascic.
679 2762 687 2786 1
697 2756 714 2786 et
723 2762 742 2793 23
750 2749 838 2787 'Phorlacii
847 2750 914 2799 disqui-

217 2811 305 2853 sitionem,
314 2822 359 2858 quae
371 2810 478 2853 inscribitur,
487 2809 539 2846 [aba
551 2808 681 2855 cibyratarum
691 2810 754 2846 ueteris
762 2810 857 2852 Ecclesiae,
866 2809 914 2852 crisi,

217 2875 300 2918 quatenus
312 2874 418 2905 roccamaura
432 2869 588 2910 christianornm,
601 2867 678 2914 subjecti,
691 2867 772 2911 Hafniae,
784 2869 828 2915 1815
832 2883 838 2911 ς
851 2873 869 2903 et
877 2867 913 2904 Er·

216 2941 280 2967 cursus
293 2941 337 2977 quos¹
352 2928 374 2964 ad
385 2928 447 2965 Libros
463 2928 558 2976 Sibyllinos
571 2927 645 2975 subjecit
658 2927 731 2966 Carolus
742 2926 848 2971 Alerandre,
857 2927 913 2964 Paris.

218 2988 267 3036 1856.
