1958 3490
288 243 329 286 AD
345 241 538 295 CORINTHIOS,
549 242 622 285 xxxiii.
762 243 804 287 lae

102 360 226 431 sapientia
237 359 341 418 ornavit,
350 363 442 408 terram
453 360 528 409 etiam
539 357 570 408 ab
577 358 725 424 'aqua‘quae
736 354 803 407 illam

62 462 63 467 ¹
101 439 186 498 ambit,
199 436 330 504 separavit,
342 441 368 486 et
384 446 459 503 super
475 436 574 493 firmum
590 435 701 502 propriae
718 434 802 486 volun-

101 518 161 569 tatis
179 506 369 566 fundamentum
385 514 494 564 firmavit
503 534 509 575 3
527 519 554 571 et
567 513 682 571 animalia
697 531 759 582 quae
776 514 802 564 in
822 564 824 567 ,
886 560 887 563 ,

100 597 143 647 illa
151 600 283 646 versantur
290 593 363 661 jussu
375 594 555 661 suopraecepit
562 611 622 644 esse.
641 593 710 644 Mare
721 593 801 653 etiam,

88 680 202 739 atquae
219 672 246 721 in
262 671 303 721 illo
321 677 380 721 sunt
395 671 511 722 animalia
521 689 600 739 quum
611 670 679 738 prius
690 676 801 729 creasset,

101 751 213 820 potentia
224 769 269 801 sua
280 750 385 801 inclusit.
421 750 482 801 Prae
495 749 607 801 omnibus
623 748 714 800 animal
724 748 801 800 excel·

99 829 272 888 lentissimum,
293 834 319 878 et
335 828 476 879 intellectus
497 828 619 896 dignitate
635 827 801 887 celsissimum,

65 926 67 930 ’
100 907 230 966 hominem,
242 907 357 974 imaginis
374 925 432 957 suae
450 907 619 965 characterem,
631 906 705 956 sacris
719 912 745 957 et
756 905 801 956 im-

98 985 228 1036 maculatis
239 985 352 1035 manibus
363 985 484 1037 formavit.
520 985 560 1037 Sic
577 984 643 1035 enim
654 984 714 1036 dicit
725 985 800 1045 Deus,

40 1056 42 1061 ’
53 1064 56 1069 ’
100 1051 237 1115 Faciamus
248 1063 371 1114 boatiaaa
382 1063 418 1114 ad
429 1064 565 1131 imagineas
576 1073 598 1114 et
609 1063 800 1137 similitudinem
808 1081 851 1116 aen.
860 1082 867 1114 r
875 1081 901 1123 a,

100 1141 211 1194 aostraaa
220 1164 227 1200 ;
245 1152 267 1192 ct
284 1142 378 1193 creauit
390 1143 460 1193 Dcas
477 1143 606 1203 homiaem,
623 1144 761 1194 masculam
778 1151 799 1193 ct
809 1136 835 1170 ²7'

92 1220 222 1288 sbraiaara
241 1221 334 1271 creauit
354 1239 398 1271 aas.
433 1222 503 1273 Haec
522 1222 600 1290 igitur
613 1221 703 1273 omnia
722 1240 799 1290 quum

99 1299 246 1367 perfecisset,
258 1299 370 1350 laudavit
381 1318 415 1359 ea,
428 1306 454 1350 et
465 1300 598 1360 benedixit,
609 1301 729 1368 dixitque,
740 1301 798 1353 Orc·
807 1318 850 1352 aen.
860 1319 864 1351 i
874 1320 900 1352 aa.

97 1377 157 1428 scite
176 1386 197 1427 et
217 1377 429 1444 raaltapla‘caaa'aa'.
464 1379 599 1430 Videamus
613 1379 695 1446 justos
714 1398 798 1431 omnes

98 1456 168 1506 bouis
180 1455 294 1522 operibus
306 1461 403 1506 ornatos
415 1456 490 1507 fuisse
502 1477 507 1508 ε
519 1458 572 1525 ipse
584 1458 659 1508 etiam
668 1459 796 1519 Dominus,

98 1533 212 1600 operibus
231 1534 338 1600 seipsum
359 1551 454 1594 ornans,
469 1536 570 1603 gavisus
590 1542 633 1602 est.
669 1537 797 1589 Habentes

97 1712 185 1748 constare
193 1722 233 1748 non
242 1710 302 1761 possit
311 1714 363 1750 recte
372 1723 392 1750 se
401 1711 435 1750 ha·
487 1711 512 1752 ib,
520 1713 624 1763 ηὗλόρησεν]
634 1712 666 1753 sie
674 1712 720 1753 cod.
729 1713 798 1754 MStus

98 1764 143 1802 bere
153 1763 200 1803 Ood.
211 1764 296 1804 MStum.
306 1764 389 1805 Worr.
460 1770 480 1806 et
489 1766 557 1807 Johan.
571 1766 705 1808 Damascenus.
734 1768 798 1809 Fellus

54 1814 57 1821 '
126 1818 143 1856 6.
151 1817 340 1874 προδημι[ουρρή]σαι]
350 1819 394 1859 soil.
402 1823 436 1871 πρὸ
460 1825 480 1860 et
490 1820 609 1861 (iolomesius
623 1822 714 1863 exhibent
728 1826 798 1875 εὐλόγη-

97 1871 260 1924 τῶνζῷωνγηΐνων.
275 1872 422 1915 SANOROFT.
460 1891 495 1915 σεν.
517 1876 629 1929 Vidsupra
637 1891 655 1929 p.
668 1879 769 1927 1161,14.

126 1935 143 1977 7.
158 1929 178 1965 τὸ
193 1926 308 1982 ἐξοχώτατον]
327 1931 357 1968 τὸν
371 1930 437 1979 ἐξοχώ-
490 1940 519 1980 15.
530 1931 603 1980 Ἴδωμεν
612 1932 638 1970 ὅτι
651 1935 671 1971 τὸ
683 1931 709 1987 ἐν]
721 1933 797 1980 Junius,

97 1997 149 2019 τιτον
169 1983 197 2020 καὶ
219 1985 318 2033 παρρεγεθῆ
340 1984 435 2034 ἅνθρωποι,
460 1985 530 2036 Fellus,
549 1990 570 2026 et
588 1985 706 2028 Oolomesius
723 1989 798 2029 malunt

97 2035 166 2075 Johan.
186 2036 321 2083 Damascenus,
340 2038 374 2090 qui
394 2041 436 2078 κατὰ
460 2040 532 2090 Εἴδορεν
541 2041 567 2080 ὅτι
575 2045 611 2081 τοῖς
620 2044 684 2093 &pycta
710 2043 748 2083 Sed
759 2057 797 2083 non

84 2092 171 2128 4διάνοιαν
180 2104 219 2130 non
228 2093 319 2144 agnoscit.
461 2109 509 2147 opus
527 2100 556 2136 est
570 2100 592 2135 ut
608 2096 680 2149 aliquid
695 2103 795 2139 mutemus.

125 2148 142 2184 8.
153 2148 196 2184 κατὰ
205 2145 286 2201 διάνοιαν]
297 2147 350 2200 Ergo
360 2161 384 2187 ex
394 2147 437 2189 Ole-
461 2150 542 2190 Worr.
571 2151 613 2190 Nos
622 2152 716 2204 probabili
725 2154 798 2206 conjec-

96 2199 167 2239 mentis
183 2201 284 2250 sententia,
299 2202 336 2242 Dei
348 2202 368 2241 in
382 2203 437 2244 nobis
461 2209 505 2245 tura
518 2205 560 2245 nixi
571 2206 695 2247 scriberemus
700 2208 772 2258 Ἴδωμεν
780 2212 798 2248 τί

96 2253 161 2306 imago
172 2260 207 2304 est,
217 2269 257 2295 non
270 2257 310 2297 oris
323 2258 437 2309 sublimitas,
461 2263 481 2298 τὸ
490 2262 533 2300 δέοι.
546 2260 618 2311 Ἔργοις
626 2278 640 2301 κ,
651 2279 666 2302 τ,
674 2265 691 2302 λ.
707 2263 795 2304 DAVIS.

96 2309 130 2348 sed
139 2310 210 2350 mentis
220 2311 319 2353 celsitudo.
334 2312 402 2354 Bois.
461 2315 546 2368 Longius
561 2316 616 2356 abest
631 2331 643 2356 a
657 2317 721 2358 Mssa
750 2318 796 2359 Pro-

125 2378 143 2414 9.
154 2368 191 2405 ruis
205 2364 264 2420 ἱεραῖς]
275 2371 312 2408 ταῖς
325 2369 373 2407 ἰδίαις
385 2370 437 2407 αὐτοῦ
460 2370 503 2422 pius
518 2371 591 2410 acedia
606 2371 685 2422 Birrius,
704 2374 742 2424 qui,
758 2373 796 2414 levi

97 2419 207 2469 iniciatam
216 2420 428 2463 JohanDamascenus.
460 2425 529 2464 mendo
542 2425 623 2475 sublato,
635 2426 663 2466 ita
674 2427 795 2467 scribendum

126 2486 156 2512 10.
167 2474 261 2526 οὕτως-γάρ
270 2476 332 2532 φησιν]
345 2478 437 2518 IiaWoi-
460 2480 569 2529 arbitratur,
592 2480 667 2530 Εἵδωμεν
693 2480 793 2537 [Eidoperi]

96 2531 135 2567 ton.
147 2527 259 2571 Schoenem.
273 2532 336 2572 Hefel.
350 2532 435 2573 Reithm.
460 2535 486 2573 ὅτι
495 2552 513 2573 τε
522 2536 540 2573 ἐν
549 2537 604 2585 ἔρροις
617 2539 633 2573 οἱ
645 2537 732 2577 δίκαιοι..
744 2567 748 2576 ,
763 2538 794 2579 Va'-

97 2581 205 2623 Dresselius
221 2599 266 2625 cum
281 2586 328 2627 Ood.
344 2587 402 2628 MSto
416 2593 436 2628 et
460 2590 525 2628 dimas
534 2589 632 2641 ajalon.
643 2590 792 2632 ‚GALLANR

95 2635 183 2677 Johanne
202 2639 326 2682 Damascena.
360 2642 435 2683 anteri
455 2644 527 2693 *Ianua
538 2644 565 2683 ὅτι
578 2661 600 2686 τε,
608 2644 671 2686 Hefel.
686 2650 706 2686 et
715 2647 794 2688 Dresse-

95 2689 144 2729 οὕτω.
458 2699 499 2738 lius.

124 2757 154 2784 11.
170 2748 205 2785 κατ’
218 2749 280 2805 εἰκόνα]
293 2750 352 2804 Apud
365 2752 434 2792 Johan.
488 2763 517 2804 17.
534 2756 598 2804 ἔργοις]
615 2754 756 2807 Hilgenfeldius
769 2757 793 2796 de

96 2798 237 2842 Damascenum
246 2807 281 2844 κατ’
291 2808 346 2846 εἰκόνα
355 2808 435 2858 ἡμετέραν
459 2808 530 2848 Christi
539 2808 635 2848 miraculis
644 2811 728 2862 exponit.
746 2811 793 2851 Rec-

96 2855 123 2891 καὶ
135 2857 172 2893 καθ’
184 2860 272 2905 ὁμοίωσιν,
286 2861 336 2903 sicut
350 2866 370 2902 et
383 2864 435 2914 apud
458 2864 496 2903 tius
514 2863 538 2902 ad
552 2867 607 2902 Ταῦτα
623 2864 652 2903 οὖν
666 2868 720 2905 πάντα
735 2865 793 2907 referi

96 2907 155 2948 LXX.
458 2918 538 2970 Lipsius

125 2975 154 3011 14.
167 2965 256 3023 ἐπῄνεσεν]
272 2972 351 3020 ἐποίησεν
364 2972 432 3011 «lehun.
487 2975 515 3013 18.
530 2972 648 3028 ὑπογραμμόν]
668 2974 717 3016 Vide
736 2990 794 3030 supra

95 3017 230 3061 Damascenus.
260 3024 316 3066 Male,
459 3029 524 3080 §5,p.
537 3028 582 3068 281.
595 3037 612 3078 5.

612 3096 649 3128 Μ
