1931 3420
302 227 347 297 ου.
359 227 588 300 mammam
602 239 604 245 ·

73 374 77 378 ,
94 333 128 382 χθη
141 336 183 383 μετὰ
195 336 271 384 σπουδῆς
284 335 308 374 είς
319 336 340 373 τδ
348 330 433 386 ἀμφιθέα-

93 403 138 437 τρον.
149 384 177 428 6.⁴
194 391 221 428 καί
235 390 261 429 ότι
276 389 353 439 τοσαιίτη
366 389 435 439 σπουδῇ

73 486 77 491 ,
91 443 193 493 ἐχρήσαντο.
206 444 264 485 Mart.
276 444 341 496 Polyc.
353 453 372 495 7.
387 447 434 494 ,μετὰ

94 497 170 547 σπουδῆς
180 500 262 553 καθῄρουν
271 500 327 551 αὐτόν.
339 502 357 539 8.
391 499 434 550 μετά

94 555 169 603 σπουδῆς
177 554 270 605 ἐπορεύετο,
280 554 306 594 ib.
346 561 347 564 ’

66 607 143 647 Στάδιον.
174 611 207 657 ἔξω
218 610 303 655 βάλλεται
311 613 343 648 τοῦ
355 611 432 649 σταδίου.

94 661 213 714 019111Π7.
247 666 271 705 εἷς
283 666 304 702 τδ
318 667 389 704 στάδιον
402 667 432 703 αὒ-

71 769 73 771 q
92 719 122 755 τόν
136 720 237 770 εἷσαγογεῖν.
254 719 312 759 Mart.
332 720 396 773 Polyc.
413 721 430 760 6.

92 772 173 823 ἀγόμενος
181 774 205 813 είς
213 775 233 812 τό
242 776 317 814 στάδιον,
328 777 346 814 8.
381 775 431 826 θορό-

92 830 126 873 βον
141 828 239 877 τηλικούτου
255 830 303 870 όντος
317 831 337 869 έν
348 834 373 882 τῷ
389 837 431 868 στα-

67 898 69 902 ⁴
91 883 128 934 δίῳ.
136 882 161 922 ib.
190 885 258 923 εἰσιόντι
268 886 318 925 εἷςτδ
328 887 403 924 στάδιον.
413 898 430 936 9.

92 942 125 975 τῶν
133 939 152 976 ἐν
159 942 183 991 τῷ
195 941 257 992 σταδίῳ
270 941 341 989 ἀνόμων.
352 940 380 981 ib.
414 943 432 979 ἐν

91 992 139 1044 μέσῳ
148 998 172 1046 τῷ
181 995 244 1046 σταδίῳ
254 994 328 1046 κηρύξαι.
342 1009 372 1035 12.

65 1048 136 1094 Στάζειν.
173 1050 224 1087 άλλοι
241 1051 383 1102 δὲισταζάμενον
400 1051 430 1100 ὑφ’

92 1104 167 1152 ίδρῶτος.
178 1103 286 1157 Mart.Ig11.
298 1113 315 1155 7.

65 1158 144 1206 Σταθμός.
178 1159 247 1207 Ἀνέμων
255 1161 336 1209 σταθμοί.
348 1159 407 1199 Olem.
419 1159 430 1198 I

93 1224 124 1251 20·

65 1270 166 1315 Στασιάζειν.
200 1270 227 1307 διὰ
236 1271 255 1307 τδ
265 1271 360 1308 στασιάσαι
370 1269 431 1308 αὐτοὺς

91 1324 134 1371 πρὸς
143 1355 147 1364 ,
155 1355 159 1363 .
168 1354 171 1362 .
180 1327 259 1373 Μωῦσῆν.
271 1323 332 1363 Clem.
340 1324 352 1363 I
360 1338 377 1373 4.
389 1339 430 1361 στα-

91 1380 186 1424 σιαζουσῖον
196 1384 230 1417 τῶν
241 1381 306 1429 φυλῶν.
320 1392 351 1429 43.
388 1395 430 1416 στα-

91 1433 171 1481 σιάζομεν
184 1435 227 1484 πρός
242 1437 261 1472 τδ
276 1438 327 1481 σῶμα
343 1436 364 1472 τό
382 1433 429 1472 ἴδιον.

91 1487 122 1534 46.
158 1490 255 1535 στασιάζειν
269 1490 313 1540 πρὸς
331 1490 371 1529 τοὺς
388 1504 429 1538 πρε-

52 1590 54 1594 y
91 1543 189 1593 σβντέρονς.
201 1552 231 1593 47.
260 1545 316 1594 ἀγάπη
326 1545 347 1581 οὗ
357 1541 429 1582 στασιά-

90 1598 119 1643 ζει.
136 1611 166 1648 49.
181 1639 183 1641 ,
199 1603 232 1636 τῶν
246 1601 373 1646 στασιαζόντων
387 1600 429 1648 πρὸς

89 1653 119 1689 τδν
134 1655 227 1703 θεράποντα
242 1658 272 1691 τοῦ
286 1657 331 1691 θεοῦ
345 1656 428 1701 Μωῦσῆν.

90 1714 122 1755 51.
136 1707 162 1746 ίνα
171 1710 193 1757 μὴ
203 1710 318 1756 στασιάζωσιν
325 1710 354 1747 ἐπὶ
363 1711 427 1747 πλεῖον.

62 1814 129 1856 Στάσις.
157 1821 217 1869 μιορᾶς
229 1817 255 1857 καί
264 1817 334 1856 ἀνοσίου
343 1819 426 1856 στάσεως.

90 1870 148 1911 Olem.
160 1873 171 1910 I
182 1886 199 1911 1.
227 1876 279 1911 Πᾶσα
291 1874 428 1917 οτάσις...βδε-

88 1929 149 1964 λυκτδν
158 1930 200 1976 ὑμῖν.
212 1941 228 1967 2.
265 1928 295 1965 Ἐκ
306 1927 368 1965 τούτου
378 1929 428 1975 ζῆλος

92 2012 107 2020 ..
116 2011 120 2019 .
129 1983 155 2019 καὶ
164 1984 231 2022 στάσις.
240 1996 258 2032 3.
273 1981 333 2021 οἵτινες
342 1983 427 2030 ἐξακοντί-

88 2039 146 2082 ζουσιν
164 2038 187 2076 εἷς
203 2039 238 2087 ἔριν
253 2039 280 2075 καί
298 2039 374 2076 στάσεις.
395 2049 426 2084 14.

88 2092 165 2140 ε’πίμονος
178 2093 224 2140 ὑμῶν
232 2094 279 2130 ε’στιν
289 2092 299 2139 ἡ
311 2093 379 2131 στάσις.
393 2092 425 2139 46.

32 2169 33 2172 =
86 2147 158 2196 ἀρχηγοὶ
171 2150 200 2196 τῆς
213 2149 291 2187 στάσεως
304 2149 332 2184 καὶ
343 2148 425 2197 διχοστα-

87 2201 131 2240 σίας.
142 2211 173 2250 51.
203 2203 224 2240 Εἴ
238 2203 258 2240 δι’
272 2202 302 2251 ε’μὲ
316 2203 424 2246 στάσις,

87 2257 160 2306 έκχωρῶ,
171 2266 202 2306 54.
230 2260 246 2295 οἳ
254 2258 284 2306 τὴν
291 2259 389 2306 καταβολὴν
397 2259 427 2305 τῆς

87 2313 165 2351 στάσεως
173 2311 278 2360 ποιήσαντες.
290 2320 321 2362 57.

60 2368 139 2414 Σταυράς.
161 2369 188 2406 διὰ
196 2370 226 2415 τῆς
234 2370 309 2417 μηχανῆς
316 2367 375 2415 Ἰησοῦ
384 2372 425 2415 Χρι-

87 2424 134 2465 στοῦ,
144 2422 163 2461 ὅς
172 2423 219 2460 ἔστιν
228 2424 306 2473 στανρός.
321 2422 364 2474 Igu.
375 2420 424 2472 Eph.

60 2523 61 2528 1
86 2487 105 2524 9.
133 2478 226 2527 Περίφημα
238 2479 258 2515 τὸ
267 2479 308 2526 ἐμὸν
318 2480 384 2525 πνεῦμα
395 2479 425 2513 τοῦ

66 2566 68 2568 ,
87 2536 166 2581 σταυροῦ.
179 2533 208 2570 18.
246 2533 336 2582 ἐφαίνοντο
350 2532 424 2574 ἂνκλά-

85 2586 111 2622 δοι
120 2590 150 2624 τοῦ
161 2591 240 2637 σταυροῦ.
251 2586 307 2626 Τκμίί.
320 2599 350 2625 11.
386 2589 425 2635 Πῦρ

85 2641 112 2677 καί
121 2645 198 2690 σταυρός.
212 2642 268 2681 Rom.
279 2650 296 2691 5.
331 2643 353 2679 τά
365 2641 424 2678 άθικτα

58 2744 60 2746 η
84 2695 144 2744 ἀρχεῖα
153 2700 162 2734 δ
172 2699 309 2748 σταυρδςαιίτοῦ.
319 2695 393 2734 Philad.
405 2696 422 2732 8.

85 2752 143 2801 ὥσπερ
152 2754 278 2801 καθηλωμένους
287 2753 305 2789 ἒν
313 2755 337 2802 τῷ
347 2753 423 2801 σταυρῷ.

84 2802 159 2856 Smyrn.
182 2821 197 2846 1.
239 2810 259 2845 τὸ
282 2806 375 2857 μαρτύριον
393 2808 423 2842 τοῦ

84 2865 164 2911 σταυροῦ.
174 2862 236 2913 Polyc.
247 2861 295 2901 Phil.
306 2869 323 2910 7.

55 2919 145 2964 ΙΣτανροῦν.
181 2919 223 2967 ὑπὲρ
235 2918 255 2966 ἧς
266 2919 331 2965 Ἰησοῦς
346 2915 422 2965 Χριστός

83 2970 239 3023 ε’στουρώθηπῖξμ,
252 2971 301 3023 Eph.
317 2971 348 3009 16.
380 2970 421 3016 άλη-

83 3025 116 3063 θῶς
125 3027 227 3076 ἐσταυρώθη.
240 3026 296 3065 ΤΓοΠ.
309 3039 328 3075 9.
364 3025 422 3072 ὁέμδς

82 3081 124 3129 ἔρως
139 3082 249 3131 ε’σταάρωται.
264 3082 319 3121 Rom.
335 3088 353 3130 7.
389 3079 422 3115 Τὸν

789 229 832 272 113

488 337 607 387 σταυρωθέντα
629 336 685 387 λέγεις
703 337 732 375 ε’πὶ
755 339 842 376 Ποντίου

488 394 575 436 Πιλάτονι
589 390 646 431 Mart.
657 391 732 443 Ign.'2.
761 393 780 430 ε’ν
792 394 830 430 ἐαυ-

487 450 511 499 τῷ
527 448 586 497 φέρεις
602 447 632 484 τδν
648 447 780 500 σταυρωθέντάς
802 446 828 486 ib.
880 464 883 471 ’

487 504 586 552 περιφέρειν
602 503 632 539 τόν
650 502 783 551 ἐσταυρωμένον.
802 501 828 541 ib.

487 556 559 605 ἀφέντες
576 557 606 609 τόν
618 556 751 605 ἐσταυρωμένον,
768 555 828 597 Mart.

487 610 550 662 Polyc.
564 618 595 660 17.

460 666 546 718 Σταφυλίμ
557 664 618 705 Olem.
629 665 682 716 1³23,
692 665 744 704 etII
756 678 786 705 11.

459 723 532 771 Στεῐρος.
561 719 620 771 στεῖρα
635 721 669 771 γάρ
684 719 704 768 ἦν
718 720 729 768 ἡ
746 722 829 770 ἐκκλησία

485 776 537 824 ἡμῶν.
548 775 609 815 Clem.
619 774 642 813 II
652 788 671 814 2.
692 795 693 798 =

459 833 548 878 Στενάζειν.
585 832 631 868 ὥστε
646 830 688 879 μήτε
705 830 768 881 γρόξαι
785 830 828 879 μήτε

487 887 570 934 στενάξω.
581 885 638 925 Mam
650 883 713 936 Polyc.
726 898 743 925 2.
787 885 828 924 στε-

486 942 537 988 νάξας
545 958 564 979 τε
573 942 599 979 καλ
608 940 714 990 ἀναβλέψας.
725 955 743 992 9.
788 948 789 952 ’

458 995 529 1035 Στένειν.
546 996 633 1035 στένοντες
639 995 697 1046 ε’πίτῷ
707 1007 723 1036 .’.
732 995 827 1045 ,μελλοντι

485 1055 572 1104 χωρισμῷ.
584 1050 642 1090 Mart.
657 1049 700 1101 Igu.
712 1059 730 1100 5.
794 1082 795 1086 ,

458 1106 608 1156 Στενοχωρεῖσθαι,
656 1105 827 1156 στενοχωρουμένους

484 1162 523 1200 τοὺς
546 1164 576 1199 τοῦ
598 1164 642 1198 θεοῦ
665 1159 743 1200 δούλους.
763 1159 826 1200 016111.

485 1214 560 1267 Fragm.
571 1214 597 1254 iii.

458 1271 540 1320 Στέργειν.
555 1269 662 1321 στεργσιίσιις
671 1269 777 1317 καθηκόντως
786 1270 826 1309 τοδς

484 1325 545 1376 άνδρας
561 1328 629 1364 ἑαυτῶν.
646 1323 730 1364 Cleml
746 1337 764 1364 1.
796 1326 826 1363 τδν

484 1383 611 1429 παρανομοῦντα
620 1381 647 1417 καί
655 1379 678 1428 μὴ
688 1379 784 1430 στέργοντα
793 1381 824 1417 αιί·

484 1434 528 1474 τοός.
538 1435 613 1486 Fragm.
624 1448 643 1473 x.
668 1433 776 1484 στεργοόσας
785 1435 826 1473 τοὺς

484 1491 547 1528 εὀντῶν
555 1491 621 1539 ἄνδρας.
631 1488 695 1541 Polyc.
705 1487 754 1528 Phil.
766 1502 785 1537 4.

457 1545 577 1593 Στερνίζεσθαι.
613 1543 740 1595 ε’στερνισμένοι
748 1544 779 1592 ἦτε
788 1546 824 1583 τοῖς

484 1601 594 1650 σπλάγχνοις.
604 1598 664 1638 Clem.
674 1597 685 1636 Ι
697 1610 714 1637 2.

456 1655 531 1703 Στέρνον.
558 1654 577 1692 ‘O
593 1656 667 1703 Χριστόν
680 1654 725 1702 ἔχων
737 1654 756 1691 ἐν
769 1653 823 1703 στέρ-

482 1724 521 1747 νοις.
531 1708 588 1748 Μοτθ.
599 1708 642 1760 Igu.
655 1721 671 1747 2.

455 1764 546 1812 Στέφανος.
574 1764 604 1801 κάν
619 1764 670 1814 ε’γγδς
685 1766 716 1800 τοῦ
732 1763 823 1812 στεφάνου

482 1820 572 1867 γενώμεθα.
585 1817 644 1857 Olem.
655 1818 675 1857 ῙῙ
685 1825 704 1867 7.
739 1818 823 1864 άξιοπλό-

482 1889 511 1910 κον
523 1877 633 1922 πνευματικοῦ
643 1874 730 1922 στεφάνου
739 1875 770 1910 τοῦ
779 1888 823 1922 πρε-

482 1930 580 1978 σβυτερίου.
592 1929 633 1980 Igu.
644 1928 710 1978 Magn.
724 1939 756 1977 13.
791 1931 823 1965 τοῦ

482 1984 568 2033 στεφάνου
575 1985 605 2031 τῆς
611 1980 704 2031 ἀθλήσεως.
711 1981 769 2021 Mam
779 1981 822 2033 Ign.

483 2047 500 2086 5.
535 2042 559 2090 τῷ
574 2041 604 2086 τῆς
619 2037 717 2088 ἀφθαρσίας
733 2038 820 2088 στεφάνῳ.

481 2092 538 2132 Mart.
549 2093 612 2145 Polye.
625 2101 656 2143 17.
675 2094 705 2130 τόν
713 2094 743 2140 τῆς
752 2092 821 2141 ἀφθαρ-

481 2149 520 2188 σίας
529 2149 614 2197 στέφανον
623 2148 720 2193 ἀπολαβών.
733 2159 763 2196 19.

454 2204 588 2252 Στεφανοῦσθαι.
623 2204 662 2241 ἀλλ’
673 2203 694 2239 οὗ
705 2203 768 2241 πάντες
780 2217 821 2239 στε-

481 2260 577 2306 φανοῦνται
591 2256 650 2297 019111.
663 2255 686 2295 II
699 2264 716 2305 7.
757 2256 819 2305 ἀγωνι-

481 2314 555 2359 σώμεθα,
565 2312 591 2351 ἵνα
601 2314 662 2351 πάντες
673 2310 818 2359 στεφανωθῶμεν.

479 2366 506 2405 ib.
539 2367 664 2418 ἀγωνισώμεθα,
674 2364 701 2402 ἵνα
711 2366 739 2402 καὶ
751 2366 820 2413 στεφα-

480 2423 562 2468 νωθῶμεν.
572 2420 597 2459 ib.
617 2422 631 2458 εί
640 2421 662 2469 μὴ
672 2420 756 2468 δυνάμεθα
764 2420 818 2457 άπαν-

479 2493 507 2515 τες
516 2476 647 2526 στεφανωθῆναι.
657 2473 682 2513 ib.
716 2475 818 2522 ἐστεφανω-

478 2531 528 2579 μένον
545 2547 564 2569 τε
578 2534 602 2582 τῷ
618 2533 647 2578 τῆς
661 2529 760 2578 ἀφθαρσίας
776 2544 816 2565 στε-

479 2587 533 2636 φάνῳ.
544 2586 601 2624 Μαιι.
611 2584 674 2635 Polyo.
687 2591 716 2633 17.

451 2640 510 2687 Στηλη.
522 2640 586 2688 στήλην
591 2642 636 2679 ἁλός.
645 2638 704 2678 Olem.
713 2638 722 2675 Ι
731 2649 761 2675 11.
770 2637 817 2675 οὗτοι

477 2696 514 2743 έμοί
523 2695 585 2743 στῆλαί
595 2696 643 2732 εἰσιν.
655 2694 698 2744 Igu.
709 2691 785 2730 Philad.
796 2693 826 2730 ό.1

450 2751 538 2799 Στηρίζειν.
571 2749 649 2799 ἐστήριξε
663 2751 687 2799 τῷ
701 2762 816 2796 παντοκράτο·

476 2808 517 2856 ρικῴ
528 2803 623 2852 βουλήματι
634 2805 689 2841 αὐτοῦ.
703 2801 763 2841 Olem.
775 2800 786 2839 Ῑ
797 2803 815 2840 8.

476 2859 530 2906 Ταύτῃ
534 2863 553 2907 τῇ
560 2861 618 2906 ἐντολῇ
627 2889 631 2898 .
639 2889 644 2898 ,
653 2857 771 2906 ,στηρίξωμεν
777 2858 816 2894 ἔαυ-

476 2913 520 2953 τοός.
531 2926 560 2963 13.
589 2914 667 2963 οὐρανοὺς
676 2912 774 2961 ἐστήρισεν.
783 2924 816 2961 33.

476 2969 505 3006 ἐὰν
514 2968 623 3019 ἐστηριγμένη
636 2966 647 3016 ᾗ
661 2968 671 3016 ἡ
685 2968 749 3004 διάνοια
763 2967 816 3015 ἡμῶν.

477 3031 509 3072 35.
530 3025 559 3075 οὗ
572 3024 593 3060 τὰ
607 3025 673 3061 ἑστῶτα
685 3024 777 3072 στηρίζειν.
792 3021 816 3060 Π

477 3091 493 3117 2.
528 3080 561 3129 ἐγὼ
570 3079 603 3116 ὑπὸ
614 3077 694 3123 κίνδυνον,
704 3078 752 3125 ὑμεῖς
763 3078 814 3124 ἐστη-

502 3147 515 3185 Ρ
