1958 3490
310 235 408 279 INDEX
427 234 611 278 FDIPIONUM.
761 233 811 276 lxxv

118 354 180 412 1699,
194 353 287 404 anaiae,
298 352 317 394 8.
338 352 360 394 F
367 351 450 394 Plectra
460 351 597 394 Slaeldoaluao.
819 365 901 409 Ignarus.

203 421 224 463 J.
235 420 260 463 Ε.
272 420 377 473 Grauius,
387 419 410 462 in
422 424 480 463 tomo
489 418 525 481 ¹2⁰1⁰
536 417 643 476 Spioilegii
655 418 749 470 Patrum,
760 416 810 472 upi-

173 491 249 535 stolam
266 489 293 533 ad
311 490 417 533 Romanos
433 490 495 547 juxta
512 488 610 531 Ruinarti
627 487 732 544 exemplar
749 486 811 529 verbo

173 564 235 603 tenus
250 559 353 613 exhibuit,
365 559 474 616 variasque
487 559 587 603 lectiones
600 557 723 601 Usserianas
737 557 761 599 in
776 571 811 599 eu-

171 631 247 688 jusque
257 630 347 687 paginae
356 629 446 672 limbum
456 629 550 686 conjecit.
573 628 701 685 Fragmenta
711 626 812 684 quaedam

174 700 262 753 addidit,
273 716 321 743 cum
335 699 466 743 Praefatione
481 699 506 742 de
521 698 607 756 Ignatio
623 702 644 741 et
659 698 703 755 ejus
716 695 811 754 Scriptis

174 786 208 826 pp.
219 770 296 822 1-26‚
306 772 328 813 et
339 780 458 826 225-230.

119 856 181 911 1714,
194 856 288 909 (laoniae,
299 857 318 899 8.

202 926 284 970 Prodiit
293 926 357 970 editio
367 926 433 969 altera
442 925 522 969 auctior
532 928 553 969 et
563 925 697 969 emendatior.

31 1051 32 1054 η
119 1018 180 1073 1708,
194 1018 272 1071 Oronti,
284 1018 303 1061 8.
322 1019 344 1061 F
352 1019 434 1061 raeaao
445 1018 583 1061 stercolae.

203 1088 301 1132 Ornatus
318 1088 419 1131 Antoniou
439 1088 603 1145 imprimendum
624 1088 705 1131 curavit
725 1103 812 1144 apogra-

173 1158 240 1214 phum
258 1157 341 1201 Codicis
358 1157 449 1201 Medicei
469 1158 495 1201 ab
511 1159 538 1201 A.
547 1158 579 1201 M.
599 1157 699 1211 Salvinio,
717 1157 813 1215 Linguae

175 1228 266 1271 Graecae
280 1228 303 1270 in
318 1227 440 1271 Florentino
455 1228 571 1286 Gymnasio
586 1228 710 1281 Professore‚
722 1227 812 1284 descrip-

174 1302 229 1344 tum.
249 1298 306 1355 (MS.
323 1297 383 1341 Bodl.
401 1300 457 1355 227.)
489 1298 517 1341 In
536 1298 631 1355 margine
648 1301 759 1341 contextus
776 1313 812 1354 ap-

173 1367 244 1424 posuit
259 1368 388 1424 conjecturas
404 1367 493 1410 Salvinii
507 1371 529 1411 et
541 1368 624 1420 Vossii;
645 1368 762 1411 versionem
776 1383 811 1411 ve-

173 1441 240 1481 terem
252 1437 364 1494 castigavit
371 1454 378 1489 3
393 1436 493 1480 versionis
506 1437 598 1494 margini
611 1437 690 1481 adlevit
703 1437 811 1480 citationes

174 1507 286 1559 Ootelerii3
311 1507 357 1563 ipsa
375 1506 420 1549 loca
441 1506 506 1550 citata
527 1506 550 1549 in
571 1507 612 1550 fine
635 1507 684 1550 libri
706 1506 809 1564 apposuit.

173 1576 284 1619 Praemisit
298 1575 408 1633 Polycarpi
422 1575 449 1619 ad
463 1576 606 1633 Philippenses
621 1576 750 1633 Epistolam:
768 1579 810 1619 tres

173 1645 237 1689 etiam
250 1645 441 1702 pseudepigraphas
453 1645 534 1702 Ignatii
544 1645 649 1702 Epistolas
659 1661 711 1702 quae
724 1647 747 1688 in
758 1646 809 1689 Cod.

173 1715 232 1758 Med.
253 1714 393 1767 continentur,
413 1729 488 1771 nempe
508 1715 589 1757 Mariae
609 1714 764 1758 Castabalitidis
784 1715 811 1758 ad

174 1783 291 1840 Ignatium‚
309 1783 390 1839 Ignatii
409 1784 436 1826 ad
454 1783 513 1827 illam
532 1785 667 1840 responsoria,
685 1788 707 1828 et
725 1785 811 1827 tandem

154 1880 156 1883 ·
174 1853 255 1910 Ignatii
268 1853 294 1896 ad
304 1853 414 1896 Tarsenses
427 1852 521 1909 epistola,
532 1869 584 1910 quae
597 1854 682 1911 quidem
696 1855 734 1897 sub
749 1854 812 1897 finem

173 1922 249 1966 mutila
258 1925 296 1975 est,
307 1921 444 1978 publicandas
454 1922 521 1966 duxit.
715 1925 717 1930 ’

203 1992 273 2049 Hujus
289 1990 386 2035 editionis
403 1995 489 2034 centum
504 1992 607 2035 duntaxat
622 1992 748 2049 exemplaria
764 1998 814 2036 sunt

173 2061 268 2104 formulis
286 2060 389 2117 descripta
406 2061 571 2117 typographicis.
603 2061 718 2104 Censuram
734 2062 813 2105 Smithi

171 2130 242 2173 videas
256 2130 283 2173 ad
296 2130 374 2173 calcem
384 2129 536 2173 Chronicorum
547 2131 561 2173 J
562 2131 649 2174 ohannis
661 2131 813 2175 Glastoniensis

173 2200 199 2243 ab
210 2199 303 2243 Hearnio
314 2199 424 2251 editorum,
435 2215 455 2256 p.
463 2200 504 2255 461
513 2216 543 2256 sq.
574 2200 607 2243 Of.
619 2201 667 2244 Act.
678 2201 743 2244 Frud.
755 2201 812 2258 Lips.

172 2286 191 2312 a.
202 2279 264 2327 1713,
274 2284 339 2312 mens.
352 2268 410 2325 Sept.
421 2284 441 2325 p.
451 2282 493 2327 399
503 2285 533 2326 sq.

117 2378 179 2426 1709,
193 2367 271 2419 Occali,
282 2380 302 2421 4.
320 2366 342 2408 F
351 2367 433 2409 raeaao
443 2367 582 2411 stercoratam.

200 2437 290 2480 Tnorms
301 2436 378 2488 Srrrrn,
388 2436 410 2478 S.
418 2436 441 2478 Τ.
449 2436 473 2479 Ρ,
483 2436 535 2479 Coll.
547 2436 572 2478 B.
581 2436 662 2480 Mariae
672 2437 812 2494 Magdalenae

172 2505 223 2549 olim
234 2505 314 2558 Scelus,
324 2520 390 2561 quum
400 2503 514 2547 editionem
524 2520 588 2561 quam
597 2505 719 2558 Pearsonns,
727 2506 811 2550 Vindio.

172 2577 222 2632 Igu.
239 2575 263 2617 P.
274 2574 289 2616 ii
309 2589 353 2631 cap.
367 2585 393 2631 15
410 2590 432 2630 p.
444 2588 494 2632 203,
504 2590 526 2617 se
538 2574 688 2617 adornatarum
700 2580 811 2632 receperat,

171 2660 227 2688 mors
242 2644 396 2700 praevertisset,
408 2644 497 2687 edendas
511 2644 592 2700 accepit
606 2644 752 2691 annotationes
767 2647 811 2702 ejus

171 2714 301 2772 posthumus,
312 2716 334 2756 et
349 2713 435 2756 schedas
448 2713 555 2770 Ledgardi
570 2713 686 2769 complexas
699 2714 811 2759 varietates

171 2784 266 2827 lectionis
277 2798 327 2839 quas
342 2782 392 2826 olim
403 2783 528 2836 Florentiae,
538 2786 614 2839 rogatu
628 2782 731 2836 Pearsoni,
743 2800 754 2827 e
769 2785 810 2828 col-

171 2851 249 2895 latione
259 2851 356 2895 editionis
365 2852 479 2895 Vossianae
489 2855 649 2908 comparaverat.

201 2920 228 2962 In
242 2920 285 2963 ima
299 2921 377 2978 pagina
391 2920 473 2964 addidit
488 2922 615 2978 conjecturas
630 2920 711 2963 criticas
728 2925 750 2964 et
764 2938 810 2979 per-

171 2989 243 3032 brevia
263 2990 357 3034 scholia:
383 2991 480 3047 apposuit
500 2990 616 3035 versionem
636 2994 727 3035 veterem
748 3008 811 3049 quam

599 3060 636 3106 ku
