2017 3420
152 196 186 258 ἐκ

159 342 219 389 Ξημός.
247 341 294 377 ἅτινα
310 339 397 378 πέπτωκεν
412 342 435 381 εἰς
450 342 481 389 τὴν
496 345 528 392 γῆν

186 395 234 444 ξηρά,
251 394 311 434 Olem.
323 395 333 433 I
345 408 375 444 ιη.

159 452 242 499 Ξιφίδιον.
257 451 367 500 κομφέκτορα
373 455 473 499 παραβῦσαι
480 452 527 500 ξιφί-

187 506 229 543 διον.
245 504 303 545 Mam
314 505 377 557 Polyo.
389 507 418 545 16.

159 559 221 597 Ξῦλον.
260 564 358 609 συμβάλετε
382 562 450 600 εὀυτοῦς
473 561 526 614 ξῦλῳ.

187 614 247 654 Olem.
259 615 270 654 I
281 628 311 665 23,
322 621 341 656 et
351 616 373 655 II
383 630 411 657 11.
441 619 450 653 ὁ
465 621 528 666 καρπὸς

186 674 217 708 τοῦ
233 670 292 718 ξῦλου.
307 671 360 721 123.
395 675 528 722 προσκυνοῦντες

186 726 245 765 λίθους
255 727 282 765 καί
291 727 339 772 ξῦλα.
353 727 374 765 Π
384 740 399 766 1.
428 732 462 764 τῶν
471 727 528 775 ὀχλων

186 784 290 832 παραχρῆμα
308 785 438 832 συναγαγόντων
446 812 462 821 ..
472 811 475 820 .
484 781 528 828 ξῦλα

187 838 215 873 καὶ
226 836 311 886 φρῦγανα.
327 836 384 876 Mart.
395 837 458 887 Polyo.
469 849 498 886 13.

159 889 273 940 Ὀγδοήκοντα
279 892 305 929 καί
311 891 331 938 ἓξ
338 893 370 939 ἐτη.
377 891 434 930 Μα1ὀ.
440 891 503 942 Polyc.
508 905 525 942 9.

156 943 237 994 Ὄγδοος.
252 947 287 995 ῶρᾳ
294 947 353 995 ὀγδόη.
363 946 420 985 Mart.
426 945 489 997 Polyc.
495 959 525 984 21.

159 999 215 1039 Ὀδός.
234 1000 296 1047 ίδωμεν
304 1002 348 1039 τίνες
360 1004 377 1039 αῖ
390 1003 426 1039 ὁδοὶ
436 1004 465 1049 τῆς
478 1003 526 1038 εῦλο·

186 1055 229 1104 γίας.
244 1053 303 1093 Olem.
318 1055 329 1093 I
342 1068 373 1104 31.
406 1060 427 1105 τῇ
446 1057 480 1108 ὀδῷ
498 1059 527 1104 τῆς

186 1111 270 1157 ἀληθείας.
287 1120 318 1160 35.
347 1111 393 1158 Αότη
404 1112 414 1159 ἡ
425 1112 464 1150 ὁδὸς
473 1143 476 1150 .
485 1142 489 1149 .
499 1113 528 1148 ,ἐν

186 1163 197 1212 ᾗ
211 1164 281 1215 εὕρομεν
289 1167 309 1204 τὸ
318 1166 408 1216 σωτήριον.
424 1167 455 1216 36.
484 1166 526 1204 όπο·

186 1220 269 1268 πίπτομεν
291 1224 321 1268 τῆς
343 1223 383 1259 ὁδοῦ
404 1224 434 1269 τῆς
457 1222 525 1260 δικαίας.

186 1274 209 1312 Π
221 1284 238 1323 5.
276 1277 331 1323 θῶμεν
346 1277 377 1323 τὴν
395 1278 434 1313 ῦδὸν
452 1277 482 1324 τὴν
500 1277 527 1313 εῦ-

187 1330 238 1368 θείαν.
255 1337 272 1379 7.
301 1331 311 1378 ἡ
323 1332 341 1368 δὲ
352 1332 408 1381 ἀγάπη
420 1333 459 1370 ὁδός
468 1333 478 1378 ἡ
487 1331 526 1368 α’να·

187 1385 266 1434 φέρουσα
282 1387 305 1424 εἰς
321 1388 369 1424 θεόν.
385 1386 427 1437 Ign.
443 1385 491 1437 Eph.
508 1400 525 1436 9.

186 1440 208 1487 μὴ
226 1440 345 1489 προσήκουααί
362 1457 396 1490 μοι,
415 1445 435 1489 τῇ
454 1443 488 1492 ὀδῷ
506 1444 526 1488 τῇ

186 1496 228 1532 κατὰ
237 1496 297 1544 σάρκα.
313 1495 368 1534 Rom.
381 1508 403 1546 9.ι

159 1548 224 1588 Ὀδοῦς.
250 1550 270 1586 δι’
280 1551 353 1588 ὀδόντων
362 1552 424 1600 θηρίων
433 1551 524 1599 ὀληθωμαι.

187 1605 228 1656 Ign.
240 1604 295 1644 Rom.
308 1620 325 1653 4.

158 1659 266 1709 Ὀδῦρεσθοι.
288 1662 311 1699 ῶς
323 1662 349 1698 καὶ
361 1662 401 1700 τοῦς
412 1665 527 1710 περιεστῶτας

186 1715 240 1752 ἐλεεῖν
259 1717 285 1752 καὶ
304 1716 400 1765 ὀδύρεσθαι.
418 1715 475 1754 Mam
491 1715 526 1754 Ρο-

186 1769 221 1820 Ιγο.
234 1782 250 1808 2.

156 1824 212 1862 Ὅθεν.
234 1826 278 1868 ὅθεν,
293 1825 372 1875 ὀδελφοί,
387 1826 525 1875 καταλείψαντες.

187 1878 246 1918 Olem.
261 1879 283 1917 Π
296 1889 313 1927 5.
346 1882 384 1918 ὅθεν
398 1882 524 1931 ἔγγραφον...

187 1936 269 1983 ἱστορίαν.
290 1934 365 1987 Fragm.
381 1934 400 1973 ii.
443 1936 482 1973 ὅθεν
500 1936 526 1972 καὶ

186 1990 256 2037 γράφω.
271 1988 313 2040 Igu.
323 1990 371 2041 Eph.
380 2003 411 2034 21,
421 1989 485 2041 Magn.
495 2000 525 2038 15,

188 2043 264 2094 Smyl‘n.
276 2056 304 2082 12.
325 2046 364 2083 ὅθεν
374 2045 464 2091 δεδεμένος.
476 2044 524 2095 Eph.

189 2098 352 2149 21‚Smyrn.11.
391 2099 430 2136 ὅθεν
448 2101 474 2136 καὶ
496 2101 526 2136 οὐκ

186 2154 289 2201 ι’ίξιόςέἰμι
312 2156 398 2204 λέγεσθαι.
422 2153 477 2193 ΤΓοῙΙ.
496 2167 524 2203 13.

183 2208 236 2245 ’Ὅθεν
245 2210 302 2246 ἐτεσιν
311 2210 375 2258 ὀλίγοις
386 2211 411 2245 ἐ’τι
421 2208 526 2258 παραμένων,

186 2262 245 2302 Mart.
256 2262 299 2314 Ign.
309 2276 324 2301 1.

158 2318 224 2366 Ὀθόνη.
246 2320 305 2368 ῶσπερ
320 2320 371 2366 ὀθόνη
386 2318 453 2356 πλοίου.
469 2317 525 2357 Mart.

186 2373 249 2424 Polye.
260 2383 289 2422 15.

159 2428 209 2475 Οἰαξ.
226 2433 250 2480 τῷ
260 2429 303 2466 οίακι
312 2432 341 2477 τῆς
350 2430 454 2478 προσευχῆς.
468 2426 524 2465 Mart.

186 2483 229 2535 Ign.
240 2497 255 2521 1.

159 2538 236 2577 Οἰεσθαι,
252 2540 330 2587 Οἰῶμεθα
339 2539 365 2576 ότι
374 2539 445 2584 βέλτιόν
452 2539 527 2575 ἔστιντὰ

186 2595 245 2631 ἐνθάδε
256 2597 335 2641 μισῆσαι,
351 2593 410 2632 Olem.
422 2592 445 2631 Π
456 2593 473 2630 6.
499 2594 526 2629 δυ-

186 2650 254 2696 νάμενος
263 2651 336 2698 γράφειν
342 2650 385 2699 ῦπέρ
394 2648 455 2686 τοῦτου
465 2647 526 2699 ᾠήθην.

186 2703 228 2755 Igu.
239 2703 296 2742 Trall.
308 2717 325 2753 3.

160 2760 229 2797 Οἰκεῖος.
253 2762 269 2796 οἰ
283 2761 392 2807 προδίδοντες
406 2760 456 2796 αὐτὸν
470 2758 527 2795 οἰκεῖοι

186 2815 268 2863 ὑπῆρχον.
284 2813 341 2853 Mart.
352 2814 415 2863 Polyc.
425 2814 442 2851 6.

158 2869 288 2915 Οἰκοδεοπότης,
308 2872 362 2907 πάντα
374 2871 407 2918 γὰρ
417 2869 436 2906 ὃν
444 2868 507 2916 πέμπει
517 2869 526 2903 ὀ

185 2925 310 2972 οἰκοδεσπότης.
326 2924 369 2975 Igu.
381 2923 429 2974 Eph.
441 2924 458 2961 6.

159 2979 260 3026 Οἰκοδομεῖν.
279 2980 394 3027 δυνηθίγσεσθε
402 2978 526 3025 οἰκοδομεῖσθαι

186 3035 209 3071 εἰς
217 3035 247 3081 τὴν
254 3035 333 3071 δοθεῖσαν
340 3036 379 3082 ὑμῖν
385 3035 449 3071 πίστιν.
460 3032 523 3083 Polyo.

186 3087 233 3125 Phil.
246 3101 262 3136 3.

398 216 496 260 INDEX
511 214 684 259 VERBORUM

556 341 645 389 Οἰκοδομὴ.
668 341 786 389 ἡτοιμασμένοι
798 342 822 380 εἰς
833 341 922 389 οἰκοδομὴν

583 400 634 435 Θεοῦ.
649 395 691 447 Igu.
703 395 751 448 Eph.
764 409 780 446 9.
809 398 867 434 πᾶσαν
876 396 921 433 οἰκο-

583 452 635 500 δομὴν
643 452 673 499 τὴν
681 452 705 491 εἰς
713 453 743 489 τόν
752 451 814 501 Κύριον
823 451 869 499 ἡμῶν
881 450 919 499 όνη-

582 522 651 545 κουσαν.
668 505 730 557 Polyc.
742 506 789 546 Phil.
801 518 830 555 13.

556 563 657 609 οἰκονομεῖν.
676 563 764 612 ἔγγραφον
771 562 809 611 περὶ
816 562 867 599 αότοῦ
874 563 921 599 ἱστο-

581 617 620 666 ρίαν
635 617 714 667 γενέσθαι
730 617 842 669 ηἰκονόμησεν,
859 615 918 654 Olem.

582 671 658 723 Fragm.
669 671 688 710 ii.

555 729 651 773 Οἰκονομία.
679 729 734 766 πάντα
749 727 782 776 γὰρ
798 726 817 764 ὃν
832 727 895 771 πέμπει
910 728 920 763 ό

582 783 702 830 οἰκοδεσπότης
721 783 744 821 εἰς
761 782 804 819 ἰδίαν
822 781 919 829 οἰκονομίαν.

582 836 624 888 Igu.
641 836 690 887 Eph.
708 837 724 875 6.
758 837 864 887 ε’κυοφορίηθη
887 837 920 874 ὑπὸ

582 892 653 941 Μαρίας,
668 892 702 930 κατ’
715 891 809 939 οἰκονομίαν
822 895 871 930 θεοῦ.
888 892 929 929 Ι8..

582 946 601 993 ἧς
612 945 687 994 ἠρξάμην
700 947 794 993 οἰκονομίας
807 947 831 986 εἰς
842 948 872 984 τόν
884 960 919 983 και-

581 1003 610 1038 νόν
618 1002 706 1050 ἄνθρωπον
715 1001 782 1049 Ἰησοῦν
790 1004 870 1050 Χριστόν.
888 1013 918 1039 20.

581 1057 611 1104 τὴν
625 1059 654 1104 τῆς
669 1057 731 1106 σαρκὸς
747 1056 846 1104 οἰκονομίαν.
861 1055 918 1095 Mart.

581 1109 644 1161 Polyo.
657 1123 673 1149 ν.

554 1166 651 1213 Οἰκονόμος.
679 1167 702 1204 ῶς
721 1169 764 1202 θεοῦ
787 1167 871 1213 οἰκονόμοι
893 1167 920 1203 καὶ

580 1222 666 1271 πάρεδροι.
681 1220 724 1272 Igu.
735 1220 798 1271 Polyc.
811 1221 827 1259 6.

554 1274 609 1314 Οἶκος.
628 1277 650 1313 τὰ
663 1277 705 1313 κατὰ
717 1277 746 1313 τόν
758 1274 803 1313 οἰκον
816 1280 881 1324 σεμνῶς
895 1277 919 1313 οἰ-

581 1334 662 1380 κουργεῖν.
678 1329 738 1369 Olem.
749 1330 759 1367 Ι
770 1343 785 1369 1.
815 1332 833 1368 ἐκ
847 1334 877 1368 τοῦ
894 1330 918 1368 οἰ-

581 1401 610 1423 κον
623 1390 653 1423 τοῦ
666 1387 728 1435 πατρὸς
742 1387 798 1423 αὐτοῦ.
816 1398 845 1423 10.
874 1383 920 1423 οἰκον

580 1442 638 1489 μικρὸν
651 1443 753 1478 καταλιπόν.
768 1439 793 1478 ib.
822 1440 867 1479 ὅπως
881 1455 918 1489 κρε-

580 1497 627 1542 μόση
637 1496 655 1532 ἐκ
664 1499 694 1532 τοῦ
703 1494 754 1532 οἴκου.
767 1507 796 1534 12,
820 1497 882 1534 πιστός
891 1496 918 1532 θε-

580 1552 638 1599 ράπων
647 1551 665 1587 ἐν
673 1550 709 1601 ὅλῳ
718 1553 741 1601 τῷ
751 1550 796 1602 οἴκῳ.
808 1562 839 1599 43.
854 1549 919 1588 Ἀσπό-

581 1607 629 1652 ζομαι
638 1605 678 1644 τοῦς
686 1604 741 1644 οἰκους
750 1610 783 1642 τῶν
791 1605 872 1654 ἀδελφῶν
880 1620 918 1653 μου.

581 1659 623 1711 Ign.
635 1659 709 1710 Smyrn.
721 1672 750 1709 13.
773 1660 879 1707 Ἀσπάζομαι
890 1662 920 1697 τόν

581 1714 626 1753 οἰκον
632 1713 707 1754 Ταουΐας.
720 1714 744 1753 ib.
766 1716 798 1752 σῦν
805 1715 843 1765 ὅλῳ
849 1718 873 1765 τῷ
880 1713 919 1765 οἴκῳ

581 1771 637 1817 αὐτῆς.
654 1769 717 1820 Polyc.
734 1771 751 1807 8.
789 1770 824 1807 κατ’
838 1767 883 1807 οἶκόν
900 1785 919 1806 τε

580 1825 718 1873 παννοχίσαντες.
733 1823 844 1875 Μο1111311.
856 1832 873 1873 7.

554 1880 650 1928 Οἰκουμένη,
662 1880 677 1926 ἡ.
700 1883 733 1917 τῶν
746 1881 787 1917 κατὰ
801 1881 831 1927 τὴν
844 1880 919 1926 οἰκουμέ-

581 1950 610 1981 νην
628 1935 726 1981 ἐκκλησίων.
748 1933 805 1972 Mart.
821 1933 883 1985 Polyc.
900 1944 917 1982 5.

580 1992 647 2036 ἁπάσης
664 1991 693 2037 τῆς
714 1991 756 2027 κατὰ
775 1991 805 2037 τὴν
823 1989 919 2037 οἰκουμένην

581 2046 669 2092 κοθολικῆς
684 2046 780 2091 ἐκκλησίας.
795 2046 812 2081 8.
848 2044 918 2092 ποιμένα

580 2101 609 2146 της
624 2100 665 2136 κατὰ
678 2100 708 2147 τὴν
722 2099 817 2147 οἰκουμένην
831 2100 919 2146 καθολικῆς

581 2154 676 2200 ἐκκλησίας.
694 2166 723 2203 19.

555 2209 657 2257 Οἰκουργεῖν.
677 2210 698 2245 τὰ
710 2210 752 2245 κατὰ
761 2210 790 2246 τὸν
800 2206 844 2245 οἰκον
853 2212 919 2254 σεμνῶς

581 2264 673 2312 οἰκουργεῖν
682 2264 783 2300 ἐδιδάσκετε.
798 2261 856 2301 Olem.
868 2263 878 2300 I
888 2275 903 2300 1.

554 2317 665 2366 Οἰκοφθόρος,
688 2319 709 2355 Οἰ
720 2318 818 2368 οἷκοφθόροι
828 2317 919 2363 βασιλείαν

581 2375 625 2409 θεοῦ
648 2373 667 2409 οῦ
690 2372 852 2422 κληρονομήσουσιν.
874 2372 917 2423 Ign.

581 2426 629 2478 Eph.
643 2428 671 2464 16.

555 2483 648 2532 Οἰκτιρμός.
678 2483 809 2532 ἐπιστρέψωμεν
830 2483 858 2519 ἐπὶ
879 2483 919 2521 ποῦς

581 2538 674 2586 οἰκτιρμοῦς
683 2540 739 2575 αὐτοῦ,
754 2536 813 2576 Glem.
822 2537 856 2586 19.
875 2538 918 2585 ἡμᾶς

581 2593 619 2630 τοῦς
635 2594 790 2642 προσπεφευγότος
804 2595 839 2630 τοῖς
855 2593 917 2641 οἰκτιρ-

581 2651 618 2694 μοῖς
630 2649 686 2685 αὐτοῦ.
702 2660 732 2685 20.
761 2648 771 2694 ἡ
783 2648 826 2695 πρὸς
836 2648 865 2684 τὸν
876 2649 919 2685 θεὸν

581 2704 608 2738 καὶ
630 2704 669 2740 τοῦς
691 2704 748 2751 ἁγίους
771 2702 806 2750 μετ’
829 2703 918 2752 οἰκτιρμῶν

581 2758 633 2803 μνεία.
649 2758 679 2806 56.

554 2812 652 2861 Οἰκτίρμων,
673 2813 693 2849 ‘0
707 2814 796 2861 οἰκτίρμων
809 2813 850 2849 κατὰ
863 2813 917 2850 πάντα

583 2868 684 2916 ...Πατήρ
700 2866 821 2915 Olem.123.

554 2922 638 2969 Οἰνόμελι.
653 2923 745 2970 θανάσιμον
751 2924 841 2971 φάρμακον
846 2922 918 2959 διδόντες

579 2978 621 3023 μετὰ
630 2977 737 3025 οἰνομέλιτος.
754 2975 860 3028 Ign.T1·all.
870 2976 887 3013 6.

554 3029 599 3069 Οἰος.
619 3031 654 3069 οἵαν
660 3033 727 3083 τροφὴν
734 3034 775 3081 ἐ’χει.
791 3030 850 3070 Glem.
858 3030 880 3068 Π
886 3043 915 3068 10.

580 3085 606 3123 οἶά
615 3103 640 3125 τις
649 3089 751 3138 ἐφθέγξατο.
767 3087 808 3139 Ign.
817 3086 893 3137 Fragm.
903 3084 915 3123 i.
