1958 3490
330 242 372 285 AD
379 247 381 251 ’
388 240 582 293 CORINTHIOS,
592 240 636 282 xlii.
787 239 829 283 155

134 353 200 413 certa
220 358 327 426 Spiritus
344 357 429 409 Sancti
442 356 532 406 fiducia
546 355 637 423 egressi
653 355 718 413 sunt,
736 373 830 405 annun-

134 440 226 490 ciantes
241 436 311 504 regni
322 436 371 487 Dei
387 436 528 486 adventum.
563 435 611 484 Per
626 433 738 500 regiones
754 434 831 500 igitur

134 524 160 567 et
179 516 252 566 urbes
274 513 377 564 verbum
399 512 574 581 praedicantes,
596 511 718 580 primitias
740 530 830 571 earmn,

134 594 229 662 Spiritu
251 611 329 660 quum
350 592 501 660 probassent,
517 591 648 659 >episcopos
670 596 697 641 et
718 590 832 641 diaconos

132 691 218 723 eorum
238 672 281 739 qui
297 672 413 722 credituri
431 676 507 730 erant,
521 670 707 721 constituemnt.
743 669 831 736 Neque

132 751 177 802 hoc
197 751 297 818 quidem
316 768 409 801 novum
428 749 573 800 institutum
590 747 748 818 ibit-mustis
765 747 830 797 enim

131 836 197 880 retro
220 829 322 880 saeculis
344 829 375 880 de
398 827 516 896 episcopis
539 833 565 878 et
585 826 692 878 diaconis
711 825 830 893 scriptum

131 909 227 969 fuerat;
252 908 286 958 sic
306 907 371 957 enim
393 906 483 958 aficubi
502 905 562 956 dicit
582 905 715 972 Scriptura,
737 903 939 959 Consti-asarum.

132 996 201 1038 taam
210 986 336 1054 episcopos
345 1004 429 1038 corma
438 984 465 1036 ia
471 984 579 1053 justitia,
587 993 608 1035 et
620 983 738 1034 diaconos
746 1001 830 1050 eorum

132 1065 160 1116 ia
168 1066 230 1132 fide.

130 1229 169 1269 tori
197 1229 383 1269 Commentariorum
413 1229 464 1269 inter
491 1233 511 1268 et
525 1227 606 1269 Diaconi
621 1227 738 1268 nominatim
756 1242 827 1268 memo-

131 1283 246 1336 Hieronymi
270 1284 333 1336 Opera
361 1298 463 1324 susorum:
491 1283 670 1328 rantur-SOUST.

129 1338 178 1379 item
190 1338 233 1379 Act.
247 1354 275 1378 xx
290 1342 320 1388 28,
335 1339 464 1379 Pseudo-Hie·
519 1341 536 1378 8.
547 1339 654 1387 Καταστήσω
663 1339 702 1378 τοὺς
713 1337 823 1393 ἐπισκόπους]

130 1407 211 1445 ronymo
228 1394 257 1433 illi
274 1394 300 1433 ad
315 1394 326 1432 I
342 1394 390 1434 Tim.
407 1394 429 1433 iii
445 1397 463 1442 8,
491 1391 618 1446 interpretes..
629 1393 684 1432 LXX
706 1392 777 1433 habeut
799 1396 827 1432 καὶ

130 1448 250 1489 Theodoreto
267 1449 293 1488 in¹
306 1449 464 1501 interpretatione
491 1450 542 1486 δώσω
554 1450 598 1488 ποὺς
609 1448 704 1499 Ἀρχοντάπ
722 1464 755 1486 σου
770 1451 787 1487 ἐν
803 1451 826 1487 εἰ·

130 1517 195 1543 versus
208 1504 266 1556 primi
275 1503 374 1555 Epistulae
385 1504 410 1543 ad
418 1504 462 1543 Phi·
489 1503 536 1554 ρὴνῃ,
547 1505 572 1541 stt
585 1504 625 1543 rote
636 1504 752 1542 Ἐπισκόπους
763 1520 796 1542 σου
807 1506 826 1542 ἐν

129 1557 230 1610 lippenses,
245 1563 264 1598 et
280 1558 366 1598 Maximo
384 1559 409 1597 ad
426 1558 462 1597 ini·
490 1559 591 1605 δικαιοσύνῃ.
634 1558 706 1597 Textus
724 1557 784 1597 Hebr.
808 1565 826 1597 et

128 1612 178 1652 tium
194 1613 286 1652 Goelestis
301 1613 429 1663 Hierarchiac,
441 1626 464 1652 ao
487 1626 562 1663 portam
574 1619 716 1652 sesaminum
726 1626 799 1663 pacans,
809 1620 826 1652 et

129 1666 173 1706 libri
196 1668 220 1706 de
238 1667 313 1707 Divinis
332 1668 463 1717 Nominibus3
490 1673 584 1707 aquatores
587 1667 693 1719 justitiam.
721 1667 827 1720 Vulgatet

129 1726 227 1773 praeterea
242 1722 254 1761 I
267 1722 316 1761 Tim.
329 1722 351 1762 iii
366 1736 376 1761 a
392 1727 411 1762 et
425 1723 462 1762 Tit.
487 1735 562 1772 pronam
576 1722 706 1761 visitationem
721 1728 777 1761 tumn
788 1737 826 1774 pc-

129 1776 358 1826 i7,Theodoret0eidem.
374 1777 463 1829 Denique
490 1790 533 1825 cent,
549 1783 566 1816 et
578 1777 698 1828 praepositos
711 1783 754 1816 tuos
767 1777 827 1829 jasti-

128 1832 246 1882 πρεσβὺπερον
255 1845 275 1871 se
288 1832 371 1883 appellat
379 1830 463 1884 Aposto-
490 1831 543 1870 tiam.
558 1832 612 1871 Vers.
621 1831 663 1883 Syr.
670 1839 827 1872 censoremtwum

128 1885 158 1924 lus
167 1886 241 1935 Petrus,
248 1886 353 1939 itidemque
359 1886 464 1939 Apostolus
490 1886 607 1926 sacreum
620 1900 695 1938 paceni,
709 1893 727 1926 at
743 1888 827 1939 praesto·

128 1940 241 1990 Johannes3
264 1944 284 1981 et
302 1941 313 1979 I
331 1941 379 1981 Tim.
400 1941 420 1981 iv
438 1955 463 1990 14
490 1947 533 1980 taut
550 1948 607 1981 tuum
623 1955 701 1992 pacem.
723 1942 826 1982 DeHam-

128 1995 270 2047 Presbyterium
283 1996 307 2044 de
320 1997 383 2048 primo
398 1996 463 2037 Sacer·
490 1996 561 2035 mondo
576 2001 595 2036 et
604 1996 681 2036 Morino
693 1996 761 2038 asserit
770 1997 826 2038 oote-

128 2049 176 2089 dotii
194 2051 256 2102 gradu
274 2056 373 2103 exponunt
389 2051 463 2103 antiqui
490 2050 554 2101 lerius,
564 2051 615 2103 quod
628 2052 677 2091 alter
687 2051 829 2092 Olementinam

128 2104 256 2157 interpretes;
271 2106 292 2144 in
305 2105 404 2146 aliisverc
416 2106 463 2146 locis
490 2105 593 2145 lectionem
610 2106 668 2146 fuisse
689 2106 764 2147 Codicis
787 2115 829 2160 quo.
848 2117 849 2120 ’

128 2158 252 2212 Presbyteros
260 2174 294 2200 seu
304 2160 397 2211 Seniores,
404 2161 463 2201 inter·
490 2161 594 2201 utebantur
602 2160 697 2213 Apostoli,
704 2166 762 2214 atque
770 2163 826 2202 hodi-

127 2213 174 2253 dum
185 2215 254 2255 volunt
268 2229 308 2255 esse
324 2229 408 2256 summos
424 2217 463 2269 pri·
491 2229 547 2254 emec
557 2230 597 2256 esse
606 2216 762 2268 praeferendam
774 2218 824 2269 [adv.

127 2282 206 2322 mosque
230 2270 347 2320 Sacerdotes,
366 2272 464 2311 interdum
491 2271 584 2311 Blomlell.
602 2271 681 2311 Dissert.
696 2271 716 2311 iv
731 2281 749 2322 7,
767 2288 780 2313 v
795 2272 822 2327 7.]

127 2323 238 2365 Sacerdotes
252 2325 350 2366 inferiores
363 2340 386 2366 ao
396 2340 462 2366 secun·
490 2326 539 2365 alter
553 2327 665 2378 decerptum
677 2340 717 2365 esse
729 2328 781 2378 quod
794 2328 838 2367 hic

126 2378 176 2429 dos,
190 2380 329 2432 observantque
341 2395 463 2434 seepenume·
489 2381 560 2420 citatur
568 2395 593 2420 ex
605 2382 654 2421 libro
666 2381 730 2433 aliquo
739 2382 779 2422 sive
789 2383 824 2422 Sa-

126 2447 153 2483 ro,
168 2435 336 2476 indiscriminatim
353 2437 414 2476 solere
430 2451 463 2489 ap·
489 2449 522 2475 oro
541 2437 581 2476 sive
596 2435 717 2487 Apocrypho,
734 2438 766 2488 qui
784 2451 823 2476 non

125 2489 193 2539 pellari
209 2490 314 2543 Episcopus
328 2496 348 2530 et
361 2492 462 2544 Presbyte-
489 2494 553 2531 exstat
561 2490 623 2539 hodie,
632 2491 754 2530 existimavit.
774 2490 822 2546 [Ex-

125 2556 162 2583 ros.
178 2545 288 2594 Quinetiam
298 2560 323 2585 ex
329 2551 393 2587 mente
401 2547 461 2599 Ohry-
488 2546 541 2585 ercit.
552 2546 601 2585 Bibl.
612 2546 622 2583 I
634 2545 655 2583 ix
665 2548 694 2595 4,]
725 2545 769 2597 Ipse
784 2547 822 2586 Oo-

125 2600 204 2638 sostomi
219 2601 244 2639 ad
260 2601 342 2653 Philipp.
358 2602 365 2641 i
380 2616 388 2651 r
405 2602 461 2642 initio
487 2600 565 2640 telerius
583 2601 683 2652 conjuncta
704 2600 762 2640 fuisse
783 2602 822 2640 duo

126 2651 267 2694 Christianismi
281 2657 317 2696 sub
331 2657 461 2696 Diaoouorum
488 2656 555 2695 Esaiae
564 2654 674 2695 testimonia
682 2655 703 2693 lx
715 2664 737 2705 17
753 2660 772 2695 et
781 2657 822 2696 lxvi

125 2708 202 2747 nomine
226 2710 331 2763 Episcopos
351 2713 412 2752 'etiam
439 2726 461 2751 ac
490 2724 512 2749 21
528 2711 556 2749 ἀπ’
568 2713 622 2748 αὐτῶν
635 2710 713 2760 λήψομαι
725 2711 781 2760 ‘repas
795 2714 822 2750 καὶ

125 2759 248 2814 Presbyteros
266 2766 396 2818 designabant.
405 2799 407 2801 .
417 2766 460 2806 00-
487 2763 561 2805 Λευΐτας,
582 2765 624 2816 Ego
633 2777 678 2803 sane
688 2764 777 2805 existimo
784 2766 821 2805 Oo-

125 2814 180 2856 TEL.
209 2818 268 2859 Forte
283 2821 342 2860 etiam
356 2822 460 2874 Episcopos
486 2819 586 2858 lomesium
603 2833 644 2858 rem
662 2819 753 2871 attigisse,
769 2823 821 2873 apud

124 2873 201 2910 tantum
209 2886 232 2912 ac
241 2874 337 2916 Diaconos
350 2877 382 2916 hio
395 2891 459 2917 recen·
487 2888 544 2926 quem
556 2874 593 2913 hoc
604 2874 677 2913 deloco
689 2874 717 2913 ita
725 2875 820 2927 legimus:

125 2929 159 2974 set,
168 2932 248 2978 propter
257 2930 324 2971 Esaiae
338 2932 401 2972 locum
414 2946 461 2971 mox
488 2929 541 2969 ‘Vix
554 2929 618 2981 itaque
632 2929 723 2979 dubitem,
736 2932 783 2982 quin
797 2933 820 2972 B.

124 2979 149 3019 ab
158 2993 181 3020 eo
189 2981 275 3034 citatum,
285 2985 305 3024 in
319 3000 357 3038 quo
371 2987 460 3040 Episcopi
488 2988 492 3006 ‘
503 2984 590 3025 Clemens
598 2985 661 3024 locum
674 2984 729 3025 illum
742 2992 765 3027 ut
774 2987 822 3028 alios

525 3062 563 3093 X2
