1975 3455
319 235 464 278 mussona
472 235 511 287 Π,
523 235 565 279 viii.
748 237 791 282 247

95 378 143 410 aon
155 355 282 412 morietur,
294 362 315 401 ot
327 351 394 418 tyois
406 369 490 402 eorum
505 369 554 401 ooo
570 351 737 416 castiopuctur
744 372 752 408 ‚·
769 360 791 401 et

95 445 166 487 eruut
177 434 205 483 iu
216 431 336 481 visionem
348 428 416 479 omui
426 428 505 479 curui

128 511 203 564 VIII.
221 507 346 572 Quamdiu
364 525 421 575 ergo
439 506 553 557 interris
573 506 692 574 degimus,
710 508 791 574 poeni-

95 592 199 645 tentiam
215 605 323 656 agamus.
357 587 451 636 Lutum
469 585 560 653 quippe
578 603 663 636 sumus
678 585 705 635 in
717 601 901 636 manunomnn.

95 666 194 718 artificis
204 685 211 726 3
233 663 437 731 quemadmodum
458 663 522 713 enim
540 663 638 730 figulus,
658 664 679 713 si
697 682 741 714 vas
758 646 884 732 fe.{f}·6f‘v¹¹¹

94 748 161 805 ecrit,
181 743 291 810 illudque
313 743 340 791 in
361 742 474 793 manibus
494 742 554 809 ejus
565 742 698 792 distortum
717 743 793 793 fuerit

95 830 140 875 aut
157 823 297 880 contritium
315 838 399 871 rursus
419 822 500 888 ipsum
519 820 636 889 refingit;
654 821 693 872 sin
709 827 793 872 autem

95 901 308 970 praeoccupaverit
326 899 388 950 iilud
407 900 506 951 mittere
528 900 555 949 in
577 900 699 950 fornacem
721 900 792 968 ignis,

91 982 145 1049 jam
161 998 211 1030 non
228 978 332 1047 amplius
349 979 375 1029 id
390 979 509 1046 corriget:
527 979 564 1029 ita
575 985 601 1029 et
612 997 663 1039 nos,
675 978 793 1046 quamdiu

96 1054 186 1109 sumus
202 1058 229 1107 in
251 1057 297 1108 hoc
318 1057 416 1116 mundo,
439 1057 470 1107 de
491 1056 562 1107 maiis
585 1069 647 1125 quae
670 1057 696 1107 in
721 1076 793 1108 carne

95 1136 222 1204 gessimus,
234 1154 266 1185 ex
276 1141 330 1186 toto
345 1136 415 1186 corde
430 1136 606 1203 resipiscamus,
618 1141 648 1186 ut
659 1154 675 1185 a
686 1136 792 1186 Domino

96 1215 223 1274 salvemur,
232 1214 292 1265 dum
298 1219 397 1280 tempus
405 1214 571 1281 poenitentiae
579 1214 702 1265 habemus.
721 1215 792 1265 Post-

96 1312 170 1360 quam
188 1292 253 1351 enim
270 1310 283 1341 e
300 1292 536 1351 mundo'exivimus,
553 1308 602 1342 non
616 1293 721 1360 amplius
737 1311 792 1360 pos-

96 1389 181 1422 sumus
198 1371 233 1421 ibi
248 1370 363 1429 confiteri,
375 1377 420 1421 aut
430 1371 607 1438 poenitentiam
623 1372 702 1422 adhue
713 1390 791 1439 agere.

97 1451 185 1513 Quare,
197 1450 290 1509 fratres,
302 1450 455 1501 voluntatem
466 1450 547 1501 Patris
563 1451 687 1511 facientes,
701 1457 727 1501 et
742 1470 792 1501 car-

78 1525 80 1527 *
97 1551 153 1595 nem
170 1538 296 1582 servantes
312 1539 410 1591 castam,
424 1538 450 1582 et
464 1532 580 1583 mandata
595 1532 696 1582 Domini
712 1538 792 1581 custo-

56 1746 57 1749 =
98 1722 148 1759 ‘tus
178 1717 217 1757 Hic
229 1718 269 1758 vita
282 1722 316 1758 aut
329 1718 431 1763 amittitur,
459 1722 571 1771 ‘praeterea
581 1718 701 1767 daemonnm,
710 1731 792 1770 poenam

98 1777 145 1813 ‘aut
154 1777 236 1813 tenetur.
256 1772 430 1813 Hiosalutiacter-
458 1774 531 1813 ‘finem
548 1773 657 1813 habituram
675 1786 721 1822 esse,
737 1773 792 1812 resti·
813 1809 815 1813 .

98 1832 148 1867 ‘nae
159 1828 213 1867 cultu
225 1828 263 1867 Dei
276 1833 296 1868 et
309 1828 373 1868 fructu
386 1828 432 1868 fidei
458 1831 575 1881 ‘tutumque
588 1828 665 1868 iritum
676 1828 747 1880 impios
759 1827 793 1867 ho-

98 1882 236 1935 ‘providetun’
264 1881 290 1937 [p
307 1885 344 1933 196
361 1883 381 1922 T.
401 1884 430 1922 ed.
459 1884 534 1923 ‘mines
542 1888 585 1923 tum
599 1883 700 1923 daemones
714 1883 734 1922 in
745 1883 793 1935 pris-

98 1938 154 1988 reli]
170 1937 296 1977 Succedentes
302 1938 368 1977 Patres
374 1937 432 1977 multi
459 1938 536 1978 ‘tinum
545 1938 633 1977 ordinem
639 1938 707 1987 suum,5
713 1938 791 1978 censuit.

98 1997 143 2032 sunt
152 1993 172 2031 in
181 1993 216 2031 hae
226 2007 253 2041 re,
263 1993 323 2032 donec
336 1993 432 2032 lucrosum
459 1993 513 2033 Haeo
522 1993 573 2032 enim
586 1993 627 2033 sine
638 1993 715 2045 praevia
728 1993 794 2045 poeni-

98 2047 207 2099 Purgatorii
223 2047 298 2099 dogma,
314 2048 385 2087 vicaria
400 2062 430 2087 su·
458 2048 520 2088 tentia
529 2048 606 2088 admitti
615 2052 718 2100 nequeunt.
743 2048 793 2087 Rur-

58 2125 59 2128 =
98 2102 200 2154 perstitum
209 2103 279 2142 merita
286 2108 381 2142 terrarum
391 2103 432 2142 orbi
459 2116 539 2154 sumque
553 2103 600 2142 dum
613 2116 693 2142 numero
706 2103 793 2155 sequenti

98 2157 135 2195 sibi
147 2157 238 2209 vitiisque
252 2158 324 2197 faventi
337 2171 433 2197 commen·
460 2159 555 2208 docemur,
564 2159 639 2197 nullum
652 2162 696 2211 post
708 2157 757 2197 hane
765 2158 793 2197 vi-

99 2212 158 2256 deret,
172 2217 191 2252 et
199 2212 266 2252 venale
280 2213 354 2253 eoelum
367 2213 432 2253 hastae
459 2217 500 2253 tam
515 2226 612 2265 superesse
628 2217 704 2265 tempus
719 2213 739 2251 in
755 2227 793 2264 quo

99 2267 226 2307 submitteret,
241 2267 314 2307 FELL.
460 2268 522 2307 sanari
534 2268 635 2318 valeamus,
649 2268 682 2307 illa
695 2268 716 2306 in
729 2268 794 2319 pristi-

127 2335 144 2372 9,
162 2324 180 2360 ἐν
195 2327 215 2371 τῇ
232 2325 282 2373 σαρκὶ
298 2324 309 2360 ἃ
327 2321 431 2373 ἐπράξαμεν]
460 2337 507 2362 num
525 2323 611 2362 ordinem
627 2323 735 2363 revertendi
750 2336 793 2374 spes

99 2376 269 2429 Legendun1‚ti’t
284 2380 383 2428 ἐπράξαμεν,
398 2377 433 2417 im-
460 2378 524 2430 impiis
533 2391 609 2429 prorsus
619 2378 710 2417 aufertur⁴
725 2377 793 2428 Neque

99 2431 156 2470 missa
174 2432 320 2484 praepositione,
337 2446 390 2485 quae,
408 2434 433 2472 ob
460 2433 522 2472 minus
530 2432 618 2484 Origenis
625 2432 649 2471 de
656 2432 793 2471 resurreetione

99 2486 182 2537 syllabae
200 2488 331 2538 praecedentis
345 2487 433 2527 similitu·
460 2487 530 2540 placito
539 2487 663 2526 adversantur
672 2499 720 2538 quae
729 2486 753 2525 de
762 2500 793 2525 ea-

100 2541 169 2591 dinem,
183 2542 260 2583 videtur
275 2543 371 2582 excidisse.
387 2542 433 2582 DA·
460 2540 791 2593 demmoxsubjieinntur.OOUST.

100 2595 151 2636 vis.
180 2597 226 2637 Post
240 2601 304 2648 πονηρά
320 2598 369 2637 addo
384 2598 434 2646 μισή-
461 2598 530 2637 Nonne
539 2596 663 2636 adversantur
671 2596 718 2635 haee
727 2596 793 2635 eadem

100 2667 154 2698 σομεν
163 2654 194 2699 καί,
204 2653 235 2691 vel
244 2655 352 2702 ἐντῇσαρκὶ
361 2653 434 2702 μισήσο-
462 2652 621 2692 scholasticorum
644 2651 741 2689 doctrinae
769 2651 793 2690 de

100 2709 170 2754 μενκαί.
187 2707 254 2747 Burs.
461 2705 591 2758 Purgatorioi
615 2705 685 2744 Nonne
704 2718 793 2757 praever-

130 2762 435 2815 12.οὐκέτιδυνάμεθα]Ηὶηορωθ-
461 2766 529 2801 tantur
542 2760 600 2800 etiam
614 2760 705 2812 figmenta
721 2760 753 2799 iila
769 2761 794 2799 de

100 2815 182 2855 vertitur
192 2816 281 2869 Origenis
290 2831 349 2868 error,
358 2832 402 2870 quo,
412 2822 435 2856 ut
462 2816 563 2855 Missurum
572 2814 672 2863 sacrifieiis,
678 2815 747 2866 quibus
753 2816 794 2855 vul-

100 2869 185 2921 loqnitnr
207 2872 334 2921 iustinianns
356 2878 402 2913 tom,
422 2887 435 2911 v
462 2870 794 2924 godicebatanaoerdotemofferre

101 2924 172 2964 Oouoii.
189 2926 235 2965 Lab.
250 2941 268 2979 p.
286 2929 324 2966 666
337 2928 360 2976 A,
376 2928 434 2967 ‘Om-
462 2925 559 2966 Christum
570 2925 590 2963 in
605 2924 735 2964 remissionem
750 2940 795 2978 poe-

101 2981 106 2999 ‘
116 2980 170 3019 nium
184 2982 287 3033 impiorum
300 2982 405 3032 hominum,
415 2986 434 3022 et
461 2985 538 3020 uacant
548 2980 613 3032 cnlpae
627 2993 662 3032 pro
671 2979 720 3020 vivis
732 2986 752 3021 et
761 2982 794 3021 de-
