1931 3420
263 261 300 305 ΕΤ
315 256 541 307 FORMULARUM.

30 415 31 418 ,
46 375 77 414 οὖν
85 374 157 424 κεφαλὴ.
176 385 204 412 11.
235 374 263 411 καὶ
271 374 353 423 λέγεσθαι
363 373 392 411 δύ-

47 444 101 478 ναμαι.
120 428 176 466 Rom.
193 440 210 477 3.
249 431 304 478 σιγῶν
320 428 391 466 πλείονα

47 483 119 522 δύναται.
135 481 209 521 Philad.
222 494 238 520 1.
267 481 290 520 Εἴ
301 498 327 520 τις
340 482 390 521 δύνα-

46 554 74 576 ται
93 538 111 574 ἐν
129 537 187 585 ἁγνεία
205 537 264 584 μένειν.
289 536 353 587 Polye.
371 545 389 586 5.

46 592 65 632 δς
81 591 171 639 δυνήσεται
187 591 280 641 θεοδράμος
295 592 389 629 καλεῖσθαι.

47 655 64 696 7.
99 647 130 682 οὐκ
141 645 223 693 ἠδυνήθην
231 647 304 696 γράψαι.
320 646 338 683 8.
374 648 390 683 οί

45 702 77 749 μέν
95 701 182 748 δυνάμενοι
198 701 259 746 πεζοὺς
274 700 348 749 πέμψαι.
363 699 388 739 ib.

46 754 128 792 δύνασθαι
151 754 253 803 ἐξαλείφειν.
276 754 353 806 Fragm.
369 753 388 793 ii.

46 811 70 848 εἷς
83 811 103 846 τδ
117 809 190 856 διηνεκές
203 808 278 847 ἐδύνατο.
293 808 332 848 viii.
361 809 389 847 δύ-

46 878 92 901 ναται
115 864 262 911 κατακολουθῆσιιι
283 867 304 911 τῇ
327 863 387 913 σοφία.

46 917 109 968 Polyo.
121 916 169 955 Phil.
181 930 198 967 3.
223 919 332 968 ὠφεληθῆναι
341 918 389 966 δυνή-

46 972 105 1010 σεσθε.
122 983 151 1021 13.
182 973 197 1009 εί
211 973 292 1020 δυνηθείη,
307 975 317 1010 ὁ
330 972 389 1022 τύραν-

45 1042 78 1065 νος.
95 1025 152 1065 Mart.
164 1026 227 1077 Polyc.
240 1039 256 1065 2.
285 1026 356 1075 ἠδύνατο
365 1028 389 1066 εἲς

45 1080 103 1130 ἕτερον
121 1080 186 1130 χωρίον
204 1081 289 1119 ἀπελθεῖν.
306 1089 324 1130 7.
365 1082 388 1129 μη

46 1134 128 1172 δύνασθαι
138 1138 229 1183 σιωπῆσαι.
240 1135 265 1174 ib.
288 1137 330 1184 μηδὲ
339 1136 388 1173 ἀκου-

45 1190 106 1237 σθῆναί
115 1205 152 1226 τινα
163 1189 249 1229 δύνασθαι.
266 1191 284 1228 8.
312 1194 347 1229 πῶς
360 1190 389 1228 δά·

45 1259 95 1291 νομαι
107 1246 246 1292 βλασφημῆσαι,Ι
262 1258 279 1295 9.
308 1246 328 1282 οὗ
339 1246 387 1282 δυνά-

44 1314 95 1346 μενον
107 1300 159 1336 αὐτοῦ
172 1300 193 1336 τδ
207 1303 257 1347 σῶμα
295 1300 388 1347 δαπανηθῆ-

45 1368 76 1389 ναι.
94 1353 123 1390 16.
152 1356 191 1390 οὔτε
209 1355 239 1391 τδν
254 1356 329 1403 Χριστόν
347 1369 388 1392 ποτε

45 1410 143 1445 καταλιπεῖν
161 1408 272 1455 δυνησόμεθα.
290 1416 319 1457 17.
361 1411 388 1458 Τῷ

45 1462 130 1512 δυναμένῳ
145 1464 208 1501 πάντας
226 1463 268 1510 ἡμᾶς
285 1463 386 1512 εἰσαγαγεῖν.

46 1527 76 1553 20·

17 1571 96 1609 Δυνατθς.
125 1570 135 1617 ἢ
148 1571 219 1617 δυνατὸς
232 1576 297 1620 γνῶσιν
309 1572 385 1618 ἐξειπεῖν.

45 1622 104 1663 Olem.
123 1624 133 1662 I
150 1627 181 1672 48.
223 1626 262 1663 ἀλλ’
281 1628 296 1663 εἷ
318 1627 389 1663 δυνατόν

44 1679 82 1716 ἐστι
105 1680 147 1725 μηδὲ
170 1683 258 1718 συναντᾶν.
277 1680 353 1731 Smyr‘n.
369 1692 386 1727 4.

44 1733 84 1770 ἔνθα
95 1735 118 1771 ὡς
130 1735 201 1771 δυνατὸν
211 1735 250 1781 ἡμῖν
261 1734 386 1785 συναγομένοις.

44 1786 102 1826 Mart.
113 1788 177 1838 Polyc.
188 1791 217 1827 18.

17 1841 57 1879 Δύο.
92 1844 125 1890 οὐχ
143 1842 172 1880 ἕνα
190 1844 229 1880 οὐδὲ
247 1843 385 1881 δύο-..πόνους

44 1894 103 1935 Olem.
115 1896 126 1934 Ι
138 1906 154 1945 5.
191 1898 211 1934 δι’
226 1897 244 1934 ἐν
259 1898 269 1945 ἢ
286 1897 316 1934 δύο
332 1900 387 1946 πράσ-

44 1966 86 1989 ωπα.
99 1959 129 2000 47.
159 1951 189 1988 δύο
200 1953 264 2001 ἐχθροί.
274 1951 297 1989 Π
308 1952 324 1990 6.
353 1956 388 1988 τῶν

44 2005 74 2042 δύο
85 2008 136 2055 φίλοι
149 2004 194 2044 εῖναι.
206 2005 230 2044 ib.
260 2008 284 2043 Τὰ
295 2006 326 2043 δύο
338 2007 357 2043 δέ
369 2006 387 2043 ἐν

44 2060 96 2098 ἐστιν.
110 2072 139 2098 12.
168 2062 195 2097 καί
212 2061 229 2097 έν
245 2062 286 2098 δυσὶ
302 2063 385 2108 σάμασιν.

43 2113 68 2152 ib.
101 2115 118 2152 ἐν
133 2119 167 2152 τῶν
182 2114 217 2152 δύο.
236 2115 277 2167 Ign.
294 2114 343 2166 Eph.
357 2127 385 2153 11.

43 2167 124 2206 ἐπίκειται
139 2171 160 2206 τὰ
177 2169 207 2207 δύο
223 2173 270 2217 ὁμοῦ.
287 2169 352 2221 Magn.
368 2178 385 2218 5.

43 2224 123 2272 παιδάρια
136 2224 172 2263 δύο.
188 2224 245 2264 Mart.
260 2224 299 2263 Pol.
313 2225 330 2263 6.
359 2225 387 2262 ἐπὶ

43 2277 74 2315 δύο
82 2280 133 2327 4ὥρας.
146 2287 165 2328 7.

17 2334 162 2382 Δυσθεμάπευτος.
192 2334 221 2373 οδς
230 2335 256 2371 δεῖ
265 2335 307 2382 ὑμᾶς
316 2335 386 2382 φυλάσ-

44 2388 112 2431 σεσθαι,
123 2388 172 2427 ὄντας
181 2388 332 2438 δυσθεραπεύτυυς.
343 2388 385 2439 Ign.

43 2440 121 2492 Eph.7.

16 2495 75 2534 Δύσις.
93 2496 145 2545 κήρυξ
151 2499 249 2546 γενόμενος,
259 2528 262 2535 .
271 2498 297 2535 ,ἐν
304 2500 325 2544 τῇ
333 2496 385 2534 δύσει,

43 2549 103 2589 Olera.
115 2550 126 2588 I
137 2560 154 2599 5.
183 2552 212 2589 ἐπὶ
222 2553 242 2588 τδ
253 2550 306 2600 τέρμα
315 2553 345 2598 τῆς
357 2550 386 2587 δύ-

43 2621 92 2643 σεως.
105 2604 129 2644 ib.
160 2607 184 2644 εἷς
196 2605 246 2643 δύσιν
259 2606 292 2643 ἀπὸ
305 2606 388 2652 ἀνατολῆς

43 2662 201 2709 μεταπεμψάμενος.
217 2660 259 2711 Igu.
271 2660 326 2698 Rom.
339 2672 355 2698 2.

16 2712 112 2753 Δύσκολος.
133 2716 170 2762 ἐμοὶ
179 2716 198 2752 δέ
207 2714 292 2752 δύσκολόν
301 2716 348 2752 ἐστιν
357 2717 387 2751 τοῦ

43 2772 87 2805 Θεοῖ
97 2770 189 2817 ἐπιτυχεῖν.
200 2768 242 2820 Ign.
251 2769 309 2807 Rom.
318 2781 335 2807 1.
359 2770 387 2806 ἐάν

42 2839 79 2862 πως
90 2823 224 2870 μετανοήσωσιν·
240 2824 282 2873 ὅπερ
295 2823 385 2861 δύσκολον.

43 2876 119 2928 Smyrn.
129 2890 146 2925 4.

15 2933 148 2981 Δυσφύλακτυς.
171 2933 268 2982 ἐπισφαλές
277 2933 310 2983 γάρ
317 2934 337 2970 τὸ
347 2934 385 2979 κτη-

42 3002 65 3033 μα
75 2988 102 3025 καὶ
112 2986 238 3035 δυσφύλακτον.
254 2987 297 3039 Ign.
308 2986 384 3039 Fragm.

41 3054 66 3079 Vl.

14 3097 100 3135 Δυσωδία.
130 3097 215 3134 δυσωδίαν
231 3099 261 3144 τῆς
277 3097 386 3134 διδασκαλίας

759 262 789 306 ίβ

446 377 476 411 τοῦ
496 374 579 423 άρχυντος
596 376 626 410 τοῦ
644 373 703 412 αίῶνος
720 372 786 411 τούτου.

446 428 488 479 Ign.
499 426 547 479 Eph.
560 436 588 476 17.

419 484 492 521 Δώδεκα.
531 482 571 521 τοὺς
593 483 657 519 δώδεκα
680 482 785 531 φυλάρχους.

446 535 569 586 Olem.I43.

418 592 578 640 Δωδεκάσκηπτρον.
607 591 657 637 ἐδόθη
668 591 713 641 αὐτῷ
722 591 742 627 τδ
754 591 786 627 δω-

445 647 572 695 δεκάσκηπτρον
588 648 619 682 τοῦ
632 644 708 694 Ἰσραήλ.
726 642 785 684 Olem.

445 700 455 738 I
465 712 497 749 31.

417 756 516 793 Δωδέκατυς
540 754 558 791 ἐν
581 753 647 801 Σμύρνη
671 753 784 803 μαρτυρησας.

444 808 502 847 Mart.
513 808 577 859 Polyc.
590 821 619 858 19.

417 864 548 912 Δωδεκάφυλον.
577 864 597 900 τὸ
617 864 739 912 δωδεκάφυλον
756 865 786 899 τοῦ

443 918 519 967 Ἰσραήλ.
535 916 595 956 Olem.
606 916 617 955 Ῑ
627 925 660 966 55.

417 974 509 1021 Δωμάτιον,
541 973 560 1009 ἕν
573 987 605 1009 τινι
619 972 697 1022 δωματίῳ
711 971 786 1009 κατακεί-

443 1042 497 1074 μενον.
514 1025 571 1065 Μαιδ.
582 1025 646 1077 Polyc.
658 1034 675 1075 7.

416 1083 479 1131 Δωρεά.
508 1084 544 1120 ταῖς
554 1112 557 1120 .
566 1112 570 1119 .
580 1080 742 1130 ,ὑπερβαλλούσαις
756 1081 785 1117 αὐ-

442 1139 473 1173 τοῦ
487 1137 557 1185 δωρεαῖς
571 1138 600 1183 τῆς
610 1135 685 1184 εἰρήνης.
702 1134 761 1173 Olem.
774 1134 785 1173 Ῑ

446 1202 475 1239 19.
504 1191 532 1228 ἐπὶ
545 1193 581 1228 τοῖς
595 1189 745 1239 ὑπερβαλλούσαις
758 1191 786 1227 καὶ

443 1245 517 1291 ἐνδόξοις
534 1243 604 1294 δωρεαῖς
622 1245 678 1282 αὐτοῦ.
696 1256 725 1293 23.
764 1245 785 1281 τὰ

442 1301 523 1347 μεγαλεῖα
537 1302 570 1335 τῶν
583 1298 612 1336 ὑπ’
625 1299 676 1335 αὗτυῧ
692 1298 785 1345 δεδομένων

443 1354 514 1403 δωρεῶν.
531 1365 562 1402 32.
601 1353 647 1391 ὅπως
663 1355 786 1401 μεταλάβωμεν

442 1411 476 1444 τῶν
503 1408 632 1457 ἐπηγγελμένων
659 1408 730 1456 δωρεῶν.
751 1415 782 1457 35.

442 1462 556 1511 ἀντιλέγοντες
574 1464 594 1509 τῇ
613 1462 667 1511 δωρεᾷ
685 1464 716 1498 τοῦ
733 1465 782 1499 θεοῦ.

442 1515 486 1567 Igu.
504 1514 578 1567 Smyrn.
597 1523 614 1565 7.
657 1517 675 1553 ἐν
692 1519 712 1563 τῇ
732 1517 784 1553 αὐτοῦ

441 1572 498 1620 χάριτι
519 1572 546 1607 καὶ
567 1571 626 1620 δωρεᾷ.
644 1569 701 1609 Mart.
719 1569 782 1621 Polyc.

444 1637 473 1663 20.

415 1681 488 1728 Δωρεάν.
508 1680 572 1728 δωρεάν
581 1679 610 1716 οὖν
619 1678 727 1726 ἀποθνήσκω.
739 1678 782 1730 Ign.

442 1733 497 1772 Trall.
511 1746 538 1772 10.

415 1793 479 1837 Δῶρον.
507 1788 537 1826 Ὣς
548 1789 620 1837 μακάρια
629 1789 656 1825 καί
665 1788 754 1835 θαυμαστά
762 1789 784 1825 τά

441 1843 487 1892 δῶρα
495 1846 526 1880 τοῦ
535 1846 585 1880 Θεοῦ.
596 1840 676 1881 Οίθῑυ.Ῑ
687 1851 717 1891 35.
744 1843 784 1881 τοὺς

441 1897 531 1944 ἀμέμπτως
547 1899 574 1934 καί
592 1898 645 1935 ὁσίως
661 1899 783 1946 προσενεγκάν-

440 1967 471 1990 τας
480 1952 501 1989 τὰ
510 1953 560 2000 δῶρα.
577 1964 608 1999 44.

414 2006 461 2043 Ἐιῖν.
489 2006 570 2054 μηθαμῶς
578 2010 629 2043 τοῦτο
638 2007 688 2043 ἐάσαι
697 2009 706 2043 α’
716 2009 784 2044 Δεσπό-

441 2076 476 2107 της.
488 2060 565 2099 olem]
576 2073 607 2109 33.
636 2062 679 2098 ἐάτω
688 2061 719 2110 ὑφ’
726 2061 784 2110 ἑτέρου

442 2117 501 2153 ἐαυτὸν
514 2116 641 2165 μαρτυρεῖσθαι.
657 2117 687 2164 38.
717 2116 784 2163 ἐαθῆνοι

442 2170 493 2217 αὐτὴν
506 2171 586 2216 ἐξελθεῖν.
600 2179 631 2218 55.
660 2170 670 2217 ἡ
684 2170 740 2219 ἀγάπη
755 2171 785 2207 οὐκ

442 2225 461 2272 ἐᾷ
474 2240 495 2271 με
509 2227 579 2262 σιωπᾶν.
594 2224 636 2275 Igu.
648 2223 697 2275 Eph.
709 2237 726 2274 3.
755 2225 784 2263 οὓς

442 2280 472 2315 οὐκ
481 2280 549 2316 εἰάσατε
559 2282 627 2327 σπεῖραι
637 2280 660 2317 εἷς
668 2280 715 2326 ὑμᾶς.
732 2292 749 2328 9.

414 2333 496 2382 Ἐαρινός.
525 2335 585 2382 Καιροὶ
599 2335 660 2382 ἐαρινοὶ
674 2335 701 2370 καὶ
715 2333 782 2381 θερινοί.

442 2386 501 2425 olem.
513 2386 523 2424 Ι
535 2399 565 2425 20.

414 2441 490 2479 Ἑαυτοῦ,
519 2442 558 2480 τοὺς
568 2441 630 2490 άνδρας
641 2443 708 2479 ἑαυτῶν.
721 2440 780 2480 Olem.

442 2495 477 2533 ΙΙ.
507 2496 575 2533 ἑαυτοὺς
589 2494 747 2542 ὑπομιμνήσκοντες.
764 2503 781 2545 7.

442 2550 547 2598 στηρίξωμεν
556 2549 629 2588 ἑαυτούς.
642 2562 670 2598 13.
700 2550 783 2597 ἐπιδῶμεν

441 2604 513 2642 ἑαυτούς.
532 2616 560 2651 14.
592 2605 691 2651 συμβάλετε
714 2606 783 2643 ἑαυτοὺς

441 2658 492 2708 ξύλῳ.
510 2670 539 2707 23.
567 2657 595 2696 Cf.
614 2658 680 2696 IIII.
730 2661 783 2706 σηκὸν

441 2714 494 2763 ἐαυτῷ
508 2716 557 2751 ποιεῖ,
575 2713 605 2750 26.
634 2713 685 2761 μέρος
703 2713 783 2761 ἐποίησεν

441 2769 499 2818 ἐαυτῷ,
516 2779 546 2816 29.
575 2768 595 2803 οὗ
606 2768 626 2804 δι’
636 2769 699 2804 ἑαυτῶν
710 2768 782 2806 δικαιού-

440 2822 488 2869 μεθα.
505 2833 535 2870 32.
564 2825 584 2868 τῇ
604 2823 663 2858 ἐαυτοῦ
681 2824 782 2871 προστάξει.

442 2889 472 2925 33.
501 2879 531 2923 τῆς
544 2877 604 2913 ἑαυτοῦ
619 2877 686 2914 εἰκόνος.
701 2876 726 2915 ib.
756 2879 783 2928 ἐρ-

440 2946 476 2980 γαις
491 2932 550 2967 εἀυτδν
566 2930 658 2978 κοσμήσας.
673 2929 698 2969 ib.
730 2933 784 2982 ἀπορ-

440 2986 523 3034 ρίψαντες
548 2985 579 3033 ἀφ’
601 2987 669 3024 ἑαυτῶν.
688 2995 719 3035 35.
761 2989 784 3035 μὴ

440 3042 493 3090 ἐαυτῷ
502 3071 506 3079 .
515 3071 519 3078 .
527 3069 531 3078 .
540 3040 570 3088 ὑφ’
580 3040 638 3090 ἐτέρου
651 3042 711 3090 ἑαυτὸν
721 3058 784 3092 μαρτυ-

440 3095 511 3144 ρεῖσθαι,
529 3095 558 3144 38.
590 3096 659 3135 ἑαυτοὺς
682 3099 784 3145 βουλόμενοι

468 3149 496 3187 f2
