1931 3420
297 235 335 278 111
350 236 575 281 FORMULARUM.
621 277 622 282 ,

57 357 170 409 Παραχρῆμα.
199 358 233 392 τῶν
249 354 306 402 όχλων
323 357 425 404 παραχρῆμα

84 412 220 461 συναγαγόντων.
230 407 288 447 Mart.
299 408 364 460 Polye.
377 421 406 459 13.

57 468 150 518 Πάρεδρος.
165 466 187 503 ὡς
197 467 242 501 Θεοῦ
251 465 336 512 οἶκανόμοι
345 464 372 501 καὶ
380 464 424 513 πάρ-

83 523 135 572 εδροι.
146 520 188 571 Ign.
199 517 262 569 Polyc.
275 519 293 556 6.

56 579 143 626 Παρεῖναι.
158 574 178 611 ‘O
188 577 221 611 τῶν
228 575 316 623 παρόντων
322 572 423 620 αἶσθητικός.

83 630 142 670 Olem.
153 628 232 679 Fragm.
243 627 269 666 iii.
290 629 349 677 παρὼν
358 629 424 678 ἤγειρεν

82 685 143 723 αὐτοῦς
156 684 174 721 έκ
187 686 254 733 νεκρῶν.
265 681 314 734 Igu.
329 681 423 733 Mag11.9.

82 742 164 789 παρόντες
171 738 194 776 είς
201 738 253 784 δόξαν
258 741 308 775 θεοῦ.
314 749 322 775 1
327 745 345 786 5.
360 738 423 785 Μηδεὶς

82 794 112 832 οὖν
126 797 161 831 τῶν
176 794 264 842 παρόντων
278 793 324 841 ὑμῶν
340 791 423 839 βοηθείτω

82 850 132 899 αὐτῷ.
142 847 198 886 Rom.
207 855 224 896 7.
246 847 285 894 μηθὶ
293 847 314 884 δν
323 847 356 897 ἐγὼ
365 847 424 896 παρὼν

81 904 174 952 παρακαλῶ
183 902 232 949 ὑμᾶς.
242 900 267 940 ib.
292 902 356 940 ἀπόντα
365 917 386 948 με
395 899 422 939 καί

82 959 158 1007 παρόντα
178 955 283 1006 ήγαπήσατε.
307 954 382 1007 Smyrn.
402 968 421 1005 9.

82 1010 166 1050 Ἀκούσας
173 1011 192 1047 δὲ
198 1011 259 1049 αὐτοὺς
266 1013 355 1061 παρόντας.
363 1009 421 1049 Mart.

84 1065 147 1117 Polyc.
159 1073 177 1115 7.
211 1066 328 1113 θαυμαζόντων
342 1069 376 1103 τῶν
390 1080 422 1103 πα-

81 1123 146 1172 ρόντων
154 1120 184 1167 τήν
192 1120 258 1167 ἡλικίαν
267 1121 324 1158 αὐτοῦ.
334 1118 359 1159 ib.
389 1123 423 1157 τῶν

81 1174 167 1224 ἡμετέρων
175 1176 191 1211 ol
203 1176 291 1224 παρόντες.
302 1187 319 1224 9.
347 1175 394 1222 ἡμεῖς
403 1174 422 1211 δὲ

82 1231 124 1268 κατὰ
133 1230 153 1266 τδ
162 1230 364 1278 παρὸν...μεμηνάκαμεν.
376 1241 407 1267 20.

56 1284 183 1334 Παρεκβαίνειν.
211 1284 232 1321 οῦ
242 1284 351 1333 παρεκβαίνει
360 1285 381 1321 τὰ
391 1299 420 1321 πε-

81 1338 185 1389 ριτεθειμένα
205 1339 247 1386 αὐτῇ
265 1339 339 1388 κλεῖθρα.
360 1337 421 1377 Olem.

82 1392 93 1432 I
109 1405 140 1431 20.
169 1393 192 1441 μή
208 1394 324 1442 παρεκβαίνων
338 1395 369 1430 τὸν
383 1395 422 1443 δρι-

82 1448 236 1495 σμένον...κανόνα.
248 1459 280 1495 41.

55 1502 169 1552 Παρέκβασις.
198 1503 217 1540 έν
229 1501 297 1550 ὁμονοίᾳ
312 1502 352 1550 δίχα
366 1503 423 1549 πάσης

81 1558 210 1606 παρεκβάσεως.
221 1555 283 1595 Clem.
293 1555 305 1594 I
316 1568 348 1595 20.

55 1611 166 1661 Παρεμβολή,
191 1612 224 1657 ἔξω
234 1613 264 1659 τῆς
273 1613 384 1661 παρεμβολῆς
392 1611 421 1660 ηὖ-

82 1666 175 1713 λίαθησαν.
195 1665 254 1704 Olem.
271 1664 282 1703 I
297 1678 314 1714 4.
353 1666 377 1704 είς
393 1665 423 1713 τήν

82 1720 193 1770 παρεμβολήν
201 1725 235 1758 τῶν
241 1720 352 1770 άλλοφῦλων.
363 1727 395 1768 55.

56 1775 189 1823 Παρεμπλέκειν.
221 1777 242 1812 Οἱ
260 1773 341 1824 ’ίκαιροὶί
359 1789 422 1824 παρεμ-

81 1829 174 1867 πλέκουσιν
182 1829 201 1868 ¹1.
212 1835 233 1867 X.
243 1829 287 1881 Igu.
297 1828 355 1867 Trall.
366 1829 384 1868 6.

55 1886 185 1933 Παρεπιδημεῖν.
203 1884 233 1923 Τίς
241 1886 274 1934 γὰρ
283 1883 422 1934 παρεπιδημήσας

82 1939 125 1987 πρὸς
134 1939 200 1986 ὑμᾶς...
210 1952 217 1988 3
231 1937 290 1977 Olem.
301 1938 313 1976 Ι
323 1950 339 1976 1.

56 1992 181 2042 Παρέρχεσθαι.
209 1994 237 2031 καὶ
249 1994 297 2031 οῦδὲν
308 1993 331 2041 μή
344 1991 420 2041 παρέλθῃ

81 2051 116 2084 τῶν
125 2048 287 2098 δεδογματισμένων.
298 2045 359 2086 Glem.
370 2046 420 2095 127.

81 2103 104 2139 Αἱ
116 2104 173 2151 γενεαί
185 2105 240 2141 πᾶσαι
252 2103 285 2141 ἀπὸ
295 2102 420 2151 Ἀδίιμ...παρ-

81 2157 139 2202 ήλθον.
150 2165 181 2205 50.

55 2212 145 2260 Παρέχειν.
167 2213 270 2261 παρέχονται
279 2212 318 2250 τοὺς
327 2212 370 2261 πρὸς
380 2212 422 2258 ζωῆς

81 2265 176 2315 ἀνθρώποις
193 2266 262 2314 μαζοός.
283 2264 342 2305 Olem.
361 2264 372 2303 I
390 2277 420 2303 20.

81 2319 112 2367 τήν
122 2321 190 2370 ἀγάπην
200 2322 265 2361 αῧτῶνι
274 2351 278 2360 .
287 2320 337 2367 .’ίσην
348 2320 421 2369 παρεχέ-

81 2389 144 2412 τωσαν.
163 2387 193 2413 21.
223 2379 256 2414 Kal
273 2379 325 2413 τοῦτο
340 2375 358 2413 έν
369 2374 421 2424 τόπερ

81 2430 183 2479 περιστέρας
194 2429 278 2480 παρέαχε.
293 2429 369 2480 Fragm.
379 2427 420 2468 viii.

82 2483 163 2532 ξενισμὸν
171 2488 252 2535 παρεῖχεν
260 2484 270 2533 'l
280 2486 355 2531 καινότης
364 2485 419 2521 αὐτοῦ.

82 2536 124 2588 Igu.
145 2538 194 2590 Eph.
212 2552 240 2588 19.
276 2541 334 2577 Πλέον
351 2553 380 2587 μοι
397 2537 420 2585 μή

82 2594 202 2642 παράσχησθε.
212 2593 270 2632 Rom.
279 2606 296 2632 2.
325 2595 368 2631 θεὸς
377 2592 419 2630 έται-

81 2662 113 2695 μος
123 2648 148 2686 είς
159 2650 179 2686 τὸ
190 2651 291 2699 παρασχεῖν.
302 2646 378 2699 Smyrn.
390 2658 420 2685 11.

81 2702 152 2751 παρέξει
166 2706 175 2740 α’
189 2704 250 2753 Κόριος
264 2704 351 2741 ἐπιτελεῖν.
362 2701 419 2740 Mart.

81 2753 145 2807 Polyc.
157 2759 186 2796 18.

54 2810 172 2859 Παρθενεόειν.
208 2812 239 2849 κόν
256 2810 353 2862 παρθενείιη.
376 2809 418 2862 Ign.

81 2862 160 2917 Fragm.
170 2866 196 2905 ix.

54 2920 145 2968 Παρθενία.
174 2922 207 2958 Καί
222 2922 285 2959 ἔλαθεν
300 2922 330 2959 τὸν
345 2921 420 2970 όρχοντα

81 2977 112 3011 τοῦ
125 2976 183 3014 αι’ὣνος
196 2975 257 3013 τούτου
270 2975 280 3023 ή
293 2973 373 3025 παρθενία
382 2981 419 3011 Μα-

80 3027 124 3077 ρίας.
143 3028 186 3081 Igu.
201 3029 251 3081 Eph.
265 3042 293 3079 19.
328 3029 421 3078 Παρθενίας

82 3083 137 3132 ζυγόν.
148 3083 225 3136 Fragm.
235 3083 261 3123 vi.

789 239 818 285 95

452 356 543 406 Παρθένας.
581 355 700 405 γεγενημένον
712 355 779 403 άληθῶς
801 358 819 393 ἐκ

479 412 569 460 παρθένου.
591 410 634 461 Ign.
653 409 729 460 Smyrn.
745 423 761 449 1.
789 413 819 449 τίις

479 466 574 515 παρθένους
594 466 625 503 τός
644 466 739 515 λεγομένας
759 465 818 515 χήρας.

482 532 511 569 13.
540 521 574 558 Τάς
585 519 679 569 παρθένους
691 520 709 556 έν
717 519 780 570 άμώμιρ
792 521 819 557 καί

479 577 520 624 ἁγνῇ
531 573 628 621 συνειδήσει
640 576 742 623 περιπατεῖν4
754 573 817 626 Polyc.

478 627 526 668 Phil.
538 637 557 677 5.

451 683 535 732 Παριέναι.
565 686 575 720 ό
591 682 655 732 νωθρὸς
670 684 696 720 καί
714 683 817 732 παρειμένος.

478 736 538 777 Olem.
558 737 570 775 I
589 749 621 786 34.
649 736 691 785 μήτε
710 739 820 786 παρειμένους

478 791 519 830 εἶναι
528 793 556 830 ἐπί
565 794 599 830 πᾶν
607 792 658 842 ἔργον
666 792 735 841 άγαθόν,
746 791 772 830 ib.

450 849 562 897 Παριστόναι.
599 846 681 895 σταφυλή
696 850 817 896 παρεστηκυία.

477 901 601 950 Οίοαι,Ια3,
615 904 635 939 el
649 900 715 940 1111.
744 905 780 940 πῶς
793 905 818 953 τῷ

476 956 557 1005 θελήματι
567 958 618 994 αὐτοῦ
627 958 758 1005 λειτουργοῦσιν
765 972 817 1006 παρε·

476 1015 545 1051 ατῶτες.
558 1024 591 1061 34.
605 1012 711 1060 παραστῆναι
720 1014 745 1062 τῷ
753 1010 818 1059 βήματι

475 1069 506 1104 τοῦ
515 1068 597 1116 Χριστοῦ.
605 1064 669 1116 Polye.
678 1064 727 1103 Phil.
737 1066 755 1103 6.
772 1081 817 1115 παρ.

476 1125 542 1158 εατῶτα
555 1124 579 1172 τῷ
589 1120 653 1171 Κυρίῳ.
664 1119 728 1171 Magn.
740 1119 784 1171 Ign.
796 1128 815 1170 γ’.

476 1176 566 1225 παρεστὼς
579 1176 593 1212 δ’
603 1174 665 1223 Κύριος
678 1176 738 1223 ὡμίλει
752 1176 815 1214 αὐτοῖς.

476 1229 533 1269 Mart.
546 1229 609 1281 Polyc.
621 1241 638 1267 α.

449 1284 556 1335 Παροδεόειν,
572 1284 642 1333 Ἕγνων
651 1284 669 1321 δὲ
679 1284 817 1333 παροδεόσαντάς

476 1354 522 1378 τινας
535 1339 603 1377 ἐκεῖθεν.
618 1338 661 1389 Ign.
675 1336 724 1389 Eph.
736 1351 754 1388 9.
783 1343 817 1376 τῶν

476 1394 570 1441 δεξαμένων
583 1408 604 1441 με
613 1424 616 1432 ,
625 1424 629 1432 .
638 1420 641 1430 .
650 1394 683 1442 οὐχ
696 1394 719 1432 ὣς
732 1393 815 1443 παροδεύ-

476 1463 522 1486 οντα.
532 1447 588 1487 Rom.
602 1460 618 1497 9.
647 1449 674 1485 διίι
683 1446 773 1486 Φιλίππων
781 1463 814 1485 πα-

475 1503 554 1552 ρώδευεν.
565 1501 621 1541 Mart.
633 1501 676 1553 Igu.
687 1510 704 1550 5.

449 1558 533 1607 Πάροδος,
561 1557 639 1606 Πάροδός
649 1558 689 1594 ε’στε
698 1561 732 1594 τῶν
741 1557 765 1595 εἷς
773 1557 817 1593 θεὸν

476 1612 602 1661 ἀναιρουμένων.
613 1610 656 1662 Ign.
668 1610 717 1662 Eph.
731 1623 762 1649 12.

449 1669 543 1716 Παροικεῐν.
571 1666 594 1704 Ἠ
608 1665 689 1713 ἐκκλησία
701 1669 732 1703 τοῦ
746 1668 790 1702 θεοῦ
805 1665 815 1712 ή

470 1717 581 1770 ’παροικοῦσα
590 1720 659 1768 Ῥώμην,
668 1723 688 1767 τῇ
698 1720 789 1768 ἐκκλησίᾳ.
797 1748 814 1759 ..

476 1774 615 1826 τῇπαροικαόση
630 1775 716 1824 Κόρινθον.
732 1773 792 1813 Olem.
805 1773 816 1812 I

476 1828 537 1868 Insor.
568 1833 589 1877 τῇ
603 1829 685 1877 ἐκκλησίᾳ
698 1832 729 1866 τοῦ
739 1832 783 1866 Θεοῦ
795 1832 815 1876 τῇ

476 1883 581 1933 παραικοόση
588 1885 688 1922 Φιλίππους.
695 1882 759 1934 Polyc.
767 1882 815 1922 Phil.

475 1937 536 1977 lusor.
563 1939 587 1976 ‘H
605 1939 736 1986 ε’κκλησία,..ή
757 1954 816 1988 παροι-

475 1996 529 2031 κοῦσα
543 1993 624 2044 Σμύρναν,
638 1997 659 2040 τῇ
675 1993 766 2040 ἐκκλησία,
774 2024 778 2031 .
787 1996 815 2041 ,τῇ

475 2047 580 2097 παραικοόαῃ
598 2049 616 2086 έν
634 2048 737 2098 Φιλομηλίιμ,
755 2047 813 2086 Mart.

475 2101 540 2153 Polyc.
551 2102 611 2142 Inscr.

449 2159 537 2206 Παραικία.
566 2157 700 2207 καταλείψαντες
712 2157 743 2204 τήν
756 2172 815 2206 παροι-

476 2213 514 2249 κίαν
522 2215 553 2250 τοῦ
564 2215 629 2260 κόσμου
638 2211 704 2250 τούτου.
720 2210 781 2249 Olem.
791 2209 814 2249 Π

477 2276 494 2314 5.
522 2268 586 2306 πόσαις
600 2269 635 2305 ταῖς
644 2296 660 2305 ..
670 2268 711 2313 ,τῆς
725 2267 815 2314 καθολικής

476 2322 566 2368 ἐκκλησίας
574 2321 671 2370 παροικίαις.
682 2319 741 2358 Mani.
749 2319 813 2371 Polyc.

475 2373 537 2413 Ιαςοο.

448 2429 567 2478 Παροξυσμός.
594 2429 638 2467 Τοίνς
649 2429 771 2477 παροξυσμοὺς
783 2429 812 2476 έμ-

475 2486 547 2533 βροχαῖς
555 2486 604 2521 παῦε.
614 2482 659 2533 Ign.
669 2482 734 2533 Polyc.
747 2495 765 2521 2.

448 2538 543 2587 Παραυαία.
567 2539 598 2585 τήν
606 2538 700 2585 παρουσίαν
709 2540 740 2574 τοῦ
750 2538 813 2587 Κυρίου

475 2592 526 2640 ἡμῶν.
536 2590 581 2643 Ign.
591 2590 665 2630 Philad.
677 2603 694 2640 9.

448 2647 543 2696 Παρρησία.
571 2646 592 2683 ‘0
607 2647 670 2696 ἀγαθὸς
684 2647 756 2696 ἐργάτης
771 2648 813 2694 μετὰ

475 2701 570 2750 παρρησίας
595 2702 678 2749 λαμβάνει
703 2702 733 2738 τὸν
755 2701 812 2750 άρτον.

475 2754 533 2794 Clem.
549 2754 560 2792 I
575 2767 607 2804 34.
635 2757 659 2791 Τό
674 2754 751 2803 κοῦχημα
766 2755 814 2803 ήμιῦν

474 2810 501 2847 καί
514 2810 524 2857 ἡ
538 2810 625 2860 παρρησία
638 2810 683 2847 ἔστω
697 2810 715 2847 ἐν
725 2810 776 2861 αὐτῷ.
786 2808 811 2849 ib.

473 2863 544 2912 ἀλήθεια
562 2866 580 2901 έν
596 2863 688 2914 παρρησία.
708 2872 740 2913 35.
771 2867 813 2912 μετὰ

473 2918 568 2968 παρρησίας
577 2918 631 2956 άκουε,
639 2917 698 2957 Mart.
706 2918 771 2971 Polyc.
781 2932 812 2960 10.

447 2973 601 3023 Παρρησιόζεσθαι.
621 2975 755 3022 παρρησιάζεται
765 2975 813 3025 θερά-

474 3043 511 3066 πων
519 3028 561 3077 πρὸς
571 3027 637 3077 Κύριον.
647 3027 707 3068 Olem.
718 3028 730 3068 I
740 3039 772 3081 53.

447 3083 530 3131 Πόσχειν.
557 3084 644 3127 βασάνους
653 3084 681 3121 διίι
689 3086 742 3132 ζήλου
750 3086 813 3124 παθόν-
