1931 3420
303 238 340 281 ΕΤ
355 238 579 282 uouMuuAuuu.

61 352 152 401 Ὁλεθρος.
180 350 238 389 λίεται
256 355 266 390 ὀ
285 353 356 402 ὁλεθρος
373 355 431 392 αὐτοῦ.

92 405 134 458 Igu.
143 404 227 457 Eph.13.
248 408 271 446 εἷς
278 410 352 454 παντελῆ
361 408 432 457 ὀλεθρον

92 462 188 511 ἀπάγουσιν
196 460 270 500 ἑαυτούς.
285 460 361 513 Fragm.
370 461 382 500 i.

64 516 138 566 Ὀλίγος.
162 515 213 565 ὀλίγα
221 518 311 565 πρόσωπα.
327 515 386 555 Olem.
395 516 406 555 I
415 529 429 555 1.

92 572 110 608 ἐν
118 572 170 621 καιρῷ
182 569 236 620 ὀλίγη)
248 571 271 609 εἰς
283 571 363 621 πέπειραν
372 587 430 609 καταν-

91 629 118 673 τᾷ.
132 638 162 674 23.
182 623 208 662 ἵνα
215 625 237 672 μὴ
245 625 266 662 δι’
272 626 341 675 ὀλίγους
348 627 429 676 άφρανας.

91 681 133 731 Igu.
144 678 201 717 Trull.
213 681 231 718 8.
264 680 289 717 Δι’
299 681 362 730 ὀλίγων
375 696 429 731 γραμ-

90 736 147 783 μάτων
156 734 232 782 αἰτοῦμαι
241 735 290 782 ὑμᾶς.
305 734 359 774 Rom.
371 738 388 774 8.
409 736 429 772 δι’

90 789 153 838 ὀλίγων
171 789 213 836 ὑμᾶς
235 791 337 838 γραμμάτων
357 792 430 840 παρεκά-

28 841 29 844 “
90 847 141 882 λεσα.
152 842 215 893 Ροίγο.
225 850 242 891 7.
264 844 379 892 λωφήσαντος
387 846 430 894 πρὸς

90 899 149 947 ὀλίγον
158 901 188 934 τοῦ
201 899 279 947 διωγμοῦ,
295 897 352 937 Mart.
360 899 402 951 Igu.
412 911 428 937 1.

90 955 147 1002 ἔτεσιν
161 952 226 1001 ὀλίγοις
242 954 267 990 ἔτι
282 954 391 1002 παραμένων.
403 953 427 991 Ib.

91 1008 117 1045 καί
140 1005 214 1055 διέτριβε
234 1008 271 1055 μετ’
285 1008 352 1058 ὀλίγων.
370 1007 427 1047 Mart.

91 1060 154 1112 Polyo.
171 1068 189 1109 5.
231 1065 281 1111 Πῦρ.
291 1093 294 1101 .
306 1063 356 1110 ,μετ’
371 1064 429 1112 ὀλίγον

90 1115 207 1164 σβεννύμενον.
225 1127 255 1154 11.

62 1171 196 1220 Ὁλιγοχρόνιος,
213 1171 222 1218 ἡ
230 1171 307 1219 ἐπιδημία
315 1173 362 1223 ἐντῷ
370 1175 428 1220 κόσμῳ

90 1224 144 1275 τούτῳ
153 1227 183 1272 τῆς
192 1227 255 1274 σαρκδς
264 1225 348 1273 ταύτης..
358 1227 427 1275 ,ὀλιγο-

90 1281 162 1328 χρόνιος.
178 1278 237 1317 Olem.
253 1280 275 1318 II
290 1289 307 1328 5.
335 1281 357 1318 τὰ
371 1282 429 1318 ἐνθάδε

92 1365 95 1372 .
104 1364 108 1371 .
118 1334 181 1384 ,μικρά
190 1335 216 1371 καὶ
225 1334 340 1384 ὀλιγοχρόνια.
356 1336 373 1374 6.

62 1389 187 1438 Ὀλιγὸψυχος.
209 1388 231 1436 μή
246 1405 282 1427 τινα
297 1394 330 1426 τῶν
344 1389 429 1440 ὁλιγοψά-

19 1481 22 1486 ,
89 1458 134 1492 χων,
143 1473 147 1481 ,
156 1443 251 1490 ,ὀποβάλμ
267 1443 324 1483 Mart.
335 1443 377 1495 Igu.
389 1457 404 1482 Ι.

62 1498 191 1547 Ὁλοκάρπωμα.
213 1499 326 1549 ὁλοκάρπωμο
338 1500 395 1536 δεκτόν
404 1501 428 1549 τῷ

90 1554 127 1602 θεῷ
134 1552 261 1599 ἡτοιμασμένον.
270 1552 392 1604 ΜωαβΡοΙγα.
397 1565 426 1600 14.

60 1606 119 1644 Ὁλος.
135 1607 203 1652 διδάξας
210 1607 251 1644 ὁλον
257 1610 286 1645 τὸν
293 1610 361 1656 κόσμου.
366 1607 425 1646 Olem.

90 1660 101 1698 I
110 1669 127 1708 5.
146 1661 166 1707 ἐξ
175 1661 216 1708 ὅλης
226 1662 287 1710 ίσχὸος
295 1662 346 1709 ἡμῶν.
357 1675 388 1712 33.
408 1663 428 1708 ἐξ

90 1715 131 1762 ὁλης
145 1718 175 1763 τῆς
189 1716 262 1765 καρδίας.
278 1729 308 1765 34.
338 1715 366 1755 Of.
377 1717 398 1754 II
408 1728 426 1765 3,

90 1773 110 1808 eb
120 1771 137 1807 8.
162 1772 248 1819 είίχρηστά
261 1772 304 1808 εἰσιν
313 1771 348 1822 ὁλιμ
357 1774 381 1822 τῷ
392 1773 427 1809 σὼ-

88 1839 133 1872 ματι.
140 1824 151 1861 Ι
157 1832 188 1873 37.
204 1825 250 1872 ἡμῶν
256 1826 297 1862 όλον
304 1827 323 1863 τὸ
331 1830 385 1871 σῶμα.
394 1827 425 1875 38.

89 1880 107 1916 ἐν
116 1879 152 1929 ὁλῳ
160 1883 184 1929 τῷ
194 1879 238 1929 οίκῳ.
255 1892 285 1929 43.
310 1883 320 1916 ὁ
330 1881 369 1923 βίος
381 1881 427 1927 ἡμῶν

89 1934 134 1971 ὅλος.
148 1932 170 1971 II
180 1946 195 1971 Ι.
216 1935 253 1971 ὁλοι
262 1935 309 1972 ὀντες
318 1938 368 1972 θεοῦ,
382 1934 424 1985 Igu.

89 1986 138 2037 Eph.
150 1990 167 2026 8.
191 1989 266 2036 άλησμοὶ
276 1989 319 2026 ὁλου
328 1992 357 2026 τοῦ
367 1992 425 2037 σώμα-

89 2057 124 2080 τος.
138 2042 193 2080 Rom.
206 2052 222 2091 5.
252 2044 285 2081 σάν
298 2043 333 2094 ὅλῳ
347 2047 371 2094 τῷ
388 2042 427 2093 οἴκῳ

89 2097 144 2144 αὐτῆς.
158 2096 220 2148 Polyo.
230 2098 247 2135 8.
267 2098 287 2135 τδ
296 2098 329 2147 γὰρ
338 2097 380 2135 ὀλον
389 2099 427 2135 ἐστὶ

88 2151 146 2190 πίστις
155 2152 182 2189 καὶ
191 2152 253 2201 ἀγάπη.
268 2151 343 2202 Smyru.
355 2153 371 2190 6.

61 2203 142 2253 Ὀμιλείυ.
167 2208 257 2256 παρεστὼς
270 2210 279 2244 ὁ
293 2206 355 2257 Κύριος
369 2208 427 2255 ὡμιλει

89 2260 150 2299 αὐτοῖς.
165 2259 222 2300 Mart.
233 2260 297 2313 Polye.
309 2274 325 2299 2.

61 2313 135 2362 Ὁμιλία.
163 2317 202 2365 περὶ
215 2315 279 2354 τούτων
293 2317 360 2364 ὁμιλίαν
372 2319 425 2353 ποιοῦ.

89 2368 131 2420 Igu.
142 2369 205 2421 Polyc.
218 2378 235 2418 5.

57 2421 122 2472 Ὁμμα,
143 2425 258 2475 ε’μβλέγωμεν
271 2427 306 2463 τοῖς
320 2425 384 2473 όμμασι
397 2427 426 2471 τῆς

87 2479 153 2528 ψυχῆς.
168 2478 227 2517 ulem.
238 2479 249 2517 I
259 2492 288 2529 19.

61 2530 146 2580 Ὀμνάναι,
170 2535 237 2572 ἔπεισεν
250 2534 312 2581 ὀμόσαι
327 2534 353 2570 καὶ
368 2533 425 2571 ἐπιθῦ-

88 2603 125 2625 σαι.
137 2587 195 2627 Mau.
204 2587 267 2639 Polyc.
277 2601 293 2635 4.
309 2587 388 2636 Ὁμοσον
396 2588 426 2634 τὴν

88 2642 174 2693 Καίσαρος
181 2644 239 2692 τάχην.
251 2656 268 2692 9,
275 2646 294 2682 et
302 2655 331 2680 10.
342 2641 424 2690 ’Ὁμασοη

88 2698 115 2734 καὶ
128 2697 197 2735 ἀπολύω
212 2713 238 2735 σε.
255 2710 271 2746 9.
300 2698 321 2734 Εἰ
334 2697 426 2743 κενοδοξεῖς

88 2750 115 2788 ἵνα
124 2752 188 2799 ὀμόσω.
201 2765 230 2790 10.

60 2805 158 2855 Ὁμόζογος.
180 2810 247 2845 Μόνους
260 2807 321 2855 άνδρας
332 2805 371 2843 τοὺς
385 2808 424 2852 ὁμο-

88 2860 149 2910 ζύγους
158 2859 204 2899 εἶναι,
220 2860 263 2911 Igu.
273 2859 350 2912 Frugun.
358 2873 375 2897 v.

60 2914 155 2963 Ὁμοὴθεια.
177 2916 265 2963 ὀμοήθειαν
278 2919 322 2952 Θεοῦ
337 2916 424 2959 λαβόντες,

88 2970 130 3020 Igu.
141 2970 206 3021 Magn.
218 2971 235 3007 6.

60 3023 176 3072 Ὁμοθυμαδὸν
186 3027 282 3072 ἐπιβαῆσαι.
295 3023 423 3074 IIu1·I.P0]yc.

90 3091 120 3116 12.

794 242 822 287 89

458 354 575 401 Ὁμοιαπαθίης.
594 358 644 402 σῶμα
653 354 753 401 ὁμοιοπαθὲς
759 354 823 405 ἀνθρά-

485 424 529 448 ποις.
545 408 587 460 Igu.
598 407 675 459 Fragm.
683 406 722 446 viii.

456 462 531 510 Ὁμοιος.
556 466 599 500 Οὔτε
614 464 648 512 γάρ
663 463 702 512 ἐγὼ,
718 466 756 500 οὔτε
769 464 823 503 όλλος

486 517 543 565 ὁμοιως
552 518 594 566 ἐμοί.
609 515 671 567 Polyc.
683 515 731 555 Phil.
743 530 760 567 3.

456 572 550 619 Ὁμοιότης.
572 572 635 610 πάντας
644 572 686 618 ὑμᾶς
695 572 740 623 αὐτῷ
749 574 766 609 ἐν
775 575 821 620 ὁμοι-

484 628 530 674 ότητι
539 625 585 664 εἶναι.
601 625 642 677 Igu.
654 625 703 676 Eph.
714 637 729 663 1.

456 680 548 729 Ὁμοίωμο.
572 681 667 730 ἐγείραντος
680 681 731 718 οότδν
742 683 773 718 τοῦ
786 687 822 718 Πα-

484 738 524 784 τρὸς
536 737 592 778 αὐτοῦ,
603 735 644 773 κατά
653 736 672 772 τό
684 735 764 783 ὁμοίωμα.
779 734 821 786 Igu.

484 789 540 828 Trall.
553 803 570 839 9.

457 844 528 892 Ὁμοίως
535 846 561 882 καὶ
568 847 578 881 ὁ
584 843 649 881 ἀκούων
656 845 714 881 αὐτοῦ.
724 842 767 894 Igu.
772 842 820 895 Eph.

486 900 515 937 16.
541 899 602 947 ὁμοίως
613 900 639 936 καὶ
648 900 658 935 ὁ
667 899 738 936 θάνατος
746 901 776 935 τοῦ
788 905 821 935 Κυ-

483 955 527 1004 ρίου.
541 966 569 1004 19.
589 953 661 1005 Ὁμοίως
671 955 733 991 πάντες
745 953 822 1002 ε’ντρεπέ-

484 1009 559 1046 σάωσον.
574 1006 630 1059 ΤΓαΠ.
642 1019 660 1056 3.
689 1008 750 1054 ὁμοίως
762 1009 822 1057 καὶτῷ

482 1062 608 1113 πρεσβυτερίῳ.
621 1074 650 1112 13.
670 1062 742 1110 Ὁμοίως
751 1063 778 1099 καί
787 1065 822 1101 τοῖς

482 1118 565 1164 ἀδελφοῖς
570 1132 602 1164 μου
609 1117 725 1166 παράγγελλε.
732 1115 796 1167 Polyc.
802 1125 819 1165 5.

481 1171 554 1216 Ὁμοίως
566 1173 638 1208 διάκονοι
651 1171 740 1219 όμεμπτοι.
755 1170 819 1221 Polyc.

483 1225 531 1264 Phil.
543 1234 560 1274 5.
588 1225 659 1273 Ὁμοίως
671 1227 698 1263 καί
712 1228 790 1275 νεώτεροι
800 1226 820 1262 ά·

482 1296 559 1328 μεμπτοι.
569 1279 594 1318 ib.
614 1280 686 1328 Ὁμοίως
697 1280 715 1316 δὲ
727 1282 754 1317 καὶ
765 1281 789 1318 εἰς
800 1282 821 1317 τά

483 1335 538 1385 θηρία.
554 1334 611 1373 Mart.
623 1334 685 1385 Polyc.
697 1346 714 1371 2.

455 1389 560 1439 Ὁμολογεῖυ.
581 1389 610 1426 ε’ὁν
619 1389 648 1426 οὖν
656 1387 790 1437 ὁμολογήσωμεν
799 1388 820 1425 δι’

482 1444 502 1481 οὗ
511 1444 603 1491 ἐσώθημεν.
618 1442 732 1490 016111.ΙΙ,3.
752 1442 782 1480 Ἐν
788 1444 820 1481 τίνι

482 1499 500 1535 δὲ
509 1499 559 1535 αότόν
568 1500 693 1547 ὁμολογοῦμενῑ
707 1495 731 1535 ib.
758 1498 776 1534 ἐν
784 1501 820 1536 τοῖς

481 1553 537 1602 ἔργοις
544 1553 593 1590 αὐτὸν
600 1554 714 1601 ὁμολογῶμεν.
725 1563 742 1598 4.
758 1551 819 1589 εὐτοά-

481 1623 516 1646 τοις
522 1608 577 1657 ἔργοις
584 1608 694 1654 ὁμολογῶμεν
700 1607 730 1642 τὸν
735 1607 783 1643 Θεόν.
793 1605 817 1645 ib.

481 1664 596 1710 ὁμολογοῦμεν
613 1663 664 1710 χάριν
681 1660 703 1708 μὴ
724 1661 818 1709 εἷληφένοι,
844 1661 848 1666 ”

481 1715 523 1767 Igu.
534 1714 598 1766 Magn.
610 1717 627 1754 8.
656 1716 678 1762 μὴ
689 1716 778 1764 ὁμολογῶν
788 1717 818 1751 αό«

481 1772 511 1808 τόν
524 1771 643 1819 σορκοφόρονς
658 1769 733 1820 Sluyru.
745 1778 762 1817 5.
792 1770 820 1806 διὰ

481 1826 500 1861 τὸ
509 1825 532 1873 μὴ
541 1827 630 1873 ὁμολογεῖν
636 1824 667 1871 τὴν
673 1824 789 1873 εὐχαριστίαν,
801 1825 818 1862 6.

481 1878 500 1917 ὃς
509 1880 529 1916 δν
538 1880 560 1926 μὴ
572 1881 647 1928 ὁμολογῇ
656 1880 676 1915 τὸ
689 1878 781 1928 μαρτάριον
789 1882 820 1915 τοῦ

481 1937 562 1982 σταυροῦ,
579 1932 642 1983 Ροίγο.
657 1931 704 1970 Phss.
719 1940 735 1981 7.
765 1933 788 1970 ὧν
800 1935 820 1969 τὸ

481 1987 538 2037 ἕτερον
554 1989 685 2035 βασανιζόμενον
702 1988 819 2036 ὡμολόγησεν.

481 2041 538 2080 Mart.
550 2041 612 2092 Polyc.
625 2042 641 2079 6.
670 2044 704 2078 Τοῦ
722 2042 741 2078 δὲ
757 2044 819 2089 ὁμολο-

480 2100 557 2143 γοῦντος.
574 2109 589 2146 9.
629 2098 739 2146 ὡμολόγησεν
761 2098 820 2133 ἑαυτὸν

481 2153 583 2200 Χριστιανὸν
593 2149 640 2188 εἶναι.
658 2163 687 2188 12.

454 2206 553 2255 Ὁμολογία.
582 2206 612 2253 τὴν
625 2206 652 2242 διὰ
665 2205 758 2253 μαρτυρίου
772 2219 818 2253 γινο-

481 2261 532 2308 μένην
549 2258 644 2309 ὁμολογίαν.
666 2258 723 2296 Malu.
741 2258 783 2310 Igu.
801 2271 817 2296 Ι.

482 2316 508 2351 διὰ
517 2317 547 2361 τῆς
556 2316 607 2361 καλῆς
616 2314 711 2362 ὁμολογίας.
725 2343 727 2346 .

452 2371 536 2416 Ὁμόνοια.
564 2369 585 2405 τὰ
601 2368 700 2404 εἰσελθόντα
716 2367 733 2403 ἐν
749 2368 818 2414 ὁμονοία

480 2425 513 2468 ζῶα
527 2424 551 2461 είς
565 2422 594 2468 τὴν
608 2423 686 2465 κιβωτόν.
704 2419 763 2458 (Helu.
775 2420 786 2458 I
798 2434 815 2470 9.

479 2479 610 2527 ἔτεραγνάμανος
624 2474 733 2524 ὑπορχοάσης
747 2476 773 2513 καὶ
787 2477 818 2512 οὐκ

480 2533 498 2569 ἐν
511 2531 584 2579 ὁμονοίᾳ.
601 2542 630 2568 11.
659 2531 677 2566 ἐν
692 2531 761 2577 ὁμονοίᾳ
775 2530 817 2578 ’δίχα

479 2587 535 2632 πάσης
546 2585 674 2634 παρεκβάσεως.
690 2595 720 2621 20.
749 2585 766 2620 ἐν
776 2587 817 2631 ὁμο-

471 2641 515 2688 νοίᾳ
527 2640 553 2676 καί
565 2638 626 2687 εἰρήνη.
642 2637 666 2676 ib.
696 2638 713 2674 ἐν
722 2638 777 2687 εἰρήνη
790 2640 817 2676 καὶ

479 2694 551 2742 ὁμονοίᾳ.
567 2692 591 2731 ib.
613 2694 634 2729 τὰ
643 2721 660 2732 ..
670 2693 765 2740 ,εόάμεστα
775 2693 815 2730 ἐνά-

479 2764 518 2787 πιον
531 2749 582 2785 αὐτοῦ
595 2752 668 2794 ποιῶμεν
680 2746 719 2792 μεθ’
732 2748 816 2793 ὁμονοίας.

481 2815 510 2842 21.
531 2802 639 2847 ἐνδυσώμεθα
648 2801 678 2848 τὴν
686 2802 769 2847 ὁμόνοιαν.
784 2814 815 2851 30.

480 2859 497 2894 ἐν
511 2856 578 2905 ὁμονοίᾳ
593 2857 620 2894 ε’πί
634 2857 653 2893 τὸ
668 2856 709 2892 αὐτὸ
723 2857 816 2905 συναχθέν-

478 2928 510 2951 τες.
521 2923 551 2960 34.
569 2912 625 2960 ἀγάπη
634 2911 689 2948 πάντα
698 2913 743 2947 ποιεῖ
751 2911 769 2948 ἐν
776 2914 817 2958 ὁμο-

480 2965 522 3014 νοίᾳ.
536 2978 566 3015 49.
590 2967 605 3002 εἰ
617 2966 638 3001 τὰ
650 2963 776 3014 προστάγματα
787 2970 818 3004 ταῦ

479 3023 523 3058 θεοῦ
536 3020 623 3067 ε’ποιοῦμεν
635 3020 653 3056 ἐν
665 3020 734 3068 ὁμονοίᾳ
745 3022 817 3070 ἀγάπης.

480 3084 510 3123 50.
546 3074 591 3113 ὁπως
605 3075 665 3112 θᾶττον
677 3075 707 3123 τὴν
717 3105 721 3115 ,
730 3106 733 3114 ,
742 3105 745 3114 .
754 3075 819 3124 είρῆνην

519 3142 539 3166 lll
