2061 3403
193 196 222 237 22
442 195 464 238 S.
480 193 653 239 cuuMuNuls
687 201 689 205 ’

194 308 329 381 προσώπου
341 311 427 366 Ἠσαῦ
438 318 482 367 τοῦ
494 313 602 385 ἀδελφοῦ
614 314 694 369 αὐτοῦ.
726 315 807 381 Ζῆλος
819 314 897 382 ἐποίη-

194 419 239 451 σεν
250 395 347 471 Ἰωσῆφ
360 396 430 471 μέχρι
441 399 545 455 θανάπου
557 403 692 473 διωχθῆναι,
705 402 743 454 καὶ
756 398 826 472 μέχρι
841 402 896 454 δου-

194 484 260 542 λείας
278 487 404 541 εἰσελθεῖν.
441 474 523 554 Ζῆλος
542 492 626 558 φυγεῖν
644 486 766 556 ἠνάγκασε
785 489 898 554 Μωύσῆν

194 568 243 625 ἀπὸ
261 570 397 641 προσώπου
417 572 508 644 Φαραὼ
524 571 649 639 ’βασιλέως
668 572 800 643 Αἰγύπτου,
820 574 845 627 ἐν
863 576 897 646 τῷ

194 657 297 711 ἀκοῦσαι
309 656 382 712 αὑτὸν
394 657 442 713 ἀπὸ
455 666 498 714 τοῦ
511 659 645 731 ὁμοφύλου,
660 667 674 692 “
683 658 727 717 Τίς
738 682 768 712 σε
780 658 895 727 κατέστη·
905 677 917 717 5

195 750 210 775 “
221 766 266 797 σεν
284 741 367 814 κριτὴν
383 742 399 812 ῆ
419 744 535 813 δικαστὴν
552 745 589 818 ἐφ’
602 746 683 813 ἡμῶν,
707 744 741 814 μὴ
760 747 850 799 ἀνελεῖν
867 768 897 813 με

195 837 209 863 “
221 828 255 885 σὺ
267 829 349 897 θέλεις,
362 830 390 887 ὃν
402 831 492 903 τρόπον
501 834 593 896 ἀνεῖλες
604 832 670 906 ἐχθὲς
681 833 723 888 τὸν
735 832 895 902 Αἲγύπτιον;”·

195 915 245 970 Διά
258 915 334 986 ζῆλος
344 916 442 989 Ἀαρὼν
455 920 493 972 καὶ
507 917 610 988 Μαριὰμ
624 916 671 989 ἔξω
685 921 727 987 τῆς
741 921 897 989 παρεμβολῆς

194 1003 359 1071 ηὐλίσθησαν.
401 1006 483 1072 Ζῆλος
504 1002 591 1058 Δαθάν
612 1007 651 1058 καὶ
671 1003 789 1076 Ἀβειράιν
808 1002 897 1073 ζῶντας

194 1089 331 1159 κατήγαγεν
347 1093 379 1148 είς
397 1087 464 1163 ᾅδου,
483 1090 522 1143 διά
538 1088 566 1144 τὸ
582 1088 716 1145 στασιάσαι
732 1089 817 1149 αὐτοὺς
835 1089 896 1162 πρὸς
907 1120 931 1147 10

194 1174 237 1231 τὸν
249 1174 383 1247 θεράποντα
395 1181 438 1230 τοῦ
451 1180 514 1230 Θεοῦ
528 1179 647 1244 Μωύσῆν.
668 1176 717 1231 Διά
729 1176 803 1246 ζῆλος
815 1180 897 1243 Aaou

194 1260 286 1335 φθόνον
297 1262 378 1334 ἔσχεν,
393 1263 421 1316 οὐ
437 1260 511 1330 μόνον
528 1260 574 1317 ὑπὸ
590 1267 639 1317 τῶν
655 1262 815 1335 ἀλλοφύλων,
829 1262 896 1325 ἀλλά

193 1350 232 1403 καὶ
244 1346 291 1403 ὑπὸ
304 1347 388 1404 Σαούλ
399 1348 523 1413 βασιλέως
534 1347 637 1419 Ἰσραὴλ
649 1349 756 1422 ἐδιώχθη.

195 1533 236 1581 §4,
253 1535 273 1572 et
291 1531 330 1571 duo
348 1531 369 1570 in
386 1531 427 1578 ἑὸ.
460 1533 480 1569 τὸ
497 1533 532 1582 γὰρ
560 1530 849 1573 Glemcntchudocumiuisse.
862 1531 895 1572 Ad

193 1589 250 1636 ζῆλος,
273 1586 337 1639 Ignat.
360 1585 386 1626 ud
408 1585 466 1625 Trall.
486 1589 495 1635 §
512 1599 530 1635 4.
558 1600 647 1625 normam
661 1586 685 1627 D.
701 1587 756 1626 Puuli
772 1588 858 1640 loquitur
871 1588 893 1628 B.

194 1641 289 1682 similiter
302 1641 358 1680 LXX
375 1640 451 1693 saepius
464 1640 532 1681 dicunt
559 1641 622 1690 Pater,
637 1642 692 1681 Rom.
703 1641 729 1692 ix,
741 1643 800 1692 6-8,
815 1642 856 1683 Gal.
868 1643 894 1693 vi,

193 1699 213 1735 τὸ
235 1698 290 1747 ἔλεος,
313 1696 411 1736 interdum
434 1700 500 1736 tumen
522 1700 532 1734 ὁ
561 1705 591 1746 15,
602 1697 631 1736 16.
647 1697 679 1736 Itu
688 1697 803 1749 Theophilus
812 1711 894 1751 quoque,

193 1754 247 1801 ἔλεος,
260 1752 291 1792 uti
304 1755 324 1791 et
333 1751 390 1791 Matt.
400 1750 422 1790 ix
430 1763 460 1801 13,
474 1751 502 1790 xii
512 1759 531 1802 7,
558 1765 597 1791 nou
611 1752 635 1791 ab
644 1750 749 1791 Abrohomi
760 1753 820 1805 stirpe
834 1758 893 1803 ortus,

194 1806 244 1845 xxiii
257 1820 288 1857 23,
302 1806 340 1846 Tit.
350 1806 372 1845 iii
382 1815 401 1855 5,
412 1805 462 1845 Heb.
472 1805 530 1846 iv16.
558 1807 584 1846 ad
602 1805 725 1859 Autolycum,
742 1808 777 1847 III
796 1809 806 1860 ξ
823 1821 854 1859 23,
872 1810 894 1847 τὰ

194 1862 266 1901 Forma
274 1861 379 1900 masculina
388 1861 471 1901 occurrit
480 1861 532 1913 apud
558 1864 648 1912 γράμματα
659 1867 690 1900 τοῦ
702 1864 748 1901 θείου
760 1866 817 1911 νόμου,
827 1868 857 1902 τοῦ
866 1865 894 1902 διὰ

194 1916 280 1969 Thucyd.
295 1916 317 1955 iii
331 1929 363 1965 40,
388 1915 467 1955 Aristot.
485 1916 529 1956 Eth.
558 1918 636 1957 Μωσέως
651 1918 690 1966 ἡμῖν
705 1919 800 1967 δεδομένου.
836 1919 893 1970 §24‚

193 1971 209 2011 ii
219 1981 237 2021 5,
252 1976 272 2012 et
285 1970 386 2011 Demosth.
402 1984 419 2011 e..
433 1970 530 2020 Modiam,
557 1972 637 2022 Ἀβραὰμ
652 1975 662 2010 ὁ
679 1974 784 2023 πατριάρχης
802 1974 854 2022 ἡμῶν.
883 1975 893 2025 φ

196 2030 205 2075 ᾖ
221 2038 253 2078 54.
287 2025 377 2065 Aliorum
395 2026 532 2065 vocabulorum
560 2034 583 2076 27
586 2055 653 2071 .....
663 2028 895 2078 Ἀβρσὰμτοῦπροπάτορος

193 2081 322 2121 masculinum
341 2084 361 2120 et
378 2084 469 2121 neutrum
486 2094 531 2132 pro·
558 2082 609 2129 ἡμῶν.
638 2082 648 2134 ξ
663 2095 694 2133 94,
713 2084 769 2136 Δοβὶδ
784 2086 794 2120 ὁ
811 2085 895 2134 πρόγονος

193 2137 267 2176 miscuo
275 2136 296 2175 in
305 2149 342 2175 usu
351 2139 411 2184 crunt,
421 2149 437 2175 c.
444 2149 462 2187 g.
473 2139 531 2185 σάλος,
559 2137 610 2185 ἡμῶν.

193 2192 239 2231 Vid.
247 2192 311 2231 Puuw.
321 2191 346 2230 ad
356 2190 461 2242 Hephaest.
473 2204 491 2242 p.
501 2204 532 2241 99,
589 2203 605 2230 1.
641 2194 696 2239 Ζῆλος
722 2192 803 2240 ἐποίησεν
828 2192 894 2242 Ἰωσὴφ

193 2247 267 2297 σκύφος,
278 2247 325 2296 ὄχος,
334 2245 393 2296 ῥύπος,
403 2248 429 2289 τό,
439 2244 531 2296 Hippocr.
560 2261 574 2285 κ.
585 2262 600 2285 τ.
611 2243 637 2299 λ]
655 2246 707 2285 Molo
725 2245 762 2285 hoo
779 2246 800 2285 iu
817 2246 859 2286 loco
875 2261 895 2286 sc

193 2301 252 2354 Grcg.
260 2302 307 2340 Nau.
315 2315 345 2353 up.
353 2299 419 2352 steph.
427 2300 456 2339 ed.
463 2299 531 2352 Volpy.
559 2300 617 2340 habet
626 2301 639 2339 J
640 2300 682 2339 unii
693 2301 756 2341 versio
768 2301 895 2342 aemulatione

192 2360 213 2395 τὸ
226 2358 286 2408 ῥύπον,
301 2356 377 2404 Sutdus,
392 2359 412 2394 ct
428 2357 495 2404 σκότος,
509 2355 533 2394 dc
553 2354 633 2405 suctum
642 2356 896 2407 escotJoseptadrwrtem

192 2426 231 2464 quo
252 2412 308 2464 pluro
331 2410 386 2450 dubit
405 2409 488 2449 Pierson.
508 2410 533 2449 cd
559 2424 619 2461 αοηαο
632 2410 796 2462 inperterritum
812 2411 895 2460 ciceret,-

192 2467 286 2507 Mocridis
305 2466 396 2506 Lexicou.
412 2479 430 2517 p.
442 2473 487 2514 355.
502 2469 533 2503 τοῦ
559 2465 688 2505 contrariatur
711 2465 763 2505 cuim
785 2469 828 2505 tum
850 2466 895 2506 fidei

191 2526 264 2562 σκότους
285 2522 357 2575 legitur
378 2520 431 2572 apud
450 2520 531 2559 Barnab.
559 2519 666 2568 historicae,
678 2524 722 2560 tum
735 2520 822 2561 idiomati
836 2521 895 2562 Grac-

191 2578 227 2630 Ep.
242 2579 264 2630 §§
276 2591 305 2626 14,
317 2579 347 2626 18,
363 2576 387 2615 D.
400 2576 450 2615 Pctr.
465 2574 476 2612 I
489 2574 503 2612 ii
514 2588 532 2625 9,
559 2588 592 2613 cce
614 2575 705 2627 linguae:
729 2579 806 2615 tuntum
828 2577 894 2627 abfuit,

192 2634 216 2672 D.
232 2633 284 2672 Paul.
301 2633 341 2672 001.
359 2632 366 2671 i
383 2644 414 2681 13,
439 2629 529 2668 IThess.
558 2629 642 2681 quinad
651 2635 733 2669 mortem
746 2631 838 2682 usquein
849 2646 893 2684 per-

190 2703 203 2728 v
213 2698 230 2738 5.
260 2688 315 2727 Iniru
329 2692 338 2736 §
353 2701 376 2738 13
387 2685 436 2725 MS.
452 2684 531 2724 exhibet
558 2684 655 2724 secutione
671 2685 750 2733 viveret,
765 2690 787 2725 ut
803 2687 827 2725 ad
842 2701 893 2727 sum-

190 2746 210 2781 τὸ
220 2746 280 2793 τῦφος,
559 2753 610 2778 mom
620 2739 735 2792 dignitatem
744 2740 801 2781 fuerit
810 2747 892 2793 evectus,

217 2798 327 2848 ἰλαὸποτὴρ
336 2796 390 2851 ἡμῶν]
403 2796 450 2835 Non
460 2809 484 2834 cx
494 2795 530 2834 hoc
558 2799 578 2833 et
607 2798 684 2834 tautum
710 2808 749 2834 non
776 2798 892 2839 consortium

190 2854 231 2893 loco
245 2853 360 2903 nobis,cum
371 2851 496 2891 Tillcnrontio
510 2854 530 2889 ct
558 2849 621 2901 regiae
648 2850 753 2902 majestatis
781 2852 890 2894 obtinuerit.

190 2909 309 2958 Constantio
318 2912 391 2948 temere
400 2906 530 2960 colligendum
558 2904 639 2944 WOTT.
