1931 3420
328 216 365 259 αν
380 215 610 260 FORMULARUM.
626 198 628 200 ’

114 330 175 366 λωσιν.
190 326 250 366 Olem.
261 325 271 364 I
283 334 314 376 59.
343 327 371 363 διὰ
382 330 415 364 τῶν
427 327 455 374 θη-

55 416 56 419 ,
113 380 156 431 ρίων
165 382 227 419 θᾶττον
236 379 307 430 ἀφανής.
316 379 374 419 Mart.
383 379 426 431 Igu.
437 393 454 430 3.

114 436 176 479 θᾶττον
187 436 297 485 ἀναχωρῆσαι
309 438 339 486 τοῦ
353 437 423 482 κόσμου.
438 444 455 483 5.

114 490 177 528 θᾶττον
192 493 222 527 τοῦ
240 489 327 538 λεχθῆναι.
345 488 402 527 Μανία
420 488 456 527 Ρο-

113 542 149 582 Ιο.
163 555 193 592 13.
336 571 339 574 ,

86 556 151 646 Θαῦήῖα,
155 598 200 648 μέγα
209 597 279 646 εἴδομεν.
294 595 351 636 Μανία
363 596 403 635 Pol.
415 605 444 646 15.

86 653 185 700 θαυμάζειν.
207 651 238 699 τήν
246 667 265 689 τε
274 652 358 701 σώφρονα
366 683 369 690 ,
379 682 382 690 ,
393 652 454 689 ,εὐαέ-

112 709 163 751 βειαν
175 707 205 743 οὐκ
219 705 325 754 ἐθαῦμασεν;
344 705 403 744 Olem.
414 703 453 758 1⁸¹1.

112 762 136 797 Τὸ
145 761 179 810 γάρ
189 763 265 810 γενναῖον
274 789 278 798 .
287 789 291 798 .
299 788 303 797 .
312 760 338 799 τίς
347 761 377 803 οῦκ
386 760 406 797 ἀν
415 760 454 797 θαυ-

112 816 195 862 μάσειενς
210 813 267 853 Mart.
278 813 342 865 Polyc.
352 827 368 852 2.
392 817 426 852 πᾶν
434 816 454 851 τὸ

112 868 185 916 πλῆθος,
201 869 295 917 θαυμάσαι.
309 880 326 917 3.
363 869 454 917 θαυμαζόν-

113 938 148 960 των
162 926 196 960 τῶν
211 924 304 972 παρόντων.
321 930 339 972 7.
368 924 413 960 ὥστε

113 978 140 1014 καί
151 976 237 1025 θαυμάσαι
246 978 300 1015 πάντα
309 978 339 1014 τὸν
347 978 404 1027 ὄχλον.
418 978 446 1017 Ι6.

86 1033 191 1078 θαυμάσιος.
220 1031 240 1068 ¹0
248 1032 266 1069 δέ
273 1032 411 1079 θαυμασιώτατος
417 1039 453 1069 Ποω

112 1084 205 1134 λάκαρπος.
216 1085 273 1125 Mart.
285 1085 348 1136 Polyc.
359 1088 397 1134 513
413 1087 453 1124 θαν-

112 1141 220 1188 μασιώτατος
228 1141 297 1189 μάρτυς.
310 1140 340 1178 16.
362 1186 366 1194 ¹

86 1195 194 1241 θαυμαστός.
223 1194 273 1244 Μέγα
283 1195 310 1231 καί
320 1194 417 1241 θαυμαστόν
426 1194 455 1232 νῦν

113 1248 202 1295 νομίζομεν
209 1246 251 1285 εἶναι
256 1264 262 1291 ‚¹
276 1246 336 1286 Olem.
345 1247 356 1285 I
367 1248 396 1286 26.
425 1248 454 1287 Ὠς

91 1320 92 1323 “
112 1302 185 1350 μακάρια
195 1303 222 1339 καὶ
233 1302 323 1350 θαυμαστὰ
334 1304 355 1340 τὰ
367 1304 412 1351 δῶρα
424 1305 454 1339 τοῦ

113 1358 164 1392 θεοῦ.
177 1364 210 1404 35.
237 1356 331 1393 ’ἀναθάλλει
344 1357 367 1395 εἶς
380 1358 399 1393 τὸ
413 1357 453 1393 θαυ-

112 1410 179 1456 μαστὸν
196 1411 248 1447 αὐτοῦ
266 1411 309 1458 φῶς.
328 1411 358 1460 36.
388 1411 420 1447 Καὶ
438 1412 455 1448 τί

112 1463 222 1511 θαυμαστόν,Ι
246 1477 277 1514 43.
315 1469 351 1503 πῶς
369 1463 412 1513 μέγα
428 1466 454 1502 καί

112 1518 212 1565 θαυμαστόν
235 1520 282 1556 ἐστιν
305 1518 315 1565 ἡ
339 1519 400 1569 ἀγάπη.
421 1527 451 1567 50.

111 1571 177 1609 Ἐκεῖνο
192 1573 226 1621 γάρ
245 1574 292 1610 ἐστιν
308 1574 352 1622 μέγα
369 1573 396 1610 καὶ
412 1573 451 1610 θαυ-

111 1627 183 1673 μαστόν,
200 1627 220 1663 οῦ
238 1628 259 1664 τά
278 1628 344 1664 ἐστῶτα
363 1628 450 1676 στηρίζειν.

111 1679 134 1717 Π
144 1692 161 1717 2.
191 1681 201 1727 ή
211 1681 229 1718 δέ
238 1681 331 1729 ἐπαγγελία
338 1684 368 1718 ταῦ
377 1685 452 1730 Χριστοῦ

111 1735 178 1783 μεγάλη
188 1735 215 1771 καί
224 1734 313 1783 θαυμαστή
323 1736 374 1773 ἐστιν.
386 1743 404 1783 5.

84 1789 166 1825 θεᾶσθαι.
195 1789 299 1837 θεασάμενος
311 1790 329 1826 ἐν
337 1789 375 1836 ἡμῖν
385 1790 452 1837 πολλὴν

111 1843 184 1889 πλάνην,
200 1842 259 1882 Olem.
272 1842 296 1880 Π
308 1855 323 1880 Ι.
359 1844 389 1881 τόν
401 1859 452 1881 συνα-

111 1897 184 1945 κροατήν
196 1898 298 1935 θεάσασθαι.
309 1896 422 1948 Ma1¹t.1gn.
433 1911 451 1946 3.

83 1952 149 1989 θείκός.
184 1950 249 1999 λύχνου
273 1949 319 1998 δίκην
334 1952 398 1999 γθεϊκοῦ
423 1953 453 1999 τήν

110 2006 184 2041 ἑκάστου
200 2007 279 2054 φωτίζων
295 2006 372 2044 διάνοιαν.
392 2004 450 2045 Mart.
477 2026 479 2028 ’

110 2057 153 2109 Igu.
168 2070 182 2096 1.

83 2115 139 2150 Θεῖον.
168 2113 196 2150 διὰ
204 2114 354 2163 πυρὸςκαίθείου.
372 2112 452 2153 elem]

112 2178 142 2205 II.

83 2223 138 2260 θεῖος.
170 2222 191 2258 τὰ
205 2222 251 2270 βάθη
264 2224 294 2270 τῆς
308 2221 354 2262 θείας
367 2225 450 2273 γνώσεως.

111 2274 171 2319 Olem.
189 2275 200 2313 Ι
217 2289 263 2324 40.·
286 2279 329 2326 πρὸς
346 2277 453 2326 ἐκπλήρωσιν

110 2330 157 2382 θείου
177 2333 314 2381 προστάγματος.
336 2331 411 2383 Fragm.
431 2331 451 2370 fi.

110 2386 132 2421 Οἱ
150 2385 184 2433 γάρ
202 2385 285 2423 θειόταται
300 2388 392 2435 προφῆται.
409 2386 450 2437 [gn.

110 2437 176 2489 Magn.
188 2441 207 2477 8.
242 2443 271 2488 τῆς
283 2444 317 2477 τῶν
332 2439 397 2489 [θείων]
410 2456 451 2489 γρα-

110 2494 150 2541 φῶν
159 2493 262 2543 ἐξηγήσεως.
272 2493 330 2533 Mart.
341 2494 383 2545 Igu.
398 2506 412 2531 1.

83 2548 148 2584 θέλειν.
196 2548 237 2586 ὅταν
255 2548 297 2595 θέλη
315 2549 372 2586 ἅνέλει
395 2548 451 2595 αὐτήν.

110 2600 173 2640 Olem.
184 2601 195 2639 Ι
206 2615 236 2641 21.
274 2602 302 2640 ἀτε
319 2603 371 2649 θέλει,
388 2604 415 2639 καὶ
430 2604 452 2641 ὣς

110 2656 163 2699 θέλει,
173 2656 241 2704 ποιήσει
250 2658 310 2695 πάντα.
323 2665 353 2707 27.
368 2657 452 2705 ἠθέλησεν

109 2712 118 2746 α’
130 2712 221 2758 Δεσπότης
233 2714 262 2759 τής
275 2711 359 2749 ἀθανάτου
372 2713 451 2761 γνώσεως

109 2764 152 2811 ἡμᾶς
168 2764 269 2813 γεύσασθαι.
288 2766 319 2813 36.
345 2766 387 2803 «διὰ
403 2765 451 2802 τίνων

109 2819 225 2857 ἐπιτελεῖσθαι
241 2821 292 2857 θέλει.
313 2833 344 2867 40.
383 2819 450 2857 ἔαυτοῦς

109 2873 192 2910 θέλουσιν
214 2876 282 2919 μᾶλλον
300 2875 360 2912 αἰκίαις
385 2873 449 2922 περιπί-

107 2943 160 2965 πτειν.
169 2939 200 2975 31.
217 2929 243 2965 καὶ
252 2927 337 2975 ἠθέλησεν
344 2930 362 2966 ἐκ
370 2928 392 2975 μή
402 2928 449 2965 όντος

109 2979 150 3019 εἶναι
161 2981 211 3029 ἡμᾶς.
222 2981 245 3019 Π
257 2995 273 3020 Ι.
305 2976 317 3019 ό
326 2983 401 3033 Χριστὸς
412 2981 449 3030 ήθέ-

79 3045 82 3050 ’
107 3037 162 3083 λησεν
182 3041 239 3074 σῶσαι
259 3037 280 3074 τὰ
298 3037 411 3085 ἀπολλύμενα.
431 3048 447 3073 2.

824 215 853 259 65

509 328 539 365 Εἷς
557 327 605 374 τιμήν
624 326 655 363 οῦν
671 327 734 364 ἐκείνου
752 330 783 363 τοῦ
801 325 851 374 θελή-

509 396 571 419 σαντας
580 381 629 428 ἡμᾶς.
640 380 683 431 Igu.
695 380 760 431 Magn.
772 393 788 430 3.
807 382 852 419 θέλω

509 435 670 484 προφυλάσσεσθαι
680 435 727 482 ὑμᾶς.
739 446 768 472 11.
797 436 816 473 έν
825 436 852 472 θε-

510 487 572 536 λήματι
587 490 618 525 τοῦ
634 487 740 536 θελήσαντος
754 489 775 526 τά
790 490 851 527 πάντα,

509 541 564 580 Rom.
584 541 643 580 Insor.
680 543 719 590 ὑμῖν
734 543 767 592 γὰρ
784 543 852 593 εὐχερές

509 596 572 634 έστινά
582 596 641 633 θελετε
650 598 728 644 ποιῆσαι.
740 609 755 634 1.
785 598 809 634 Οὐ
818 599 851 647 γὰρ

509 651 556 688 θέλω
580 651 618 699 ὑμῖν
643 650 813 699 ἀνθρωπαρεσκῆσαι.
834 663 850 689 2.

509 704 555 754 Ἐγὼ
569 705 587 742 δὲ
601 704 654 749 θέλω,
668 703 695 742 ἵνα
709 706 775 743 κάκεῖνα
789 706 860 751 βέβαια

508 756 524 806 ᾖ.
536 771 553 808 3.
576 758 602 796 ἵνα
610 759 633 806 μή
644 761 697 806 μόνον
705 760 758 808 λέγω,
771 759 852 797 ἀλλὰκαὶ

509 813 560 851 θέλω.
571 812 595 852 ib.
631 814 668 850 Κάν
677 815 720 851 αῦτά
729 814 748 851 δέ
759 814 820 851 ἀκοντα
829 814 851 861 μή

489 886 494 894 ·’
508 867 578 918 θελήσῃ.
589 877 606 917 5.
628 868 692 905 ἐκεῖνον
698 868 777 906 θέλωμῦ.
792 868 815 916 μή
825 869 851 905 θε-

507 922 574 970 λήσητέ
581 938 609 972 μοι
618 922 715 969 ἀποθανεῖν,
726 924 756 960 τόν
764 926 795 960 τοῦ
808 925 852 959 Θεοῦ

508 977 579 1014 θελοντα
588 975 633 1015 εἶναι.
643 976 668 1015 ib.
690 976 770 1025 νοησιίτω
780 976 789 1014 ῦ
799 976 851 1015 θέλω.

507 1029 532 1069 ib.
557 1030 622 1081 Ἄρτον
633 1034 678 1068 θεοῦ
691 1032 742 1070 θελω.
758 1039 775 1080 7.
804 1033 852 1080 πόμα

507 1088 551 1122 θεοῦ
561 1086 614 1123 θέλω.
624 1084 651 1124 ib.
675 1087 744 1123 Οὐκέτι
754 1086 801 1123 θέλω
809 1086 850 1123 κατά

507 1139 605 1189 ἀνθρώπους
628 1141 664 1187 ἄρ’
686 1144 737 1177 τοῦτο
758 1141 777 1177 δέ
795 1141 850 1186 ἔσται,

508 1194 537 1231 ἐάν
546 1195 592 1242 ὑμεῖς
603 1194 693 1242 θελήσητε.
706 1196 724 1233 8.
754 1193 850 1241 θελήσατε,

507 1246 534 1285 ἵνα
550 1249 577 1286 καὶ
590 1250 637 1297 ὑμεῖς
651 1249 738 1296 θεληθῆτε.
755 1247 780 1286 ib.
809 1249 850 1285 Ἐἀν

507 1302 561 1345 πάθω,
571 1301 672 1350 ἠθελήσατε.
682 1301 711 1341 ib.
728 1303 751 1349 με’
758 1318 801 1341 τινες
810 1302 848 1350 ἠθέ-

507 1358 563 1403 λησαν
571 1359 662 1404 πλανῆσαι.
674 1356 749 1395 Philad.
758 1364 775 1406 7.
798 1358 816 1394 έν
825 1354 859 1400 οῖς
907 1364 908 1367 ’

508 1410 553 1447 θέλω
563 1411 609 1458 ἐντή
622 1414 713 1460 προσευχῇ
725 1412 772 1458 ὑμῶν
782 1412 849 1448 δικαιω-

508 1464 560 1512 θήναι,
574 1466 591 1503 8.
626 1467 714 1503 θέλουσιν
730 1466 748 1502 δὲ
765 1466 804 1512 ὑμῖν
820 1466 850 1502 οῦκ

506 1519 554 1556 ἔστιν
563 1519 648 1557 ἀδῦνατον.
662 1531 692 1558 10.
725 1519 807 1556 θέλουσιν
816 1520 850 1568 γὰρ

506 1574 545 1620 ὑμῖν
550 1573 568 1610 εὗ
577 1575 667 1622 πράσσειν.
675 1572 753 1624 Smyrn.
763 1585 793 1611 ΙΙ.
814 1572 849 1610 κατ’

506 1625 553 1675 ’ίχνας
562 1629 638 1674 βαδίζειν
650 1628 719 1665 ἐθέλων.
734 1626 792 1665 Mari).
805 1627 848 1678 Ign.

507 1689 524 1729 5.
553 1682 576 1729 μή
590 1683 642 1729 μόνον
660 1683 721 1719 ἑαυτὸν
739 1682 796 1718 θελειν
814 1684 849 1718 σόν-

506 1736 569 1781 ζεαθαι.
586 1735 644 1774 Mam
661 1735 726 1786 ΡοΙγο.
745 1747 760 1774 1.
792 1736 813 1772 Εἰ
830 1735 849 1772 δὲ

506 1790 564 1836 μαθεῖν
573 1791 627 1828 θελεις
636 1791 667 1828 τάν
676 1793 707 1827 τοῦ
714 1790 849 1839 Χριστιανιαμοῦ

505 1845 562 1893 λόγον.
577 1856 605 1882 10.

479 1897 553 1945 θέλημα.
592 1899 705 1949 ἡγιασμένοις
730 1900 748 1936 ἐν
768 1897 850 1945 θελήματι

506 1955 555 1990 θεοῦ.
568 1951 627 1991 Olem.
637 1953 650 1990 Ι
662 1953 722 1992 Inscr.
736 1953 765 1990 ἐὰν
776 1953 849 1991 ...ἐπι-

507 2007 561 2054 δῶμεν
576 2008 645 2046 ἐαυτοῦς
661 2011 697 2047 τοῖς
713 2006 799 2055 θελήμασι
817 2011 850 2043 τῶν
904 2039 907 2045 .

507 2061 604 2110 ἀνθρώπων.
624 2074 653 2109 14.
693 2065 716 2110 Γῆ
732 2063 849 2110 κυοφοροῦοα,

506 2116 548 2152 κατὰ
562 2117 582 2153 τὸ
597 2117 662 2164 θελημα
680 2118 740 2154 αῦτοῦ.
759 2128 789 2153 20.
827 2115 849 2162 μή

506 2170 621 2208 λειποτακτεῖν
638 2171 682 2218 ἡμᾶς
700 2171 734 2209 ἀπὸ
749 2173 780 2207 τοῦ
799 2169 848 2216 θελή-

506 2239 558 2271 ματος
572 2226 629 2262 αὐτοῦ.
644 2237 676 2263 21.
706 2225 733 2262 διά
752 2227 783 2261 τοῦ
798 2223 848 2269 θελή-

506 2293 558 2325 ματος
576 2280 632 2317 αὐτοῦ.
651 2291 683 2327 32,
703 2278 736 2316 θός.
786 2278 849 2314 ἀόκνως

505 2333 630 2381 προσέλθωμεν
648 2336 672 2383 τῷ
690 2331 772 2378 θελήματι
790 2332 846 2368 αὐτοῦ.

506 2398 537 2434 33.
570 2387 710 2434 ῦπατασσώμεθα
724 2388 749 2435 τῷ
764 2384 847 2432 θελήματι

506 2441 561 2477 αὐτοῦ.
573 2452 603 2488 34.
624 2445 661 2479 πῶς
670 2443 694 2490 τῷ
704 2439 786 2486 θελήματι
795 2440 847 2476 αὐτοῦ

505 2495 638 2543 λειτουργοῦσιν.
652 2493 677 2532 ib.
707 2494 848 2541 ἀντιτασσόμενοι

506 2551 530 2597 τῷ
545 2547 624 2596 θελήματι
639 2551 670 2584 τοῦ
687 2550 736 2584 Θεοῦ,
753 2547 784 2595 36.
821 2548 847 2583 εῦ-

505 2603 602 2650 πρόσδεκτα
616 2600 640 2647 ε’ίη
655 2605 679 2652 τῷ
694 2600 775 2649 θελήματι
789 2599 846 2638 αὐτυῦζ

506 2667 536 2702 40.
565 2656 654 2705 ἀμφότερα
668 2656 752 2693 εῦτάκτως
765 2655 784 2692 έκ
795 2655 847 2702 θελή-

504 2725 555 2756 ματος
571 2712 620 2747 Θεοῦ.
639 2722 670 2757 42.
703 2711 723 2746 τὸ
739 2707 780 2756 αἷμα
795 2710 847 2746 αὺτοῦ

504 2765 564 2800 έδωκεν
580 2765 621 2812 ὑπὲρ
636 2764 683 2811 ἡμῶν
693 2794 696 2802 .
706 2794 709 2802 ,
718 2793 722 2801 .
731 2763 749 2800 ἐν
766 2762 848 2810 θελήματι

505 2821 553 2855 Θεοῦ.
565 2830 596 2866 49.
625 2819 649 2855 εἰς
661 2819 681 2854 τὸ
694 2815 738 2864 εἶξαι
751 2817 813 2855 αὐτοὺς
825 2818 847 2865 μή

504 2872 548 2919 ἡμῖν,
561 2873 606 2909 ἀλλὰ
620 2875 644 2922 τῷ
659 2871 741 2919 θελήματι
753 2875 783 2908 τοῦ
796 2876 846 2910 θεοῦ.

504 2926 534 2973 56.
563 2928 616 2974 κολλᾷ
627 2926 661 2975 γὰρ
673 2926 717 2973 ἡμᾶς
729 2929 754 2976 τῷ
766 2925 848 2974 θελήματι

503 2983 533 3016 τοῦ
547 2983 595 3019 Θεοῦ.
611 2979 636 3018 ib.
673 2980 773 3028 ποιήσωμεν
786 2983 805 3018 τὸ
821 2981 848 3018 θέ-

502 3036 547 3081 λημα
561 3038 592 3072 τοῦ
607 3035 713 3074 καλέσαντος
729 3035 777 3083 ἡμᾶς.
793 3035 815 3073 Π
829 3045 846 3084 5.

529 3101 536 3126 1
