2061 3403
202 159 230 204 26
448 161 472 206 S:
486 163 658 208 CLEMENTIS

201 276 275 333 τόπον
290 281 333 346 τῆς
352 276 433 349 δόξης.
473 279 522 335 Διὰ
541 279 618 350 ζῆλον
631 282 711 353 [καὶὸ]
724 284 824 339 Παῦλος
842 282 901 349 dro-¹

200 368 275 433 μονῆς
293 370 407 435 βραβεῖον
424 367 554 440 ὑ[πε’σχ]εν,
574 366 668 426 ἑπτάκις
688 365 765 435 δεσμοὶ
785 366 901 440 φορέσαι,

200 452 379 525 φ[υγα]δευθει’ς,
392 455 521 520 λιθασθείς,
534 453 613 526 κήρνξ
629 451 772 526 γ[ενό]μενος
791 454 816 509 ἕν
830 478 856 510 τε
873 455 903 526 τῇ

200 540 306 610 ἀνατολῇ
325 540 364 593 καὶ
379 540 404 593 ἐν
421 541 468 613 [τῇ]
487 539 563 608 δύσει,
576 539 605 596 τὸ
620 544 728 610 γενναῖον
742 543 785 608 τῆς
800 541 904 598 πίστεως

197 727 280 779 reponit,
299 729 332 781 qui
350 729 476 769 hebdomadis
495 729 536 770 dies
563 727 602 784 ξος]
620 729 735 782 Polycarpus
745 729 767 768 in
777 729 812 781 Ep.
823 730 848 769 ad
858 728 902 768 Phi-

198 786 273 835 septem
286 796 298 822 a
310 783 393 835 planetis
405 784 536 834 nominabant,
563 784 609 837 lipp.
620 788 651 835 §9‚
661 784 711 823 hano
719 784 836 824 locutionem
845 797 902 824 usur-

198 851 258 889 quum
275 843 342 878 tamen
360 839 382 878 B.
395 839 494 892 Iguutium
517 844 537 880 et
563 844 602 892 pat,
617 839 744 888 aOlemente‚
759 838 776 878 si
791 838 841 879 Guil.
853 840 902 879 Bur·

198 892 299 933 Justinum
314 894 342 934 M.
359 894 387 934 ita
402 894 455 947 loqui
471 894 538 935 solitos
564 899 604 934 ton.
625 894 696 944 audias,
712 898 780 933 mutuo
799 899 900 946 sumptam.

199 952 279 988 constet.
308 949 407 989 OOLOM.
436 949 536 994 Eusebius,
565 949 652 989 Similem
660 949 744 1002 phrasin,
754 951 784 988 τὸν
792 948 835 987 ἴδιον
844 952 901 997 τάτον,

200 1003 225 1043 H.
233 1003 255 1042 E.
267 1004 281 1042 ii
293 1013 323 1053 25,
334 1017 359 1044 ex
368 1004 461 1056 Dionysio
469 1004 536 1045 Oorin-
563 1005 616 1057 legas
625 1004 676 1057 apud
682 1005 745 1056 Ignat.
754 1004 789 1057 Ep.
800 1003 825 1043 ad
834 1003 900 1056 Magn.

198 1058 537 1112 thiorumEpisooposoribitPetrum
564 1063 573 1108 §
584 1069 602 1110 5.
614 1059 642 1099 Of.
652 1059 695 1099 Aet.
706 1060 713 1098 i
724 1068 754 1109 25.

198 1118 218 1153 et
227 1114 309 1154 Paulum
320 1127 386 1166 passos
400 1127 440 1154 esse
454 1116 495 1152 κατὰ
507 1117 537 1153 τὸν
592 1128 609 1154 2.
624 1112 713 1169 βραβεῖον]
733 1113 850 1164 Gallaudius,
867 1113 900 1166 qui

198 1170 249 1207 αὐτὸν
265 1172 327 1219 καιρόν,
341 1169 392 1221 quod
413 1169 436 1208 de
452 1169 537 1221 plurium
564 1169 657 1221 Hesychii
667 1168 841 1218 rerbaaSuioero
854 1181 901 1208 vooe

198 1223 273 1263 dierum
282 1224 383 1263 intervallo
392 1223 484 1276 explicari
493 1229 536 1275 pot·
562 1228 646 1274 βραβεῖον
654 1224 743 1274 iudicata,
753 1224 803 1263 male
812 1223 900 1264 intellex-

197 1282 239 1318 est:
263 1279 328 1327 immo,
345 1278 410 1331 judice
429 1278 536 1318 Windiseh-
563 1284 610 1329 erat,
631 1279 738 1319 versionem
756 1279 901 1319 Wottouiauam

197 1346 272 1383 manno,
282 1347 377 1373 annorum
388 1346 494 1385 paucorum
505 1332 536 1372 in.
563 1333 591 1373 ita
605 1334 747 1373 reformandam
758 1334 831 1374 voluit:
847 1333 901 1386 pati-

197 1387 303 1428 terstitium
316 1387 458 1428 nouexeludit.
487 1388 535 1427 Pru·
561 1389 618 1428 eutice
634 1395 729 1428 οονάοιιιιιιι
743 1388 842 1429 sustinuit.
870 1388 900 1428 Tu

197 1443 273 1483 dontius
290 1445 329 1494 περὶ
347 1445 443 1491 Στεφάνων,
460 1443 533 1495 Hymn.
561 1457 608 1483 vero
624 1444 672 1483 conf.
688 1443 712 1484 D.
728 1443 780 1483 Paul.
796 1444 820 1483 ad
834 1443 900 1483 SoaI

196 1498 230 1548 xii,
246 1498 314 1538 eodem
337 1497 415 1550 quidem
437 1497 469 1537 dle
491 1511 534 1537 cae·
561 1497 582 1537 ix
598 1511 629 1546 24,
643 1501 705 1538 πάντες
719 1499 750 1548 μὲν
765 1500 860 1549 τρέχουσιν,
876 1497 900 1538 εἷς

196 1566 227 1592 sos
242 1552 275 1602 ait,
291 1553 325 1592 sed
339 1567 379 1592 uon
395 1553 463 1592 eodem
478 1567 533 1592 anno.
561 1554 580 1590 δὲ
592 1556 676 1602 λαμβάνει
688 1555 708 1591 τὸ
717 1556 800 1603 βραβεῖον
805 1570 811 1597 ,·
825 1558 845 1594 et
855 1554 900 1592 Ter-

197 1608 247 1648 Oum
261 1608 365 1648 Prudentio
384 1608 478 1648 consentit
494 1607 534 1647 Au·
560 1608 603 1647 tull.
614 1607 638 1646 ad
648 1608 746 1659 Martyres
761 1608 800 1659 §gp
812 1606 899 1648 ‘Bonum

196 1663 284 1715 guatinas
307 1663 328 1702 in
351 1662 443 1704 Sermone
465 1665 489 1702 28
510 1663 534 1702 de
561 1665 646 1715 ‘agmen
654 1662 737 1702 subituri
746 1662 798 1712 estis,
807 1662 828 1701 in
837 1677 897 1715 quo..

197 1718 273 1758 Sanctis
282 1718 303 1757 in
312 1717 444 1771 Appendieem
453 1719 477 1757 ab
483 1718 533 1757 Edd.
562 1721 567 1739 ‘
577 1747 592 1757 ..
604 1731 674 1758 corona
682 1717 786 1758 aeternitas
790 1731 796 1767 ς
810 1718 900 1757 brabium

197 1772 244 1813 Ben.
259 1774 350 1825 relegato,
362 1787 376 1812 v
391 1786 436 1822 241.
456 1773 475 1813 S.
486 1772 534 1813 Pau·
562 1773 672 1824 ‘angelicae
679 1772 797 1813 substantiae
804 1772 872 1824 politia
878 1773 899 1812 iu

197 1827 238 1867 lum
250 1827 273 1868 A.
284 1829 309 1868 D.
324 1829 355 1876 66,
373 1827 392 1867 S.
409 1828 488 1867 Petrum
501 1841 534 1867 au·
561 1828 639 1877 ‘coelia
648 1828 710 1881 gloria
718 1828 739 1867 in
748 1828 823 1868 saecula
835 1841 899 1868 sueon-

196 1888 238 1923 tem
253 1885 285 1933 65,
300 1896 377 1935 passum
392 1883 450 1922 fisisse
466 1883 534 1922 statuit
561 1882 650 1922 ‘lorum'

198 1938 326 1986 Greswellius,
353 1937 497 1987 Dissertatioaa
514 1938 535 1977 iv
587 1938 613 1976 ib.
628 1934 735 1992 spada]
753 1937 807 1977 Libri
820 1941 898 1977 tautum

199 1995 243 2043 258.
287 1993 372 2045 Symeon
394 1992 535 2044 Metaphrastes
560 1992 858 2041 nonomnesdre‘oyevexhibent.
873 1992 898 2031 Iu

196 2048 217 2087 in
227 2047 370 2088 Commentario
384 2047 408 2087 de
421 2046 531 2099 Peregrina-
559 2047 618 2087 MSto
634 2051 700 2086 autem
715 2046 797 2098 legimus
805 2053 829 2086 Υ.
837 2078 841 2086 .
849 2078 853 2087 .
861 2054 897 2096 ΕΝ,

196 2103 282 2143 tionibus
301 2102 354 2142 Petri
372 2115 394 2141 ao
413 2102 473 2151 Pauli,
493 2100 531 2156 [ap.
560 2116 619 2153 quare
632 2103 709 2151 ὑπέσχεν
722 2101 766 2140 dedi
780 2115 824 2140 oum
835 2102 898 2141 Millio

197 2158 276 2198 Surium
298 2157 323 2197 ad
345 2170 369 2207 29
385 2154 454 2210 Junii]
475 2157 534 2196 verba
560 2157 580 2195 in
595 2157 635 2209 ejus
647 2156 759 2195 NouTest.
771 2156 898 2196 (traditione

197 2212 287 2264 Dionysii
295 2213 323 2252 ita
332 2211 402 2263 aoeipit
411 2212 465 2263 quasi
471 2211 534 2251 disere
560 2225 579 2263 p.
589 2220 634 2261 327.
649 2211 682 2251 Ita
691 2210 751 2250 Wott.
762 2216 782 2251 et
792 2210 840 2251 Gall.
851 2225 898 2264 quo-

195 2268 288 2308 voluisset
297 2267 376 2307 Petrum
386 2271 405 2305 et
413 2266 493 2305 Paulum
503 2280 534 2306 eo·
560 2280 603 2318 que,
617 2266 649 2318 qui
662 2270 728 2306 tamen
740 2265 843 2305 lectionem
861 2267 897 2305 im-

196 2324 241 2363 dem
252 2323 284 2362 die
297 2322 355 2362 simul
369 2320 449 2360 subiisse
462 2325 535 2372 marty*
560 2334 670 2372 pressorum
675 2320 746 2369 mallet,
752 2320 769 2359 si
776 2321 812 2360 hoo
818 2322 897 2373 permit·

195 2379 251 2418 rium.
281 2377 306 2417 In
315 2391 373 2430 quam
382 2376 502 2425 seutentiam,
510 2377 534 2415 ab
560 2380 612 2416 teret
621 2374 667 2415 Ood.
678 2374 720 2415 MS.

196 2434 317 2486 Hieronymo
335 2432 383 2472 olim
400 2430 491 2479 habitam,
504 2431 534 2471 uti
588 2431 614 2470 ib.
641 2432 710 2469 ἑπτάκις
731 2431 787 2478 δεσμὰ
807 2429 893 2486 φορέσαι]

195 2494 270 2529 constat
287 2502 312 2528 ex
326 2488 367 2540 ejus
382 2485 447 2525 libello
461 2486 485 2525 de
499 2485 533 2525 Vi·
561 2485 658 2524 Disoimus
672 2498 697 2524 ex
709 2484 745 2523 hoe
758 2484 806 2535 loeo,
816 2486 896 2526 Paulum

195 2545 222 2584 ris
234 2544 307 2584 Illustr.
320 2557 374 2595 aapp.
388 2545 431 2581 ret
441 2549 459 2590 5,
472 2540 533 2580 disoe-
560 2540 630 2592 septies
639 2539 659 2578 iu
668 2539 744 2579 vincula
752 2539 810 2580 fuisse
823 2542 896 2593 ooujee-

195 2600 224 2639 dit
234 2599 331 2639 Burtonus
345 2601 416 2645 noster,
428 2600 448 2636 et
461 2608 533 2635 anuum
559 2599 617 2634 tum:
636 2594 688 2647 quod
698 2594 749 2646 apud
761 2595 820 2634 alium
831 2601 896 2637 auoto-

194 2655 228 2695 dat
243 2654 344 2704 67ve168
357 2665 412 2692 aerae
424 2651 475 2704 vulg.
486 2651 529 2690 Lea·-
558 2663 601 2688 rem
607 2663 646 2688 non
652 2648 731 2688 memini
738 2663 769 2688 me
776 2650 843 2702 legere.
853 2652 896 2692 00-

195 2717 247 2750 tarea
255 2705 533 2761 opoaaeeleaasraalffluo-
560 2704 616 2743 TEL.
645 2704 726 2743 Paulum
738 2705 808 2756 septies
821 2706 842 2746 in
854 2707 895 2747 vin·

194 2779 224 2816 ry,
235 2765 272 2805 vol.
283 2765 295 2814 i,
306 2779 323 2817 p.
336 2777 380 2815 3²0·
399 2763 427 2804 uf.
435 2761 457 2801 N
457 2760 532 2810 eander,
560 2760 603 2799 oula
612 2760 718 2811 conjectum
724 2759 782 2800 fuisse
791 2761 841 2802 unde
851 2777 895 2815 eog-

195 2820 300 2860 desaltato
315 2820 350 2859 der
362 2819 475 2872 Pylosaaaaq
490 2816 535 2856 aad
559 2814 635 2854 noverit
649 2814 736 2855 Clemens
752 2816 840 2868 equidem
855 2832 895 2857 non

194 2876 278 2926 Leibanp
287 2876 321 2914 der
331 2874 364 2916 Ob.
375 2874 452 2922 Karta,
463 2885 507 2923 312.
559 2870 607 2910 satis
631 2869 729 2921 perspicio.
771 2870 821 2911 Aeta
843 2873 894 2912 euim

223 2930 247 2969 ib.
258 2927 388 2983 ὀφειλ[άρενον]
401 2933 454 2969 τόπον
463 2930 493 2976 τῆς
502 2928 531 2964 δά·
559 2924 698 2977 Apostolorum
713 2939 772 2978 quum
788 2927 811 2966 de
824 2927 860 2967 hac
873 2941 894 2967 re
