1931 3420
312 238 348 281 Μ’
364 238 586 284 FORMULARUM.

798 237 830 282 ‘57

75 360 122 398 Νέας.
144 358 186 397 νέοις
195 373 213 394 τε
222 359 281 407 μέτρια
293 359 318 394 καί
332 359 385 404 σεμνὰ
397 360 440 395 νοεῖν
493 360 581 408 ταγμάτων
590 359 645 395 αὐτοῦ.
662 356 769 406 Olenng.
796 359 830 394 τοῖς

101 413 206 463 ἐπετρέπετε,
222 411 331 450 Οίθηι.ῙΙ.
369 412 440 462 εἰτηγέρη
492 415 525 462 γὰρ
535 414 609 461 νομίμοις
618 417 648 450 τοῦ
658 415 747 450 Δεσπόταυ
759 412 830 449 ἀκαλαν-

101 470 182 515 θησαν...
191 469 207 504 οἱ
216 466 250 503 νέοι
260 467 286 504 ἐπί
296 467 336 506 τοῦς
344 468 439 515 πρεσβυτέ-

100 538 145 573 ρους.
161 535 178 571 3.
207 521 246 560 τοῦς
260 523 306 560 νέους
317 521 438 569 παιδεόσωμεν.

97 589 133 615 ,2Ι.
147 588 148 591 ’
163 577 281 624 μεταβάλεσθε
294 577 318 614 εἷς
331 577 369 614 νέαν
382 576 437 624 ζῦμην.

102 632 144 684 Igu.
157 631 221 682 Magn.
234 643 263 669 10.
292 634 330 670 Τοῖς
346 632 388 669 νέοις
404 634 439 669 ε’πί-

101 703 153 737 τρεπε
161 689 225 735 γαμεῖν.
237 685 343 736 Fragmvi.
363 689 439 735 νεώτεροι

101 744 184 790 τ’ίμεμπτοι
193 742 211 777 ἐν
219 743 267 778 πᾶσι.
283 740 345 791 Polyc.
355 740 401 779 Phil.
411 750 428 789 5.

75 799 163 846 Νέρτερος.
193 796 273 844 νερτέρων
283 796 390 845 ἀνεκδιῆγητα
402 798 437 845 κρί-

101 867 150 899 ματα.
166 849 226 888 Glem.
237 850 248 888 I
258 863 288 889 ιο.

75 908 138 956 Νέφος.
167 907 219 942 έκεῖνο
235 905 244 941 δ
259 906 365 955 περικείμεθα
381 907 437 956 νέφος.

102 960 161 1000 Olem.
172 959 216 998 111.

75 1018 182 1065 Νεωτερικός.
197 1017 226 1062 τὴν
233 1015 334 1063 φαινομένην
343 1017 438 1065 νεωτερικῆν

100 1072 153 1117 τάξιν,
168 1070 210 1121 Igu.
222 1069 286 1121 Magn.
298 1083 314 1119 3.

28 1165 29 1168 Ἴ
75 1128 196 1174 Νεωτερισμός.
225 1126 345 1174 φεύγοντες...
354 1126 406 1171 μέθας
419 1142 437 1163 τε

100 1179 127 1217 καὶ
136 1179 262 1230 νεωτερισμούς.
279 1179 337 1218 Οίοαι.
349 1179 359 1217 I
370 1193 400 1230 30.

74 1236 144 1283 Νῆπιος.
175 1237 262 1284 φοβοῦμαι
275 1236 298 1282 μὴ
312 1236 375 1283 νηπίοις
389 1236 437 1272 οῦσιν

100 1291 143 1338 ὑμῖν.
158 1288 200 1340 Igu.
211 1289 267 1327 Trull.
280 1299 296 1337 5.

74 1348 137 1392 Νῆσος.
157 1345 267 1393 παραμείβων
276 1344 336 1391 νῆσονς
343 1361 361 1381 τε
370 1347 396 1382 καὶ
405 1349 436 1383 πό-

100 1403 141 1437 λεις.
156 1397 213 1437 Mart.
225 1399 266 1450 Igu.
278 1408 295 1447 5.

73 1455 153 1502 Νηστεία.
173 1457 299 1503 τεσσαράκοντα
312 1454 370 1492 νῦκτας
382 1456 399 1491 ἐν
409 1470 434 1501 νη-

100 1512 154 1556 στείᾳ.
169 1508 228 1547 Oleuu.
240 1509 249 1546 I
261 1517 291 1558 53.
321 1510 347 1546 διίι
361 1510 394 1558 γίιρ
407 1512 436 1557 τῆς

100 1565 176 1611 νηστείας
185 1566 212 1601 καὶ
221 1566 250 1610 τῆς
256 1566 373 1603 ταπεινώσεως
381 1566 435 1611 αὐτῆς.

100 1627 131 1667 55.
164 1623 328 1669 προσκαρτεροῦντες
347 1620 435 1666 νηστείαις.

100 1672 162 1724 Polyc.
179 1673 226 1712 Phil.
244 1682 261 1722 7.
296 1678 320 1724 τῷ
343 1674 385 1711 α’ίακι
407 1676 437 1721 τῆς

98 1732 195 1777 προσευχῆς
205 1730 269 1776 καὶτῆς
279 1731 363 1776 νηστείας.
378 1728 434 1767 Μανία

100 1783 141 1834 Igu.
153 1795 169 1820 1.
411 1797 412 1800 ¹

74 1837 171 1884 Νηστεῦειν.
187 1839 217 1875 κᾶν
224 1838 301 1886 νηστεῦη,
311 1838 433 1890 IguFl'agm.

99 1906 124 1930 IX.

73 1947 144 1996 Νῆφειν.
159 1949 208 1997 Νῆφε
218 1950 241 1986 ὡς
250 1952 294 1985 θεοῦ
303 1948 380 1995 ἀθλητῆς.
392 1948 433 1999 Igu.

100 2002 163 2054 Polyc.
175 2016 191 2041 2.
221 2003 301 2051 νήφοντες
312 2005 354 2051 πρὸς
368 2004 397 2041 τὰς
408 2004 435 2040 εῦ-

99 2059 137 2106 χάς.
154 2057 215 2108 Polyc.
227 2057 274 2095 Phil.
288 2066 303 2107 7.

73 2115 130 2150 Νικῦν.
159 2115 178 2150 τὸ
193 2114 271 2162 δέρεσθαι
284 2114 310 2150 καὶ
326 2117 376 2150 νικᾶν,
392 2113 433 2165 Igu.

99 2167 190 2219 P01y0.3.

73 2223 130 2270 Νίκη,
148 2224 175 2260 ἐπὶ
189 2226 209 2270 τῇ
224 2227 258 2270 νικῇ
272 2226 292 2269 τῇ
307 2223 348 2260 κατὰ
362 2224 434 2260 Σκυθῶν.

99 2276 156 2317 Maru.
167 2277 209 2329 Igu.
222 2291 238 2315 α.

72 2336 127 2369 Νοεῖν.
149 2332 191 2371 νέαις
201 2349 219 2369 τε
228 2334 286 2383 μέτρια
295 2334 322 2369 καὶ
331 2332 384 2380 σεμνὰ
393 2335 436 2369 νοεῖν

99 2388 202 2437 ἐπετρέπετε.
218 2387 277 2426 (λεια.
287 2387 298 2425 Ι
308 2400 324 2425 1.
350 2386 436 2435 νοήσωμεν

98 2447 133 2480 πῶς
147 2443 229 2492 α’όργητος
243 2444 321 2491 ὑπάρχει.
338 2454 367 2491 19.
398 2442 434 2488 νοῆ·

99 2513 156 2544 σωμεν
165 2498 191 2535 ὅτι
199 2499 253 2535 πάντα
266 2499 316 2547 ε’γγῦς
328 2498 372 2547 αὐτῷ
382 2497 434 2533 ἐστίν.

100 2561 129 2601 27.
159 2555 236 2600 νοησότω
246 2553 255 2589 δ
264 2553 313 2589 θέλω.
326 2552 369 2602 Igu.
379 2550 433 2589 Rom.

99 2607 116 2644 6.
145 2610 206 2654 ἐνόησα
221 2609 254 2657 γὰρ
269 2609 311 2655 ὑμᾶς
325 2607 433 2655 κατηρτισμέ-

99 2677 142 2700 νανς.
159 2662 233 2713 Smyru.
245 2675 260 2700 1.

73 2718 155 2767 Νομίζων,
174 2719 245 2767 βράδιον
258 2719 345 2764 νομίζομεν
357 2717 435 2763 ἐπιστρο-

99 2773 133 2819 φῆν
142 2774 253 2819 πεποιηκέναι,
269 2771 328 2810 Olelu.
339 2773 370 2809 [Ι.
399 2771 434 2806 Μέ-

98 2843 120 2875 γα
140 2828 166 2864 καὶ
187 2828 284 2874 θαυμαστόν
302 2827 331 2863 οῦν
349 2827 435 2873 νομίζομεν

98 2880 150 2925 είναις
166 2883 195 2920 26.
230 2884 249 2919 οῦ
267 2883 332 2920 δικαίως
350 2882 435 2928 νομίζομεν

98 2937 217 2980 ἀποβαλέσθαι
231 2940 260 2984 τῆς
276 2937 387 2985 λειτουργίας.
403 2948 432 2982 44.

98 2993 197 3038 νομίσαντας
215 2994 238 3028 ἔτι
254 2994 318 3029 λείπειν
334 2992 378 3041 αὐτῷ
393 2991 435 3039 πρὸς

97 3049 154 3083 πᾶσαν
164 3046 254 3095 ῦπαταγῆν.
269 3045 325 3084 Mart.
337 3045 378 3096 Igu.
390 3056 406 3082 2.

72 3103 152 3149 Νόμιμος.
173 3102 190 3138 έν
201 3105 236 3138 τοῖς
248 3103 322 3148 νομίμοις
334 3105 367 3136 τῶν
379 3114 432 3148 προσ-

492 468 564 507 θαῡντες.
580 479 610 515 40.

466 524 546 569 Νόμισμα
570 523 629 571 ὥσπερ
637 523 671 571 γάρ
680 522 727 559 ε’στιν
736 523 830 568 νομίσματα

492 577 527 614 δύο.
542 577 584 628 Igu.
595 575 660 627 Magn.
672 584 688 624 5.

466 632 567 679 Ναμιστέαν.
590 634 656 669 Μόνονς
668 632 728 680 έίνδρας
738 631 777 669 τοῦς
788 633 828 676 ὁμο-

493 686 552 735 ζῦγους
586 684 627 723 εἶναι
661 687 754 732 νομιστέον.
786 684 828 736 Igu.

493 740 568 792 Frugm.
579 753 596 779 v.

466 797 571 841 Νομαθετεῖν.
600 798 782 844 σννεπιμαρτυραῦντες
795 797 830 833 ταῖς

492 850 520 888 ὕπ’
530 853 582 889 αὐτοῦ
596 851 752 898 νενομοθετημένας.
768 848 828 888 Glem.

465 962 527 1008 Νόμας.
550 964 585 1000 τοῖς
597 963 653 1009 νόμοις
663 964 693 998 τοῦ
703 963 746 997 θεοῦ
759 958 828 1008 ε’πορεό-

491 1016 537 1053 εσθε.
553 1015 611 1055 Olem.
623 1015 658 1054 Il.
693 1019 716 1066 τῷ
732 1017 828 1062 πρεσβυτε-

491 1072 522 1122 ρίηι
533 1073 556 1110 ὡς
567 1074 611 1120 νόμῳ
620 1073 677 1118 Ἰησοῦ
687 1073 769 1120 Χριστοῦ,
784 1069 826 1121 Igu.

491 1125 555 1177 Magn.
572 1138 588 1164 2.
622 1128 663 1163 κατὰ
680 1126 747 1175 [νόμον]
763 1125 827 1162 Ἰουδα-

490 1185 545 1228 ίσμόν.
562 1183 578 1219 8.
608 1183 646 1219 οὐδὲ
658 1184 668 1218 ὁ
682 1183 731 1228 νόμας
744 1181 826 1218 Μωσέως.

492 1235 566 1286 Smyru.
578 1245 594 1284 5.

464 1293 527 1329 Νόσας.
558 1292 611 1337 ῦγίεια
627 1291 680 1329 πλέονι
694 1290 751 1338 ῆνίασε
767 1291 826 1327 νόσου.

490 1345 548 1384 (λεια.
564 1345 640 1397 Frugm.
655 1345 680 1383 iv.
716 1347 784 1383 πάντων
797 1347 827 1383 τὰς

490 1403 550 1439 νόσους
558 1402 640 1447 βόσταζε.
656 1401 697 1451 Igu.
710 1399 772 1450 Polyc.
782 1412 797 1437 Ι.

464 1455 554 1493 Ναυθεσία.
575 1457 697 1504 ὑπολειφθῆναι
711 1457 774 1500 πίστει,
788 1470 825 1491 ναυ-

490 1511 543 1558 θεσίᾳ.
560 1510 601 1561 Igu.
613 1509 661 1561 Eph.
673 1523 689 1559 3.

463 1567 557 1602 Νονθετείν.
570 1568 589 1602 οῦ
596 1568 647 1613 μόνον
653 1567 695 1612 ὑμᾶς
703 1564 825 1603 νουθετοῦντες.

490 1619 548 1658 Olum.
563 1619 601 1669 I7.
631 1620 705 1658 παιδεύει
721 1623 730 1656 ό
745 1621 787 1658 θεός
803 1620 826 1657 εἷς

489 1678 508 1711 τὸ
517 1677 633 1722 νουθετηθῆναι
642 1675 688 1722 ἡμᾶς.
704 1675 733 1722 56.

463 1731 572 1776 Νονθέτησις.
607 1730 617 1777 ἡ
636 1730 733 1777 νουθέτησις
750 1731 770 1776 ἣν
787 1745 825 1766 ποι-

489 1785 551 1831 ούμεθα
569 1786 593 1823 εἷς
610 1784 695 1831 ἀλλήλους
713 1784 755 1831 καλῆ
772 1785 825 1821 ἔστιν,

490 1839 548 1878 Cium.
560 1839 611 1888 156.

463 1898 512 1933 Μαῦς.
545 1894 672 1944 κατηρτισμέναι
690 1897 713 1943 τῷ
731 1895 776 1945 αὐτῷ
795 1891 826 1931 ναί.

490 1949 531 2000 Igu.
543 1948 591 2000 Eph.
604 1962 620 1987 2.
648 1948 671 1988 εἷς
680 1952 724 1992 νοῦς,
735 1951 764 1996 μία
773 1950 826 1987 ἐλπίς.

490 2004 554 2055 Magn.
571 2013 587 2053 7.
623 2006 664 2042 κατὰ
682 2005 721 2040 ναῦν
739 2004 761 2051 μῆ
782 2006 827 2053 ἔχειν

490 2059 549 2102 uentu,-
563 2059 620 2098 Μανι,
631 2058 673 2110 Igu.
686 2072 702 2097 α.

463 2114 506 2159 Νῦξ.
535 2114 591 2164 Ἀγὼν
605 2114 625 2161 ἦν
639 2116 677 2161 ὑμῖν
691 2114 752 2163 ἡμέρας
766 2130 785 2150 τε
801 2115 827 2151 καὶ

490 2171 553 2207 νυκτός.
570 2168 629 2208 Olem.
645 2168 655 2206 I
671 2182 687 2206 2.
727 2169 793 2218 Ἡμέρα
809 2184 827 2206 τε

490 2226 517 2260 καὶ
529 2225 559 2270 νὺξ
568 2256 571 2262 ,
580 2255 583 2262 .
593 2225 666 2273 ,δρόμον
679 2223 778 2261 διανῦουσιν.
795 2236 824 2261 20.

489 2278 554 2328 Ἡμέρα
566 2281 592 2316 καὶ
604 2279 635 2325 νὺξ
646 2279 739 2315 ἀνάστασιν
748 2278 786 2325 ῆμῖν
797 2279 825 2323 δη-

489 2335 555 2370 λοῦσιν.
571 2346 601 2381 24.
636 2336 712 2380 κοιμᾶται
725 2333 735 2379 ῆ
749 2332 785 2379 νῦξ.
800 2332 825 2371 ib.

490 2389 520 2434 νίνξ
531 2388 626 2436 ἐπέρχεται,
640 2386 665 2425 ib.
693 2388 822 2434 ποιήσαντος...

489 2444 616 2492 τεσσαράκοντα
628 2441 693 2480 νῦκτας.
709 2451 739 2491 53.
768 2445 826 2480 νυκτὸς

489 2499 515 2533 καὶ
523 2497 589 2546 ἡμέρας,
605 2496 647 2548 Igu.
658 2497 712 2534 Rom.
725 2505 741 2545 5.
770 2499 787 2533 έν
796 2500 826 2544 μιᾷ

489 2552 541 2600 ἡμέρᾳ
559 2552 585 2589 καὶ
603 2551 648 2589 νυκτί
664 2555 683 2598 τῇ
702 2553 749 2599 αὐτῇ.
766 2550 824 2589 Mart.

489 2606 531 2657 Igu.
540 2616 557 2654 5.
579 2607 652 2655 διέτριβε
660 2607 695 2653 μετ’
703 2606 767 2655 ὀλίγων
775 2607 826 2644 νῦκτα

489 2665 514 2698 καί
523 2661 589 2710 ἡμέραν.
605 2660 661 2699 Mart.
672 2660 735 2711 Polye.
747 2671 764 2709 5.

463 2717 537 2764 Νωθρός.
575 2719 584 2752 ὁ
603 2717 666 2764 νωθρὸς
683 2718 709 2752 καὶ
727 2717 827 2764 παρειμένας

490 2771 583 2820 (ἐργάτης.)
594 2769 652 2808 (θίθῐῐι.
664 2770 674 2808 I
685 2783 715 2820 34.

462 2828 549 2873 Ξενισμός.
570 2826 649 2873 ξενισμὸν
657 2826 757 2874 παμνῐχενῆ
771 2829 825 2864 καινό-

489 2895 517 2926 της
526 2881 582 2916 αὐτοῦ.
597 2879 638 2931 Igu.
650 2878 698 2931 Eph.
708 2893 737 2930 19.

462 2935 516 2973 Ξένος.
535 2937 564 2981 τῆς
573 2950 591 2971 τε
601 2935 692 2984 ἀλλοτρίας
701 2938 728 2973 καὶ
737 2936 785 2984 ξένης
792 2939 828 2975 τοῖς

489 2991 572 3027 ἐκλεκτοῖς
581 3021 583 3027 .
593 3020 596 3027 ,
607 2993 702 3030 ,στάσεωςΙ
720 2990 779 3030 Olem.
790 2991 801 3029 I
812 3003 826 3029 [.

489 3044 528 3089 ξένα
540 3045 566 3080 καὶ
578 3048 642 3095 μακρόν
652 3047 689 3083 ἐστι
698 3051 731 3084 τῶν
741 3048 827 3096 ιἰπεχθιῦν,

489 3098 564 3149 Fruguu.
576 3098 599 3137 iv.
