1958 3490
297 243 338 286 AD
355 234 543 294 CORINTHIOS,
558 239 629 283 xxxiv.
766 239 809 284 125

113 364 196 428 itaque
212 359 257 431 hoe
272 357 404 424 exemplar,
418 357 450 407 ed
463 356 616 418 voluntatem
634 354 687 421 ejus
704 354 809 422 impigre

113 439 259 497 accedamus,
277 443 304 488 et
323 455 385 503 opus
401 435 515 503 justitiae
534 434 595 485 totis
610 433 700 484 nostris
715 432 810 484 viribus

113 534 245 587 operemur.

145 593 266 646 XXXIV.
284 593 370 644 Bonus
393 593 517 661 operarius
536 610 592 644 eum
610 591 700 642 fiducia
718 609 809 659 panem

112 673 191 743 operis
201 672 240 723 sui
251 671 355 739 accipit;
374 671 456 739 segnis
466 689 524 722 vero
536 676 563 722 et
572 670 694 730 remissus,
706 688 810 738 operum

111 752 294 813 distributorem
317 768 368 800 non
387 750 463 801 audet
482 749 579 801 intueri.
625 748 666 799 Ad
687 748 809 799 benefaci-

111 820 200 883 endum
218 829 295 897 igitur
313 828 404 880 alacres
421 846 466 879 nos
485 846 537 879 esse
560 833 671 895 oportet3
698 846 730 877 ex
752 827 807 894 ipso

110 910 174 961 enim
197 908 278 959 omnia
300 913 365 958 sunt.
411 907 534 958 Praedicit
556 906 620 957 enim
641 906 717 966 nobis,
740 906 918 971 decerptam.

109 982 242 1046 Dominus*
250 996 272 1038 et
283 1004 375 1037 merces
387 986 437 1053 ejus
449 1004 534 1037 eorem
545 986 595 1045 illo,
606 994 632 1036 ut
647 984 738 1036 redolet
750 985 806 1036 eei·
813 962 913 1050 lilolf'xm

109 1066 196 1133 cuique
207 1064 342 1117 secuudum
354 1083 415 1132 opus
428 1083 504 1116 suem.
539 1064 700 1116 Adhortando
712 1082 758 1114 nos
773 1064 806 1115 ad
816 1060 841 1085 ¹²¹

108 1146 189 1213 ipsum
206 1144 329 1194 convertit
347 1149 401 1194 toto
417 1144 493 1204 corde,
508 1163 539 1195 ne
559 1161 646 1212 segnes
665 1149 691 1194 et
708 1143 806 1194 desides

107 1226 183 1275 simus
199 1223 231 1290 ad
247 1241 319 1274 omne
336 1241 398 1291 opus
412 1224 509 1275 bonum.
545 1222 762 1277 Gloriationostra
779 1227 806 1272 et

107 1302 195 1353 fiducia
214 1302 240 1365 in
260 1319 288 1351 eo
308 1301 358 1362 sit3
379 1302 503 1363 voluntati
521 1303 574 1370 ejus
593 1292 757 1369 subjiciamur,
778 1306 805 1351 et

107 1380 291 1432 multitudinem
302 1380 442 1432 universam
450 1381 601 1450 Angelorum
610 1374 662 1448 ejus
671 1380 804 1448 diligenter

107 1459 290 1518 consideremus,
308 1459 513 1527 quemadmodum
527 1460 673 1512 adsistentes
688 1459 803 1510 volunta-

106 1544 159 1589 tem
170 1538 222 1606 ejus
233 1545 406 1606 exsequantur.
429 1539 497 1590 Dicit
508 1541 573 1590 enim
582 1535 717 1606 Scriptura,
726 1538 803 1589 Dece
811 1551 883 1587 Danau
889 1563 913 1586 10.

108 1616 190 1667 millio
199 1615 289 1667 denum
297 1616 406 1667 millium
415 1617 564 1669 adsistebant
573 1618 602 1678 ei,
609 1626 630 1668 et
641 1616 708 1668 mille
719 1616 803 1667 millio

106 1694 281 1746 ministrabant
299 1694 330 1755 ei,
350 1705 372 1746 et
392 1696 539 1757 clamabunt,
559 1696 671 1755 Sanctus,
687 1694 904 1758 secernendae

106 1774 212 1825 Seuerus
223 1774 348 1825 Demitur
364 1773 480 1835 Sabaoth,
493 1776 572 1842 plene
587 1785 620 1826 est
637 1774 717 1825 emeris
734 1773 803 1825 ered-

106 1950 165 1986 καὶτὸ
179 1950 287 1998 ἕργοναῦτοῡ
301 1951 336 1998 πρὸ
348 1951 442 1999 προσώπου
466 1949 544 1989 Rectius
559 1948 610 1988 Gull.
627 1949 708 1997 Burtun,
724 1943 803 1990 Heer-

105 2004 160 2041 ιιύποῦ.
176 2002 255 2042 Wouu
465 2004 517 2044 berte
525 2004 776 2044 uoudtboereodoleteosrt
785 2012 804 2045 to

135 2070 164 2096 10.
173 2059 192 2105 ἐξ
198 2058 238 2106 ὅλης
244 2061 274 2106 τῆς
279 2058 348 2108 καρδίας
355 2058 381 2097 ἐπ’
388 2059 433 2110 αὐτῷ
465 2060 525 2111 epple
534 2059 625 2099 owreeloee
634 2059 730 2109 larena,
740 2060 773 2100 ee.

106 2110 185 2161 Boisius,
205 2110 290 2167 [innixus
306 2112 362 2152 Prov.
378 2112 400 2151 iii
412 2121 430 2162 5,
495 2115 525 2153 16.
541 2114 602 2164 Μύριαι
618 2116 697 2165 μυριάδες
715 2131 730 2154 κ.
745 2131 759 2154 π.
772 2113 799 2169 X]

104 2179 151 2205 voce
168 2167 249 2207 nimium
266 2167 347 2207 licenter
363 2167 442 2216 intrusa,
466 2168 552 2209 Inversio
566 2172 595 2208 est
604 2168 712 2221 prophetici
723 2174 803 2209 contex-

105 2220 180 2273 legebat
191 2223 287 2261 πεποιθέναι
298 2223 325 2262 ἐπ’
334 2223 387 2275 αὐτῷ.
414 2222 442 2262 At
464 2227 497 2263 tus
510 2224 558 2264 Dan.
568 2223 596 2263 vii
606 2237 636 2273 10,
650 2238 710 2277 quum
724 2238 736 2264 a
747 2224 803 2264 LXX

104 2275 179 2326 Julius,
197 2277 265 2327 Fellus,
284 2281 304 2317 et
323 2276 442 2317 Oolomesiue
465 2279 598 2319 convenienter
615 2278 719 2331 archetypo
736 2279 801 2319 reddi-

104 2331 211 2372 rescribunt
224 2333 305 2372 ε’πάιίτό.
331 2331 441 2383 lievisqui-
464 2336 506 2373 tum
521 2333 651 2384 fuerit‚xittat
664 2336 741 2384 χιλιάδες
756 2336 801 2373 ε’λει-

104 2384 148 2424 dem
166 2392 195 2427 est
209 2387 297 2435 mutatio,
316 2387 380 2426 sensui
395 2400 440 2426 vero
463 2389 546 2439 τυύμμιυν
554 2391 604 2441 αι’πῷ,
613 2390 640 2427 καὶ
652 2389 710 2439 μύριαι
721 2391 802 2439 μυριάδες

103 2452 142 2479 11011
158 2442 261 2482 admodum
273 2454 361 2481 consona.
389 2441 440 2491 Quid
463 2444 604 2493 παρειστήκεισαν
623 2445 672 2494 αὐτῷ.
715 2443 801 2483 Consen-

103 2493 176 2547 igiturl
190 2497 260 2537 Fidens
269 2510 342 2549 repono
351 2510 355 2535 :
368 2498 439 2547 πμιιτμέ-
462 2497 514 2537 tiunt
523 2502 640 2537 tamencum
649 2498 748 2538 Clemente
758 2498 799 2538 Ire-

103 2565 152 2588 πετσι
165 2553 194 2590 οὗν
202 2553 244 2600 ἡμᾶς
253 2553 273 2599 ἐξ
283 2553 325 2600 ὅλης
334 2554 364 2599 τῆς
372 2553 446 2601 καρδίας,
463 2565 526 2601 naeus,
536 2552 559 2592 Π
566 2552 592 2592 vil
605 2551 631 2607 [4,
640 2566 653 2604 p
663 2565 700 2601 124
710 2553 739 2592 ed.
748 2552 800 2592 Mus-

102 2604 130 2643 ἐιιὶ
138 2607 158 2643 τὸ
170 2608 193 2655 μὴ
202 2608 264 2658 ἀργοὺς
275 2608 318 2655 μηδὲ
330 2607 440 2657 παρειμένους
462 2609 520 2658 suet]
535 2607 638 2659 Gregorius
645 2607 751 2659 Nyssenus,
758 2607 800 2647 Ho-

103 2657 148 2698 εἶναι.
183 2661 215 2701 Sic
233 2662 283 2702 clam
301 2661 351 2701 fiunt
369 2660 437 2701 omnio.
462 2662 502 2701 mil.
515 2664 526 2701 8
540 2662 561 2701 iu
575 2661 714 2711 Ecclesiastem,
727 2666 747 2702 et
761 2661 800 2714 Gy-

102 2711 188 2754 DAVIS.
229 2716 280 2756 Male
299 2715 438 2758 Schoeneman·
462 2716 669 2765 enumeraremus,
678 2716 768 2769 Epistola
778 2717 800 2756 in

98 2779 137 2806 'nus
147 2770 210 2820 vertit,
220 2772 290 2824 Itaque
299 2785 322 2811 eu
334 2778 372 2811 toto
382 2771 439 2811 eorde
462 2771 580 2824 Symbolum.
596 2771 687 2811 OO'I'EL.
741 2791 743 2794 v

101 2834 137 2861 eos
151 2822 239 2865 meroem
256 2827 291 2866 ud¹
300 2826 393 2866 boe-eui
406 2827 439 2866 ud·
482 2839 520 2876 ¹19.
530 2830 578 2866 πᾶσα
589 2828 599 2875 ἡ
612 2824 673 2881 κτίσις]
686 2824 798 2866 Articulum

101 2875 217 2928 stipulantur
230 2881 315 2922 Wekius
325 2886 345 2921 et
359 2880 439 2922 (lheval-
462 2894 472 2921 e
486 2880 630 2933 MStoprimus
644 2881 730 2921 restituit
742 2882 798 2922 Wot-

100 2929 170 2980 uerius,
184 2934 215 2973 He
228 2949 333 2976 ινσπιιιιιι
349 2937 439 2989 therefore
461 2942 523 2977 tonus.
557 2935 616 2988 Apud
638 2936 692 2976 LXX
715 2936 799 2989 legimus

99 2984 215 3036 beforebeerl
229 2992 275 3031 etet
289 2992 318 3031 ull
333 2991 364 3031 bis
379 2992 437 3032 lecet.
462 2996 509 3031 πᾶσι
522 2993 532 3040 ἡ
545 2994 572 3042 μῆ.
619 3016 620 3019 =
