2017 3420
154 228 196 271 110

181 336 232 386 143.
262 336 343 376 ὡσαύτως
357 339 383 375 καὶ
397 340 427 377 τὰς
440 339 519 389 ῥάβδους.

181 390 206 429 ib.
235 391 255 439 ἧς
270 392 291 429 άν
301 393 359 441 φυλῆς
374 392 384 439 τῇ
398 392 463 441 ῥάβδος
475 395 519 438 βλα-

181 446 244 493 στηση.
253 445 280 485 ib.
308 445 336 484 καὶ
348 445 464 497 προσήνεγκεν
476 448 519 497 ῥάβ-

182 501 227 538 δους.
244 499 270 539 ib.
307 501 334 538 καί
352 501 410 551 εὑρέθη
429 502 439 549 ῇ
456 501 521 552 ῥάβδος

181 553 287 603 Ἀαρῶν.ἰΙ).

153 608 211 646 Ῥέειν.
232 610 252 645 τδ
261 609 313 658 ῥηθὲν
321 610 355 647 ὑπὸ
363 613 394 647 τοῦ
402 611 466 659 πατρὸς
475 609 521 658 ἡμῶν

182 661 241 711 Ἀδάμ]
257 662 317 701 Olem.
329 662 340 701 Ι
350 664 368 702 6.

154 716 212 765 'mnam
240 717 314 764 ὑπήκοον
326 748 342 757 .,
352 746 356 754 .
365 721 400 757 τοῖς
414 718 478 768 ῥημαοι
489 720 520 755 τοῦ

182 775 233 810 Θεοῦ.
243 770 303 810 Olem.
316 771 327 810 Ι
339 784 369 810 10.
397 773 443 809 δεινά
455 772 521 822 ῥήματα

182 827 244 877 ἔλεγον
264 828 314 877 αὐτῷ.
338 825 397 865 Mart.
416 825 479 877 Polyc.
499 828 519 864 8.

120 880 125 886 ’
182 882 221 916 Πᾶν
229 881 262 929 γάρ
270 881 316 930 ῥῆμα
325 879 334 917 δ
343 881 434 929 ἐξαφῆκεν.
447 881 476 919 16.

154 933 216 981 Ῥῆσις.
231 935 260 972 τάς
267 935 341 983 γραφὰς,
348 935 378 973 τάς
386 935 453 981 ἀληθεῖς
461 934 520 985 ῥῇσεις

182 987 280 1035 Πνεύματος
289 991 319 1025 τοῦ
326 988 392 1037 Ἀγίου.
402 988 462 1027 Olem.
468 988 479 1026 I
486 998 519 1038 45.
543 998 546 1007 ¹

154 1042 205 1087 Ῥίζα.
232 1041 242 1088 ἡ
259 1042 323 1086 βεβαία
340 1044 370 1088 τῆς
386 1042 460 1082 πίστεως
475 1045 520 1091 ὑμῶν

181 1095 225 1145 ῥίζα.
239 1095 304 1147 Polye.
315 1095 364 1134 Phil.
376 1108 393 1134 1.

153 1149 288 1200 Ῥιφοκινδύνως.
312 1152 341 1188 ἐάν
350 1150 473 1200 ῥιψοκινδύνως
483 1152 520 1189 ε’πι-

182 1206 237 1252 δῶμεν
246 1204 320 1243 ἑαυτούς.
331 1203 391 1243 Olem.
402 1204 413 1242 I
425 1217 456 1252 14.

154 1258 239 1296 Ῥύεσθαι.
267 1257 293 1296 ἵνα
302 1259 388 1309 ῥύσωνται
400 1260 428 1297 διὰ
439 1262 470 1297 τού
482 1261 520 1297 εἀυ-

182 1317 216 1350 τῶν
225 1311 300 1360 αἵματος.
311 1312 372 1352 Olem.
382 1313 393 1351 Ι
404 1321 435 1362 55.
463 1312 490 1351 ίνο
500 1316 521 1352 τὸ

182 1368 304 1416 δωδεκάφυλον
348 1367 426 1417 ῥύσηται.
437 1367 463 1406 ib.
473 1373 475 1375 ’
492 1369 520 1418 ἐρ.

182 1420 248 1470 ρύσατο
261 1423 291 1459 τὸν
302 1424 350 1460 λαόν.
365 1421 390 1460 ib.
419 1423 467 1460 οὐδὲν
478 1423 521 1470 ἡμᾶς

182 1474 253 1525 ῥύσεται
269 1477 287 1513 ἐκ
302 1479 333 1524 τῇς
346 1476 414 1514 αίωνίου
428 1477 520 1516 κολάσεως.

183 1528 207 1567 ΙΙ
217 1530 235 1567 6.
263 1532 300 1569 ταῖς
309 1532 364 1568 αὐτῶν
371 1530 482 1570 δικαιοσύναις
491 1530 521 1580 ῥά-

183 1584 247 1621 σασθαι
256 1585 277 1621 τὰ
286 1585 339 1623 τέκνα.
349 1583 375 1623 ib.

154 1638 236 1685 Ῥνθμεῖν.
263 1637 291 1676 ἵνα
306 1639 385 1688 ῥυθρὴοῃ
400 1639 440 1678 τούς
455 1640 519 1678 αἰῶνας.

182 1690 242 1730 Olem.
253 1691 331 1744 Fragm.
342 1692 381 1732 viii.

154 1747 241 1796 Ῥυπαράς.
270 1750 279 1784 ὁ
293 1751 374 1791 τοιοῦτος,
386 1748 461 1797 ῥυπαρὸς
473 1750 520 1797 γενό-

182 1816 236 1848 μενος.
251 1799 295 1852 Ign.
307 1801 357 1853 Eph.
370 1802 401 1840 16.

155 1855 250 1902 Ῥωμαῖκάς.
278 1860 299 1903 τῇ
308 1856 389 1903 Ῥωμαϊκῇ
399 1858 452 1905 φωνῇ.
463 1854 520 1894 Mart.

183 1908 227 1959 Ign.
238 1909 256 1947 6.

155 1963 263 2000 Ῥώννυσθαι.
286 1962 379 2012 Ἔρρωσθε
394 1965 412 2001 ἐν
426 1968 464 2015 θεῷ
482 1970 519 2002 Πα-

183 2018 217 2064 τρί.
232 2016 276 2068 Igu.
286 2016 337 2067 Eph.
348 2030 378 2056 21.
402 2017 494 2067 ’Ἔρρωσθε
503 2020 521 2055 ἐν

183 2071 251 2118 ὁμονοίᾳ
269 2075 318 2109 θεοῦ.
337 2071 403 2122 Magn.
422 2081 451 2120 15.
476 2072 519 2121 ’'Ep-

182 2126 241 2174 ρωσθε
249 2126 267 2162 ἐν
272 2125 330 2172 Ἰησοῦ
338 2129 414 2176 Χριστῷ.
422 2125 479 2164 Trall.
490 2139 519 2175 13.

183 2177 212 2217 Of.
222 2178 296 2217 Philad.
309 2192 339 2217 11.
362 2180 454 2229 ’Ἔρρωσθε
463 2181 486 2219 εἷς
492 2181 519 2217 τέ-

182 2236 218 2272 λος.
229 2233 283 2272 Rom.
297 2245 329 2273 10.
353 2233 446 2283 ’Ἔρρωσθέ
458 2250 487 2282 μοι
503 2236 520 2271 ἐν

182 2289 250 2335 δυνάμει
266 2287 370 2336 Πνεύματος.
395 2287 471 2339 Smyrn.
489 2301 518 2338 13.

178 2342 271 2390 ’Ἔρρωσθε
279 2344 297 2379 ἐν
305 2344 364 2392 χάριτι
374 2346 423 2380 θεοῦ,
433 2342 459 2380 ib.
480 2343 518 2392 Ἐρ-

181 2398 248 2444 ρῶσθαι
257 2398 299 2444 ὑμᾶς
309 2427 324 2436 ..
334 2427 338 2435 .
347 2400 422 2446 εὔχομαι.
429 2396 493 2447 Polyc.
500 2399 517 2435 8.

178 2450 270 2499 ’Ἔρρωσθε
279 2452 297 2488 ἐν
306 2452 369 2502 Κυρίῳ.
379 2450 406 2490 ib.
423 2452 519 2500 Ἐρρῶσθαι

181 2506 223 2551 ὑμᾶς
233 2507 321 2553 εὐχόμεθα,
332 2505 390 2544 Mart.
402 2505 465 2556 Polyc.
477 2518 508 2543 22.

154 2561 270 2605 Σαββατίζειν,
306 2561 364 2607 μηκέτι
379 2562 518 2607 σαββατίζοντες.

181 2612 224 2664 Igu.
235 2613 301 2665 Magn.
306 2612 329 2663 '9.

153 2668 249 2713 Σάββατον.
278 2669 326 2707 άντος
336 2670 427 2713 Σαββάτου
436 2670 517 2718 μεγάλου.

181 2722 238 2761 Mart.
250 2722 313 2773 Polyc.
325 2724 343 2761 8.
377 2726 464 2773 Μαρτυρεῖ
476 2723 495 2760 δέ
508 2725 518 2759 ὁ

180 2778 260 2825 μακάριος
269 2777 382 2826 Πολύκαρπος
393 2808 397 2817 .
406 2809 410 2816 .
419 2806 423 2814 .
433 2779 518 2828 Σαββάτῳ

180 2833 296 2882 μεγάλιρλῐ.

152 2885 237 2923 Σαλεύειν.
262 2888 282 2923 Οἱ
292 2887 359 2936 οὐρανοὶ
368 2889 388 2933 τῇ
398 2885 478 2934 διοικήσει
487 2887 516 2923 αὐ-

179 2943 209 2976 τοῦ
218 2942 334 2987 σαλευόμενοι.
345 2939 406 2978 Olem.
417 2940 427 2977 Ι
439 2952 470 2978 20.

151 2996 236 3042 Σαρκικάς.
264 2993 294 3033 Εἷς
307 2996 363 3044 ἰατρός
375 2995 427 3038 ἐστιν,
438 2997 516 3044 σαρκικός

178 3063 197 3084 τε
210 3049 236 3085 καί
250 3050 366 3097 πνευματικός.
377 3047 419 3100 Igu.
434 3048 484 3099 Eph.
496 3060 513 3098 7.

407 228 505 272 INDEX
519 227 694 272 VERBORUM

576 342 598 378 01
612 341 690 389 σαρκικοί
704 339 726 377 τά
741 338 845 386 πνευματικὰ
860 337 917 387 πράσ-

576 409 614 432 σειν
628 395 648 432 οιί
664 393 746 437 δύνανται,
762 394 801 430 ούδὲ
815 395 831 430 οί
844 407 918 440 πνευμα-

575 450 618 486 τικοὶ
627 449 648 485 τά
658 449 735 498 σαρκικά.
750 449 768 486 8.
797 447 823 485 ἵνα
837 443 918 493 ἕνωσιςῇ

576 502 647 552 σαρκικῇ
656 518 675 540 τε
687 503 714 540 καί
727 502 835 549 πνευματική.
845 500 916 551 Magn.

578 567 609 606 13.
647 558 674 593 καὶ
693 556 772 594 συνέπιεν
790 557 813 594 ὡς
831 556 916 604 σαρκικός.

576 609 655 661 Smyrn.
667 622 685 659 3.
709 610 808 658 ἀναστάσει,
819 612 889 658 σαρκικῇ
898 624 917 646 τε

575 666 603 702 καὶ
620 667 729 712 πνευματικῇ.
751 675 782 702 12.
814 664 872 702 πίστει
890 663 917 700 καὶ

575 719 633 769 άγάπῇ
648 722 719 767 σαρκικῇ
733 734 752 756 τε
766 718 793 755 καί
809 719 916 765 πνευματικῇ.

578 785 608 822 13.
628 773 715 820 ἐπιμελείᾳ
724 775 795 822 σαρκικῇ
805 787 824 809 τε
833 772 860 809 καί
867 786 917 809 πνευ-

575 830 642 876 ματικῇ.
653 826 718 878 Polyo.
728 839 743 864 Ι.
773 827 805 863 Διὰ
814 829 865 863 τοῦτο
874 840 917 875 σαρ-

575 882 621 920 κικδς
630 879 681 919 εἶκαὶ
690 882 805 927 πνευματικός.
817 892 834 918 2.

575 991 603 1027 καὶ
611 993 732 1037 πνενματικῶς.
742 988 787 1040 Ign.
797 986 847 1039 Eph.
857 999 887 1026 10.

547 1045 624 1093 Σαρκὶον.
652 1045 752 1090 κοινωνῆσαι
766 1045 791 1094 τῷ
805 1041 848 1093 ἁγίῳ
864 1042 916 1079 αὐτοῦ

575 1098 647 1148 σαρκίιρ.
662 1097 720 1136 Mart.
731 1095 795 1147 Polye.
808 1105 838 1146 17.

548 1153 663 1201 Σορκοφύρος.
683 1152 706 1199 μὴ
715 1153 805 1201 ὁμολογῶν
813 1152 863 1188 αύτάν
872 1165 915 1200 σαρ-

575 1208 662 1255 κοφάρονς
677 1203 808 1256 Ign.Smy1'n.
819 1214 836 1253 5.

548 1261 600 1309 Σάρξ.
616 1260 712 1309 σηπορένητ
718 1260 736 1296 δὲ
741 1262 771 1307 τῆς
778 1261 845 1308 σαρκός.
855 1257 914 1297 Olem.

576 1313 631 1363 125.
667 1315 686 1361 ἐξ
701 1315 753 1351 αύτοῦ
767 1316 777 1350 ὁ
791 1312 852 1362 Κύριος
861 1313 880 1351 Ἰ.
896 1315 915 1351 τά
935 1330 937 1333 ’

576 1370 618 1406 κατὰ
634 1370 694 1418 σάρκα,
711 1380 743 1417 31.
773 1371 782 1405 ὁ
798 1368 849 1417 ἁγνὸς
863 1368 881 1405 ἐν
895 1371 915 1414 τῇ

575 1423 632 1473 σαρκί.
644 1424 675 1472 38.
695 1424 722 1459 καὶ
730 1422 761 1469 τὴν
770 1423 826 1471 σάρκα
834 1422 877 1471 ὑπὲρ
886 1424 916 1469 τῆς

575 1478 640 1527 σαρκὸς
653 1478 706 1525 ἡμῶν.
722 1488 755 1526 49.
784 1475 845 1525 Κύριος
859 1477 916 1523 πάσης

576 1533 644 1581 σαρκάς,
665 1533 697 1580 58.
730 1532 741 1578 ἡ
759 1531 838 1578 ἐπιδημία
856 1531 874 1567 ε’ν
891 1534 915 1580 τῷ

576 1588 636 1636 κόσμῳ
652 1585 707 1636 τούτῳ
725 1587 755 1632 τῆς
769 1586 833 1634 σαρκὸς
848 1583 913 1631 ταύτης.

576 1639 599 1678 ΙΙ
609 1648 627 1688 5.
655 1641 674 1676 ἐν
689 1643 710 1690 τῇ
727 1640 778 1689 σαρκὶ
794 1639 805 1676 ά
820 1639 915 1687 ἐπράξαμεν

575 1695 645 1743 πονηρά.
660 1695 677 1732 8.
706 1693 737 1740 τὴν
753 1694 808 1742 σάρκα
824 1693 876 1741 ἁγνὴν
885 1708 915 1739 τη-

576 1748 664 1798 ρῇσαντες.
675 1747 701 1786 ib.
723 1746 811 1796 Τηρήσατε
820 1747 850 1794 την
859 1748 915 1795 σάρκα

576 1802 635 1851 ἁγνήν.
650 1801 675 1840 ib.
705 1802 732 1839 ὅτι
746 1800 787 1849 αύτη
804 1801 815 1848 ἡ
834 1801 879 1849 σάρξ
895 1802 915 1837 οὐ

577 1856 654 1905 κρίνεται.
672 1869 689 1905 9.
718 1857 732 1893 εἲ
750 1856 773 1903 μὴ
792 1856 810 1893 ἐν
826 1859 846 1901 τῇ
864 1856 915 1904 σαρκὶ

575 1909 627 1957 ταύτῃ
646 1910 697 1949 ὄντες.
716 1908 741 1948 ib.
777 1911 800 1948 ὡς
817 1911 856 1947 ναὸν
871 1912 915 1946 θεοῦ

574 1965 675 2012 φυλάσσειν
689 1965 719 2012 τὴν
732 1965 792 2013 σάρκα.
807 1962 833 2001 ib.
862 1964 880 2000 ἐν
893 1966 914 2009 τῇ

575 2020 626 2068 σαρκὶ
645 2018 731 2066 ἐκλήθητε,
748 2019 775 2055 καὶ
794 2019 846 2064 ε’ντῇ
864 2019 915 2066 σαρκὶ

575 2072 674 2110 ἐλεύσεσθε.
690 2071 717 2110 ib.
745 2072 769 2109 ὣν
777 2073 808 2119 μὲν
817 2073 836 2109 τὸ
848 2075 915 2120 πρῶτον

574 2130 646 2175 πνεῦμα,
654 2128 720 2177 ἐγένετο
730 2127 783 2175 σάρξ.
792 2125 818 2164 ib.
836 2127 854 2162 ἒν
862 2125 914 2172 ταύτῃ

574 2184 595 2227 τῇ
610 2182 661 2229 σαρκὶ
674 2181 800 2230 ἀποληφόμεθα
808 2181 838 2217 τὸν
846 2180 913 2227 μισθόν.

574 2234 600 2272 ib.
629 2236 676 2282 ὑμῶν
690 2236 708 2272 δὲ
723 2236 741 2271 ἐν
755 2236 807 2283 σαρκὶ
821 2235 913 2284 ἐπισκάπῳ.

574 2288 618 2340 Ign.
638 2287 688 2339 Eph.
706 2301 721 2327 1.
755 2287 779 2325 *A
797 2289 816 2325 δὲ
831 2289 914 2325 καὶκατὰ

574 2346 631 2393 σάρκα
639 2345 733 2392 πράσσετε.
744 2344 762 2381 8.·
783 2343 850 2379 οἱκατὰ
859 2343 914 2391 σάρκα
957 2354 958 2358 ’

574 2401 628 2435 ταῦτα
642 2399 757 2447 πράσσοντες.
775 2397 805 2435 16.
833 2397 913 2447 τῷκατδ

574 2453 630 2501 σάρκα
644 2453 662 2488 ἐκ
678 2452 736 2501 γε’νους
752 2453 814 2495 Δαβὶδ.
834 2462 865 2488 20.
894 2450 913 2496 ἐξ

574 2506 626 2542 αὐτοῦ
638 2507 744 2553 ...Ἰησοῦς
760 2508 779 2542 τὸ
796 2505 837 2542 κατά
852 2506 911 2553 σάρκα.

575 2558 698 2611 ΟΙθ]]1.Ι32.
727 2561 785 2608 μηδεὶς
801 2560 842 2597 κατὰ
858 2559 913 2608 σάρκα

573 2614 653 2657 βλεπέτω
662 2616 692 2651 τὸν
699 2616 780 2661 πλησίον.
793 2613 836 2664 Ign.
846 2612 913 2664 Magn.

575 2668 593 2706 6.
608 2668 712 2717 Ὑποτάγητε
721 2672 745 2719 τῷ
754 2669 842 2718 ἐπισκύπιρ
854 2697 870 2706 ..
879 2695 882 2704 .
891 2669 913 2705 ὡς

573 2723 640 2769 Ἰησους
650 2726 674 2773 τῷ
684 2725 739 2769 Ποτρὶ
753 2722 795 2760 κατὰ
809 2724 869 2770 σάρκα.
881 2733 911 2771 13.

573 2778 599 2813 Ού
608 2777 649 2813 κατὰ
659 2779 714 2826 σάρκα
724 2778 844 2826 ὑμῖνέγραφα.
855 2775 911 2814 Rom.

573 2831 593 2868 8.
608 2833 628 2878 τῇ
638 2832 672 2882 ὁδῳ
681 2835 701 2879 τῇ
709 2832 750 2869 κατὰ
760 2834 820 2880 σάρκα.
831 2843 847 2879 9.
870 2846 912 2868 κατα

573 2887 629 2935 σάρκα
637 2915 641 2924 .
649 2915 653 2923 .
662 2885 759 2933 ,ἠθέλησαν
765 2887 857 2932 πλανῆσαι.
865 2884 911 2922 Phi·

571 2939 608 2977 lad.
620 2947 637 2988 7.
665 2941 695 2976 τὸν
706 2940 769 2989 Κύριον
821 2941 839 2976 ἐκ
852 2940 912 2988 γένους

571 2994 628 3038 Δαβὶδ
635 2994 677 3031 κατὰ
683 2996 743 3044 σάρκα.
753 2993 830 3044 Smyl'n.
838 3006 854 3031 Ι.
870 3008 912 3030 κατα

570 3050 626 3097 σάρκα
636 3049 662 3085 καί
672 3052 737 3096 πνεῦμα
749 3049 843 3096 ἡνωμένοις.
854 3046 909 3085 Rom.
