1931 3420
307 232 344 276 ιιι
359 232 585 291 FORMULARUM.
759 225 761 227 ’
786 232 827 276 111

90 341 151 388 Insor.
187 346 311 394 κατευοδωθῇτε
332 348 383 396 σαρκὶ
406 348 433 384 καὶ
487 347 555 395 ειδήσει.
575 347 601 387 ib.
638 348 691 385 τὸν..
703 348 779 394 ,σεμνὸν
798 349 829 395 τῆς

88 399 177 448 πνεύματι.
188 399 254 452 Magn.
267 412 298 449 13.
326 416 347 449 με
360 400 431 439 ἀνέπαν-
487 403 535 451 ἁγίας
544 402 620 450 κλήσεως
629 401 675 449 ἡμῶν
683 402 749 438 κανόνα.
761 409 780 450 7.
808 402 829 438 τὸ
873 404 877 412 ’

89 468 123 492 σαν
130 454 330 504 σαρκίτεκαίπνεθματι.
338 454 430 493 Trall.12.
487 456 550 503 σεμνὸν
568 458 598 504 τῇς
619 454 721 504 περιβοήτου
742 455 828 502 φιλαδελ-

89 508 217 557 καθηλωμένοντ
232 510 250 547 ἐν
264 512 288 559 τῷ
303 512 372 557 στανρῶ
375 536 432 548 .....
487 509 534 558 φίας.
550 517 582 559 47.
610 509 640 556 τὴν
654 509 717 555 σεμνὴν
730 510 760 555 τῇς
774 510 828 557 φιλα-

89 562 143 611 σαρκί
155 579 174 600 τε
188 564 215 600 καὶ
228 562 313 610 πνεύματιΙ
326 562 402 614 Smyrn.
415 575 431 600 1.
487 564 559 612 δελφίας
569 564 615 611 ἡμῶν
624 563 675 612 ἁγνὴν
683 561 757 611 ἀγωγήν.
768 564 800 610 48.

88 616 198 665 κρατηθέντες
211 620 232 665 τῇ
245 618 296 666 σαρκὶ
307 618 359 654 αὐτοῦ
371 618 432 668 καὶτῷ
459 619 546 665 Σεμνότηο.
574 618 596 665 μὴ
611 617 727 665 παρεκβαίνων
741 617 828 654 τὸν...κα-

88 670 177 719 πνεύματι,
188 683 207 720 3.
235 674 271 710 τοῖς
285 672 365 718 σνριβίοιο
378 672 432 720 ιίρκεῖ-
486 673 530 715 νόνα,
541 672 559 709 ἐν
567 673 662 718 σεμνότητι.
673 668 734 708 Olem.
745 668 756 706 I
767 682 800 718 41.

88 725 131 772 σθαι
140 726 191 774 σαρκὶ
200 726 228 762 καί
238 724 325 773 πνεύματι,
336 725 400 776 Polye.
411 737 430 773 5.
459 729 525 773 Σεμνῶς
533 726 631 775 οἷκονργεῖν.
643 723 703 762 Olem.
714 723 725 760 Ι
734 735 751 761 1.

88 777 150 816 ἕνωσιν
159 782 231 827 εὔχομαι
243 781 307 829 σαρκὸς
318 781 345 817 καί
357 779 430 828 πνεθμα-
458 780 578 828 Σεπτέμβριος.
605 780 672 828 τῇπρὸ
684 777 731 815 ε’ννέα
741 779 830 815 καλανδῶν

35 858 36 862 =
87 847 124 872 τος.
134 832 202 884 Magn.
215 846 232 871 1.
260 834 364 882 ἐκκλησίᾳ..
375 835 430 883 ,είρη-
486 834 610 883 Σεπτεμβρίων.
621 833 664 884 Ign.
675 832 731 870 Rom.
743 844 774 871 10.

88 886 161 934 νενοθσῇ
171 888 189 925 ἐν
198 888 249 937 σαρκί
260 889 288 925 καὶ
300 886 362 935 αἵματι.
373 887 430 926 Τιάίί.
458 890 516 936 Σηκός.
545 889 597 935 σηκὸν
610 889 664 938 ἐαυτῷ
677 889 728 925 ποιεῖ.
744 884 829 925 olem]

88 939 149 980 Inscr.
177 942 295 990 καθηλωμένον
304 943 346 992 ὑπὲρ
358 943 405 991 ἡμῶν
413 943 431 980 ἐν
487 950 518 991 25.
547 941 590 992 αίρει
598 943 628 979 τὸν
634 943 686 989 σηκὸν
695 942 764 979 ἐκεῖνον.
774 940 801 979 ib.

88 996 145 1044 σαρκί.
158 994 235 1047 Smym.
248 1008 264 1034 1.
291 998 335 1043 μετὰ
347 997 378 1044 τὴν
391 997 430 1034 οἰνά-
458 999 534 1044 Σημεῖον.
561 995 595 1035 ἐίς
615 999 665 1033 τοῦτο
684 997 754 1043 σημεῖον
773 995 827 1042 ἐτέθη.

88 1063 152 1087 στασιν
170 1050 189 1087 ἐν
207 1051 258 1099 σαρκί
279 1051 330 1088 αὐτὸν
348 1049 390 1088 οἶθα.
411 1063 429 1100 3.
486 1049 546 1090 Olem.
566 1050 576 1089 I
593 1063 624 1089 11.
662 1049 772 1100 προσέθεντο
785 1050 828 1096 αὐτῇ

87 1102 392 1151 Ἀσπάζομαι....πάντατ....καλ
409 1107 430 1152 τῇ
485 1106 542 1142 δοῦναι
560 1107 635 1153 σημεῖον.
653 1116 683 1142 12.
714 1102 789 1151 Ἴδωμεν
807 1104 827 1140 τὸ

87 1157 341 1208 σαρκίαύτοῦκαὶτῷαῖματι.
354 1170 384 1197 12.
413 1160 431 1196 ἐν
484 1159 581 1208 παράδοξον
595 1161 669 1206 σημεῖον.
687 1165 719 1205 15.
747 1159 791 1205 μετὰ
807 1158 828 1194 τὸ

88 1212 139 1261 σαρκὶ
147 1214 237 1261 γενόμενος
246 1213 294 1250 θεός.
304 1210 354 1263 Eph.
364 1220 383 1261 7.
412 1212 431 1251 ὃς
484 1212 563 1262 γενέσθαι
578 1213 599 1250 τὰ
616 1215 699 1260 σημεῖα..
711 1212 741 1249 .ε’ν
756 1214 779 1261 γῇ
796 1212 827 1249 Αί-

87 1264 109 1303 θν
120 1266 143 1313 μὴ
157 1268 233 1315 ὁμολογῇ
242 1265 261 1303 Ἰ.
269 1271 290 1302 Χ.
300 1265 318 1302 ἐν
327 1268 378 1315 σαρκὶ
390 1266 430 1313 ἕλη·
484 1266 557 1315 γιίπτον.
568 1274 599 1314 51.
617 1267 648 1303 κᾶν
656 1268 718 1314 σημεῖα
726 1265 774 1312 ποίῃ.
783 1264 821 1317 Igu

87 1319 162 1357 λυθίνοι.
173 1319 238 1370 Polye.
247 1318 295 1358 Phil.
305 1330 323 1368 7.
340 1321 358 1357 ἐν
366 1320 429 1364 πίστει,
484 1320 561 1371 Fragm.
570 1319 596 1358 ix.
810 1342 813 1347 ¹

87 1373 133 1420 †3s†
142 1374 191 1411 ε’στιν
202 1374 248 1423 σὰρξ
260 1376 291 1411 τοῦ
302 1375 371 1423 Κυρίου.
385 1373 429 1425 Ign.
458 1375 575 1422 Σημειοῦσθοι.
603 1375 657 1413 πάντα
675 1374 794 1421 ἐσημειώσοτο
810 1374 829 1410 ἐν

87 1425 145 1466 Trall.
155 1429 173 1466 8.
189 1428 240 1477 ἰίρτον
249 1429 292 1474 ζωῇς
301 1427 320 1466 θα
328 1429 376 1466 ἐστιν
385 1429 431 1477 σὰρξ
484 1431 520 1467 ταῖς
531 1430 582 1479 ἱεραῖς
590 1429 667 1473 βίβλοις.
678 1426 740 1466 Olem.
751 1426 762 1465 I
772 1439 805 1476 43.

87 1481 145 1528 Ἰησοῦ
157 1485 239 1531 Χριστοῦ.
249 1481 304 1520 Rom.
315 1488 333 1532 7.
362 1482 430 1530 τῇνεῦ-
457 1483 556 1530 Σημείωσιι,
584 1484 608 1521 εἷς
620 1482 670 1530 κρίμα
681 1483 708 1519 καὶ
719 1482 744 1520 εἷς
753 1482 827 1530 σημείω-

86 1535 180 1587 χαριστίαν
193 1537 249 1584 σάρκα
263 1534 304 1573 εἶναι
312 1564 369 1576 .....
373 1537 430 1583 Ἰησοῦ
484 1537 618 1587 σιν-..γίνονται
629 1535 689 1574 Olem.
700 1535 750 1573 111.

87 1593 168 1639 Χριστοῦ.
180 1588 283 1641 8111571116.
306 1591 336 1637 μία
344 1591 378 1640 γὰρ
385 1591 431 1640 σὰρξ
457 1591 531 1640 Σῇμερον
538 1592 556 1629 ἐν
562 1591 613 1638 θυσίη
619 1589 669 1628 πίονι.
678 1589 735 1627 Mart.
745 1588 787 1627 Pol.
794 1601 825 1636 14.

86 1647 118 1681 τοῦ
136 1642 204 1694 Κυρίου.
225 1643 299 1682 Philad.
318 1657 336 1692 4.
374 1659 429 1693 προσ·
458 1644 524 1692 Σὴπειν.
558 1645 652 1692 σηπομένης
671 1645 689 1681 δὲ
707 1646 737 1691 τῆς
756 1645 826 1693 σαρκός.

87 1698 149 1747 φυγὼν
158 1702 182 1749 τῷ
194 1698 288 1748 εὐαγγελίῳ
302 1699 324 1737 ὧς
338 1700 389 1748 σαρκὶ
397 1699 429 1745 Ἰη-
485 1697 609 1747 0111111Ι25.

87 1755 126 1789 σοῦ.
146 1760 163 1800 5.
192 1753 226 1790 ἀπὸ
244 1753 308 1801 σαρκὸς
326 1753 431 1801 ἀνθρωπίνης
457 1754 513 1802 Σιγᾶν.
541 1752 654 1797 θοονβλέπει
666 1767 692 1790 τις
705 1755 781 1801 σιγῶντα
790 1752 827 1789 ἐπί-

87 1808 118 1843 οὔκ
130 1807 188 1855 ἔγνων.
200 1814 219 1855 7.
247 1807 277 1853 τὴν
286 1806 342 1854 σάρκα
353 1807 399 1854 ὑμῶν
408 1808 431 1845 ὡς
485 1821 557 1845 σκοπον.
573 1806 615 1857 Ign.
630 1804 679 1856 Eph.
695 1805 712 1843 6.
747 1804 828 1854 ἃσιγῶν

87 1862 127 1897 ναὸν
144 1864 188 1897 θεοῦ
206 1863 276 1909 τηρεῖτε.
293 1858 319 1897 ib.
350 1862 429 1909 Χριστὸς,
484 1861 503 1897 δὲ
521 1859 614 1908 πεποίηκεν.
635 1869 665 1908 15.
703 1859 723 1896 δι’
743 1860 767 1896 ὧν
785 1862 828 1908 σιγᾷ

87 1914 112 1952 εἷς
123 1913 144 1951 ὃν
152 1915 253 1960 ἐλπίζουσιν
261 1914 317 1962 σαρκὶ,
328 1915 384 1963 ψυχῇ.
398 1926 428 1952 11.
484 1916 592 1964 γινώσκηται.
602 1913 628 1952 ib.
657 1914 676 1952 ὃς
689 1918 745 1963 σιγῶν
756 1914 828 1950 πλείονα

86 1969 107 2005 οίι
119 1970 163 2017 πρὸς
175 1970 231 2017 σάρκα
243 1970 252 2004 ὁ
266 1969 323 2017 λόγος.
333 1968 399 2019 Magn.
410 1981 428 2017 3.
484 1968 557 2006 δύναται.
568 1967 642 2006 Philad.
654 1981 668 2019 1.

86 2022 111 2061 εἷς
126 2022 176 2070 τιμῇν
190 2026 221 2059 τοῦ
237 2022 301 2071 Κυρίου
316 2025 346 2069 τῆς
360 2025 429 2071 σαρκός,
457 2022 503 2072 Σιγίρ
532 2021 826 2072 οὗκᾶπὸσιγῆςπροελθώνᾸςη.

87 2074 153 2126 Polyc.
169 2083 186 2123 5.
218 2076 247 2113 ε’ὰν
262 2076 281 2113 δὲ
299 2075 383 2124 ε’ρασθῇτε
400 2079 430 2123 τῆς
484 2075 551 2127 Magn.
562 2078 581 2115 8.

87 2132 151 2179 σαρκός
168 2145 208 2177 μου.
225 2129 282 2168 Rom.
300 2141 318 2167 2.
353 2131 384 2177 τὴν
401 2133 431 2178 τῆς
458 2132 544 2179 Σιδηροῦν.
569 2132 638 2178 δεσμοῖς
647 2129 733 2177 συνδήσας
743 2131 826 2179 σιδηροῖς.

86 2185 151 2233 σαρκὸς
159 2184 260 2232 οἰκονομίαν.
268 2183 325 2222 Mart.
337 2183 402 2235 Polyc.
412 2196 429 2222 2.
485 2184 543 2223 Mart.
553 2185 595 2236 Ign.
608 2197 624 2223 2.

86 2240 117 2285 τῆς
126 2239 190 2287 σαρκὸς
198 2237 301 2286 ἀπεδήμουν.
311 2236 336 2277 ib.
366 2240 399 2287 οὐχ
408 2240 431 2278 ὡς
458 2242 513 2277 Σῖτος.
536 2242 583 2278 Σῐτός
592 2240 625 2286 εἶμι
634 2236 732 2287 Θεοῦ.Ιὲ11.
741 2236 798 2275 Rom.
807 2250 826 2284 4.

87 2292 134 2340 σὰρξ
142 2292 226 2339 καιομένη.
239 2301 271 2341 15.
458 2296 530 2331 Σιωπᾶν.
557 2293 637 2342 ἥᾶγάπη
651 2292 681 2328 οὐκ
695 2292 713 2338 ἐᾷ
725 2306 747 2338 με
759 2293 827 2329 σιωπᾶν
854 2307 858 2313 ·

22 2371 24 2375 -
59 2346 155 2389 Σβεννιίειν.
186 2348 206 2383 τὸ
219 2347 289 2387 αι’ὠνιον
304 2347 331 2383 καὶ
347 2346 431 2395 μηδέποτε
485 2348 524 2395 περὶ
533 2347 584 2394 ὑμῶν.
595 2347 637 2396 Ign.
648 2344 726 2395 Eph.3.
750 2344 827 2391 Ἄμεινον

86 2399 201 2448 σβεννύμενον
212 2404 253 2449 πῦρ.
264 2400 323 2439 Μαΐθ,
334 2400 399 2451 Polyc.
411 2412 429 2438 2.
484 2401 532 2437 ε’στιν
546 2403 610 2438 σιωπᾶν
623 2400 650 2436 καὶ
664 2397 709 2436 εἶναι.
722 2406 753 2445 15.
786 2401 826 2435 οὔτε

86 2454 122 2500 μετ’
132 2455 192 2503 ὀλίγον
202 2454 364 2502 σβεννύμενονη.
484 2455 535 2501 ὑμεῖς,
557 2455 586 2491 ἐὰν
604 2452 707 2499 σιωπῇσητε.
727 2451 785 2489 Rom.
807 2464 823 2490 2.

59 2509 163 2555 Σεβάσμιος,
194 2507 343 2559 Τῇ...σεβασμίηι
352 2508 430 2555 πολιτείᾳ
484 2508 524 2544 Ἐίιν
537 2504 570 2556 γὰρ
584 2506 682 2553 σιωπῇσητε
695 2506 724 2544 ἀπ’
738 2505 786 2552 ε’μοῦ.
797 2505 825 2544 ib.

86 2562 214 2610 κεκοσμημένοι.
225 2561 307 2600 01θιιι.Ι
319 2575 336 2600 2.
485 2562 530 2598 ὥστε
547 2562 575 2598 ἐπὶ
586 2560 622 2609 γδύο
640 2561 684 2608 ὥρας
701 2560 723 2607 μὴ
741 2559 826 2597 δύνασθαι

59 2614 151 2659 Σέβεσθαι.
177 2619 238 2663 τοῦτον
247 2617 330 2666 ἄρξωνται
340 2615 429 2660 σέβεσθαι.
471 2616 577 2666 σιωπῆσαι.
587 2613 644 2652 Mart.
655 2613 720 2664 Polye.
732 2620 751 2661 7.

87 2667 261 2720 Mart.Polye.17.
279 2672 318 2707 οὔτε
328 2670 385 2719 ἕτερόν
393 2683 430 2706 τινα
457 2668 520 2715 Σιωπῇ.
549 2670 573 2705 Οὐ
587 2670 652 2714 σιωπῇς
666 2668 750 2715 μόνοντὰ
768 2668 825 2716 ἔργον.

87 2724 178 2768 σέβεσθαι.
188 2723 214 2761 ib.
483 2722 527 2773 Igu.
537 2721 592 2760 Rom.
601 2734 619 2771 3.

59 2776 129 2825 Σελήνη.
153 2777 216 2816 Ἥλιόν
225 2794 244 2815 τε
253 2779 280 2814 καὶ
289 2777 358 2825 σελήνη.
369 2775 428 2815 Olem.
456 2778 531 2824 Σκάμμα.
553 2777 570 2814 ἐν
578 2777 611 2825 γὰρ
620 2778 644 2825 τῷ
653 2776 698 2825 αὐτῷ
708 2774 761 2822 ε’σμεν
770 2776 826 2823 σκάμ-

86 2829 140 2869 120.
169 2833 224 2870 πάντα
236 2832 298 2881 ἄστρα,
307 2832 342 2880 ἅμα
351 2831 393 2881 ἡλίιρ
403 2831 429 2867 καὶ
483 2829 647 2878 ματι.016111.Ι7.

86 2885 156 2932 σελήνῃ.
166 2885 210 2936 Igu.
220 2884 271 2936 Eph.
281 2897 310 2935 19.
457 2884 556 2922 Σκάνδαλον.
593 2887 623 2921 τοῦ
644 2885 725 2931 σταυροῦ,
745 2881 755 2919 θ
777 2883 826 2920 ἐστιν

58 2941 126 2985 Σεμνάς.
164 2940 184 2976 τὸ
203 2941 265 2987 σεμνὸν
282 2939 359 2988 ..ὄνομα
376 2940 428 2986 ὑμῶν.
484 2938 578 2975 σκάνδαλον
597 2940 632 2975 τοῖς
653 2933 761 2974 ἀπιστοῦσιν.
780 2936 824 2988 Igu.

86 2990 147 3030 Olem.
167 2992 178 3029 Ι
200 3005 216 3030 1.
254 2993 313 3042 μέτρια
331 2994 358 3031 καὶ
376 2992 430 3039 σεμνίι
484 2990 532 3041 Eph.
545 2993 576 3030 18.
606 2991 708 3038 ἀπεχόμενοι
723 2994 758 3028 τῶν
773 3007 825 3029 σκαν-

86 3049 136 3084 νοεῖν.
146 3045 173 3084 ib.
203 3047 221 3084 ἐν
230 3050 283 3094 σεμνῇ
295 3047 322 3084 καὶ
334 3050 376 3096 ἁγνῇ
386 3060 429 3083 συν·
484 3046 545 3084 δθλων.
556 3044 620 3097 Polyc.
630 3043 680 3083 Phil.
692 3045 710 3083 6.
