1931 3420
331 217 368 261 ΕΤ
383 215 607 261 FORMULARUM.

88 326 175 375 Φρόνησις.
196 328 283 377 φρόνησιν
291 329 353 377 ἔχομεν
362 331 389 367 καί
397 332 454 380 λόγον.

112 378 263 433 λ(δίοιτο-Τυαμαι.
273 381 301 421 ix.

88 436 176 485 Φρόνιμος.
211 437 331 487 ἐπηγέρθησαν
340 467 354 477 ..
363 439 404 477 ,εἰνὶ
417 439 456 478 τοὺς

114 491 213 540 φρονίμους.
229 490 289 531 Olem.
301 491 312 530 Ι
322 504 340 542 3.
369 495 401 530 Διὰ
410 493 428 531 τί
437 495 455 531 δὲ

114 546 135 583 οὔ
143 547 204 585 πάντες
214 548 297 596 φρόνιμοι
308 549 399 597 γινόμεθα,·
413 548 454 600 Ign.

115 598 163 652 Eph.
174 609 205 651 17.
235 602 259 640 ὡς
274 602 368 651 φρονίμους
384 604 403 641 ἐν
418 606 455 655 Θεῷ

115 659 247 706 συγχωροῦντας
274 657 326 708 αὐτῷ.
349 656 415 709 Magn.
436 671 454 708 3.

114 712 196 760 Φρόνιμος
204 712 254 761 γίνου
263 711 286 750 ὣς
295 711 343 760 όφις.
355 711 418 764 Polyc.
431 726 447 751 2.

87 766 186 814 Φραντίζειν.
215 768 250 814 Τῆς
273 767 350 807 ἕνίισεως
369 770 453 818 φρόντιζε.

115 818 233 872 ΙςαῂΡοΙγα.
246 833 262 860 1.

87 878 163 925 Φροντίς.
182 875 303 924 άπολείπαμεν
311 877 342 917 τὰς
350 909 353 917 .
362 909 366 917 .
375 879 456 927 ,ματαίας

114 931 211 979 φροντίδας.
227 930 337 981 Olem.17.

88 984 196 1034 Φροντιστής.
216 986 302 1024 σὺαῦτῶν
308 988 412 1036 φροντιστὴς
418 989 454 1025 ἔσο.

115 1038 158 1092 Ign.
169 1039 233 1092 Polyc.
245 1053 263 1088 4.

80 1093 179 1144 ΥΦρόγανον.
199 1098 341 1145 συναγαγόντων.
349 1128 353 1136 ,
362 1126 366 1135 .
374 1097 418 1144 ξύλα
428 1098 454 1134 καί

114 1149 198 1200 φρύγανα,
214 1150 272 1189 Mart.
284 1150 347 1202 Polyc.
359 1164 388 1201 13.

87 1204 194 1254 Φυγαδεόειν.
213 1207 452 1257 ὁΠαῦλος.,.φυγαδευθείς.

115 1257 224 1308 Olem.15.

87 1316 191 1361 Φυλακίζειν.
214 1313 361 1363 ε’φυλακίσθησαν,
373 1316 412 1353 ἀλλ’
421 1317 454 1354 ὕπὸ

113 1369 192 1408 άνασίων.
208 1368 269 1408 Olem.
280 1369 332 1418 145.

87 1422 184 1475 Φίλαρχος.
214 1426 255 1464 τοὺς
273 1426 336 1463 δώδεκα
354 1426 454 1475 φυλάρχους

113 1483 234 1529 προσενεγκεῖν
242 1480 288 1531 αὐτῷ
298 1480 378 1530 ῥάβδους.
393 1479 452 1519 Olem.

114 1533 124 1571 Ῑ
135 1546 167 1584 43.
195 1537 232 1573 τοῖς
241 1535 336 1575 δακτυλίοις
345 1540 378 1573 τῶν
386 1537 454 1585 φυλάρ-

113 1604 155 1637 χων.
169 1587 194 1628 ib.
226 1590 324 1636 ἐπεδείξατο
336 1594 371 1629 τοῖς
385 1591 452 1640 φυλάρ-

113 1659 151 1692 χοις
159 1645 189 1683 τὰς
199 1645 304 1694 σφραγῖδας.
318 1643 343 1684 ib.

87 1700 189 1738 Φυλάσσειν.
218 1700 251 1738 τάς
263 1700 332 1738 ε’ντολὰς
346 1704 376 1738 τοῦ
390 1700 453 1749 Κυρίου

105 1755 226 1801 φυλάξαντες.
242 1752 302 1793 Olem.
313 1753 336 1793 ΙΙ
346 1757 363 1794 8.
387 1757 452 1794 Δεῖ...

113 1809 136 1848 ὥς
144 1810 184 1847 ναὸν
191 1812 236 1846 θεοῦ
245 1810 345 1858 φυλάσσειν
352 1810 382 1858 τὴν
391 1811 452 1859 σάρκα.

115 1876 132 1913 9.
159 1864 188 1903 οὓς
198 1865 224 1901 δεῖ
233 1865 276 1912 ὑμᾶς
285 1865 415 1913 φυλάσσεσθαι,
426 1864 452 1901 όν-

112 1933 142 1958 τας
151 1918 305 1968 δυσθεραπεότους.
320 1918 362 1971 Ign.
373 1918 422 1970 Eph.
433 1927 451 1968 7.

112 1973 238 2022 φυλάσσεσθαι
247 1975 268 2010 τὰ
277 1973 373 2022 ἐγκλήματα
382 1976 404 2013 ὧς
413 1978 452 2023 πῦρ.

113 2026 170 2067 Trall.
180 2041 197 2067 2.
217 2029 328 2066 Φυλάττεσθε
337 2029 408 2068 οὖντοῖς
417 2044 452 2066 τοι·

113 2083 172 2122 οιίτοις.
183 2091 201 2132 7.

86 2138 139 2186 Φυλή,
176 2139 309 2184 στασιαζουσῶν
330 2143 363 2176 τῶυ
385 2140 452 2188 φυλῶν.

113 2191 172 2232 Olem.
183 2192 195 2230 Ῑ
205 2206 237 2242 43.
265 2193 340 2242 ῥάβδους
352 2195 453 2244 ἐπιγεγραμ-

112 2249 163 2294 μένας
171 2250 244 2295 ε’κάστης
251 2250 309 2297 φυλῆς
317 2249 352 2286 κατ’
360 2249 416 2297 όνομα.
426 2248 451 2287 ib.

113 2302 132 2350 ἧς
139 2304 160 2341 ἂν
166 2305 224 2353 φυλῆς
231 2303 241 2350 ἡ
247 2303 313 2352 ῥάβδος
318 2303 417 2351 βλαστήοη.
426 2302 458 2356 ΙΙ).

86 2359 206 2408 Φυλλορροεῖν.
225 2362 294 2407 πρῶτον
302 2358 333 2404 μὲν
341 2361 451 2408 φυλλορροεῖ.

114 2411 172 2452 ΟΙοαι.
185 2413 192 2451 Ι
205 2425 237 2462 23,
247 2416 267 2451 οι
276 2412 338 2452 1111.
416 2412 418 2416 ”

86 2472 166 2506 Φυσιαῦν.
181 2467 224 2506 Οἶδα
234 2467 261 2505 ότι
270 2469 290 2504 οὐ
297 2468 401 2516 φυσιοῦσθε.
409 2466 451 2518 Igu.

113 2521 178 2574 Magn.
195 2535 226 2561 12.
255 2525 291 2561 τοῖς
310 2523 405 2571 φυσιοῦσίν
424 2538 451 2569 με.

113 2576 169 2617 Trall.
181 2591 198 2626 4.
228 2581 283 2614 Τοῦτο
292 2577 311 2614 δὲ
322 2578 371 2615 ἕσται
383 2578 421 2625 ὑμῖν
429 2577 452 2624 μὴ

113 2633 240 2681 φυσιουμένοις.
256 2640 273 2682 7.
315 2634 369 2671 Τόπος
391 2631 452 2679 μηδένα

113 2688 208 2736 φυσιοότω.
224 2686 300 2738 Smyrn.
312 2686 329 2724 6.
355 2687 396 2734 μηδὲ
405 2687 452 2723 αὐτοὶ

112 2743 256 2791 φυσιοόσθωσαν.
271 2741 334 2792 Polyc.
345 2755 362 2789 4.

85 2796 144 2837 Φόσις.
160 2798 218 2844 ὄνομα,
227 2796 236 2834 δ
244 2797 325 2844 κέκτησθε
332 2796 385 2846 φάσει
392 2796 450 2843 δικαίη.

112 2851 154 2904 Igu.
170 2851 219 2903 Eph.
238 2864 254 2890 1.
285 2853 306 2888 οὗ
324 2852 365 2889 κατὰ
382 2852 450 2900 χρῆσιν,

112 2908 157 2945 ἀλλὰ
166 2909 208 2945 κατὰ
217 2906 279 2956 φύσιν.
294 2905 351 2944 Trall.
362 2918 378 2943 Ι.

85 2964 150 3001 Φυτεία,
167 2965 198 2999 οόκ
207 2963 252 2999 εἰσιν
258 2961 321 3009 φυτεία
326 2963 399 3010 Πατρός.
409 2959 449 3010 Ign.

112 3015 168 3055 Τιάίί.
179 3028 209 3054 11.
232 3016 290 3052 διὰτὸ
304 3015 327 3063 μὴ
338 3014 379 3053 εἶναι
391 3014 451 3053 αὐτοὺς

112 3071 182 3119 φυτείαν
191 3072 265 3120 Πατρός.
281 3068 353 3108 Philad.
365 3083 382 3119 3.

813 217 856 261 127

483 328 535 377 Φωνίη.
563 331 584 367 τδ
596 329 667 368 ἐπιεικὲς
677 358 681 367 .
690 359 694 367 .
704 329 744 368 ,διό
755 331 852 378 τῆςφωνῆς

509 385 583 432 φανερὸν
591 385 719 431 ποιησάτωσαν.
730 382 790 423 Olem.
798 383 809 422 I
818 396 849 424 21.

509 436 560 487 ᾅδητε
572 439 590 476 ἐν
600 440 651 488 φωνῇ
663 441 700 487 μιᾷ.
716 437 759 489 Igu.
770 438 820 490 Eph.
831 451 849 487 4.

509 493 582 531 ε’λάλουν
593 495 661 543 μεγάλη
675 494 731 542 φωνη.
747 492 819 533 ΡΙιίῙαιί.
831 502 849 543 7.

509 551 529 595 τῇ
541 548 623 596 Ῥωμαϊκῇ
638 549 694 597 φωνῇ.
709 546 767 587 Mart.
779 549 820 600 Igu.
831 549 848 587 6.

509 603 557 652 φανὴ
565 603 585 649 ἐξ
594 604 673 652 οὐρανοῦ.
688 600 748 641 Mart.
758 602 822 655 Polye.
831 615 848 654 9.

508 657 538 705 τὴν
547 658 565 695 δὲ
574 657 634 707 φωνὴν
642 661 677 694 τῶν
685 657 770 705 ἡμετέρων
779 661 799 703 οίῖ
805 675 849 708 παρ-

508 713 560 752 όντες.
575 710 601 751 ib.
632 711 744 763 άκατασχέτῳ
760 713 807 765 θυμῷ
823 714 850 751 καλ

508 769 573 816 μεγαλη
582 769 639 816 φωνῇ.
655 778 685 805 Ι2.

482 825 524 860 Φῶς.
566 823 586 860 τὸ
609 822 709 869 θαυμαστὸν
731 823 783 860 αὐτοῦ
806 823 849 871 φῶς.

509 874 569 916 olem.
579 877 588 914 I
598 877 631 926 36.
665 878 686 914 τί
703 877 742 926 φῶς
760 878 794 927 γὰρ
811 877 850 926 ἡμῖν

509 933 605 982 ἐχαρίσατο,
621 930 644 969 ΙΙ
657 944 673 970 1.
707 933 727 969 τὸ
743 933 782 982 φῶς
797 933 849 969 αὐτοῦ

508 987 625 1035 άνεκλάλητον.
639 986 681 1038 Ign.
690 985 739 1038 Eph.
746 999 776 1037 19.
796 989 848 1037 ὕπερ-

508 1043 578 1087 βάλλων
586 1044 607 1079 τὸ
616 1044 655 1091 φῶς
664 1042 721 1079 ‹sb-rofi.
736 1041 761 1081 ib.
782 1041 850 1092 ἸΑφευέ

507 1112 529 1144 με
542 1097 614 1146 καθαρόν
628 1100 667 1146 φῶς
679 1099 746 1141 λαβεῖν.
761 1096 817 1136 Rom.
828 1097 846 1136 6.

507 1151 558 1189 Τέκνα
567 1151 596 1189 οὖν
605 1153 670 1201 φωτός.
686 1150 759 1190 Philad.
772 1164 788 1190 2.

480 1206 563 1252 Φωτίζειν.
583 1207 672 1254 ἐκκλησίᾳ,
681 1237 685 1244 .
695 1208 731 1244 .καί
737 1209 848 1256 πεφωτισμέ-

507 1276 531 1308 νῃ.
544 1260 585 1312 Ign.
595 1260 651 1300 Rom.
660 1260 721 1299 Inser.
738 1262 768 1309 τὴν
775 1263 848 1300 ἑκάστου

482 1318 483 1321 ’
508 1317 585 1365 φωτίζων
594 1317 674 1354 διάνοιαν.
689 1314 734 1367 Ign.
744 1316 803 1356 Mart.
813 1329 828 1355 1.

480 1369 553 1420 Χαίρειν.
572 1370 659 1421 ὁΚόριος,
669 1372 725 1421 ἔργοις
737 1373 796 1409 ἑαυτόν
805 1387 847 1409 κοσ-

507 1424 567 1473 μίησας,
582 1427 642 1475 ε’χάρη.
657 1424 717 1464 Olem.
733 1425 744 1464 I
759 1438 790 1475 33.
824 1428 848 1466 εἷς

507 1482 526 1518 τὸ
535 1482 593 1529 τάχιον
602 1481 630 1518 καί
637 1480 680 1528 ἡμᾶς
688 1482 766 1530 χαρῆναι.
778 1490 810 1531 59.
830 1482 848 1520 ἐν

506 1535 569 1587 άμόμιρ
582 1536 640 1585 χάριτι
655 1537 727 1585 χαίρειν.
742 1535 785 1588 Ign.
796 1535 845 1587 Eph.

507 1589 564 1629 Inscr.
588 1592 761 1639 εἰίχομιιι...πλεῖστα
774 1592 847 1640 χαίρειν.

506 1643 570 1696 Magn.
581 1644 641 1684 Inscr.
650 1644 707 1683 Trall.
718 1644 779 1684 Inscr.
798 1648 847 1684 πλεῖ-

507 1700 640 1748 στα...άμί)μα)ς
645 1698 716 1749 χαίρειν.
724 1698 780 1739 Rom.
785 1700 845 1740 Inscr.

506 1755 563 1806 κόσμῳ
572 1755 595 1802 μὴ
604 1753 712 1804 χαρίησησθε.
723 1755 741 1793 6.
759 1756 847 1807 ἕνάμόνμην

506 1809 586 1857 πνεύματι
601 1811 629 1846 καί
645 1811 693 1860 λάγιρ
711 1814 755 1848 θεοῦ
772 1813 847 1849 πλεῖστα

506 1862 575 1914 χαίρειν.
591 1863 668 1915 Smyrn.
685 1863 746 1903 Ιιιαοι.
788 1867 846 1903 Πολυ-

506 1919 563 1970 κάρπιρ
571 1948 587 1958 ..
596 1921 684 1957 Ιπλείστα
695 1920 767 1968 χαίρειν.
782 1919 845 1971 Polyc.

506 1972 565 2012 Inscr.
593 1973 658 2024 χαίρων
666 1975 796 2024 κατεπείγουσιν
804 1975 846 2023 ὑπή-

507 2043 572 2066 κουσεν.
587 2027 646 2068 Mart.
657 2028 700 2081 Ign.
711 2037 729 2077 5.
758 2029 848 2080 χαίρουσιν
861 2035 862 2039 ’

506 2084 536 2130 μὲν
545 2084 573 2133 ἔφ’
580 2081 606 2123 οἷς
614 2084 691 2132 ἠξιῶντο.
705 2084 723 2122 6.

479 2140 562 2178 Χαλεπός.
583 2139 633 2189 Ἀρχὴ
650 2140 669 2176 δὲ
685 2140 752 2178 πάντων
766 2142 847 2188 χαλεπῶν

507 2194 617 2244 φιλαργυρία.
631 2193 697 2245 Polyc.
711 2193 759 2233 Phil.
770 2207 788 2242 4.
816 2211 845 2243 με-

506 2249 604 2286 τατίθεσθαί
620 2264 642 2297 με
660 2249 694 2286 ἆπδ
710 2252 743 2286 τῶν
758 2251 845 2298 χαλεπῶν.

506 2302 563 2342 Mart.
573 2302 639 2354 Ροίγο.
651 2315 681 2340 11.

480 2360 608 2408 Χαλιναγωγεῖν.
616 2358 845 2407 χαλιναγωγοῡντεςὲαντοῦς

506 2413 539 2449 ἀπὸ
547 2413 609 2450 παντὸς
618 2415 676 2450 κακοῦ.
690 2410 753 2461 Polye.
763 2411 811 2451 Phil.
820 2421 838 2461 5.

479 2468 549 2506 Χαλκίς.
568 2467 809 2516 προσκυνοῦντες...άργυρον
818 2465 850 2505 καλ

506 2523 574 2569 χαλκόν.
590 2520 650 2560 Olem.
661 2519 684 2559 ΙΙ
693 2533 709 2558 Ι.

479 2577 533 2623 Χαμαί
542 2571 613 2614 κεῖσθαι.
629 2574 689 2614 Οίοαι.
700 2574 776 2626 Fragm.
784 2575 824 2615 viii.

479 2632 530 2680 Χαρά.
566 2632 608 2678 μετὰ
623 2633 679 2680 χαρᾶς
687 2660 690 2668 .
699 2660 703 2669 .
713 2630 843 2680 .άναπέμφατε.

506 2683 564 2724 Olem.
575 2684 586 2722 Ι
596 2693 628 2734 59.
653 2686 700 2732 ἐντῇ
711 2688 786 2733 χαρᾷτῇ
797 2686 843 2733 ἀμώ-

504 2756 534 2790 μῳ.
550 2740 591 2791 Ign.
602 2739 668 2791 Magn.
680 2747 697 2788 7.
719 2741 766 2789 χαρὰ
778 2741 844 2780 αἰώνιος

505 2796 638 2845 καὶπαράμονος.
647 2793 784 2833 ΡίιίίαιίΙαααΓ.
801 2796 844 2843 μετὰ

504 2852 557 2898 χαράς
579 2850 657 2896 ἐβόησεν.
681 2848 738 2888 Maffu¹
761 2848 804 2901 Igu.
825 2862 842 2889 2.

505 2905 576 2942 Μετὰ..
586 2904 693 2952 ,προθυμίας
707 2904 734 2941 καί
748 2907 809 2954 χαρᾶς.
824 2917 842 2954 3.

505 2959 537 2996 σὺν
562 2961 619 3006 πολλῇ
645 2962 691 3007 χαρᾷ
716 2960 797 3005 καταβάς.
817 2959 843 2999 ib.

504 3015 556 3065 φόβῳ
568 3015 594 3051 καὶ
607 3016 653 3063 χαρᾷ
665 3015 810 3063 πεπληρωμέναις.
825 3015 842 3053 6.

505 3070 552 3106 Μετὰ
574 3071 642 3116 πολλῆς
665 3069 720 3106 τοίνυν
743 3073 802 3119 χαριῖς.
824 3077 842 3119 7.
