2061 3403
96 979 125 1013 Ad
132 979 188 1023 resipi-

96 1023 177 1057 scentiam

209 149 238 192 32

458 150 479 193 S.
496 149 668 193 OLEMENTIS

209 264 295 320 ἀνόσιοι
319 270 450 333 παθοῦσαι,
474 269 512 322 ἐπὶ
533 265 576 321 τὸν
596 270 638 334 τῆς
663 267 785 340 πΜστεως
812 267 911 333 βέβαιον

209 349 297 421 δρόμον
316 352 495 426 κατήντη[σαν],
515 354 554 406 καὶ
570 353 660 417 ἔλαβον
672 351 745 425 γέρας
759 359 867 423 γενναῖον
886 357 910 407 αἱ

209 439 316 497 ἀσθενεῖς
329 442 363 512 τῷ
377 439 478 507 σώματι.
499 443 580 506 Ζῆλος
592 440 792 511 ἀπηλλοτρίωσεν
804 438 910 510 γαμετὰς

208 525 309 595 ἀνδρῶν,
331 529 369 581 καὶ
391 527 527 595 ἠλλοίωσεν
549 525 577 581 τὸ
597 527 668 597 ῥηθὲν
691 529 737 582 ὑπὸ
757 534 800 583 τοῦ
820 525 911 598 πατρὸς

208 611 276 678 ἡμῶν
291 611 380 680 Ἀδὰμ,
401 620 415 645 “
426 615 522 685 Τοῦτ[ο]
543 618 585 666 νῦν
602 614 691 668 ὀστοῦν
709 615 734 668 ἐκ
753 619 801 669 τῶν
819 613 931 674 ὀστέων5

210 705 228 730 “
242 722 296 765 μου,
312 701 351 751 καὶ
366 698 435 771 σὰρξ
449 702 475 753 ἐκ
493 702 535 767 τῆς
554 698 644 771 σαρκός
662 700 733 768 μου.”
773 704 853 768 Ζῆλος
871 702 910 754 καὶ

208 784 255 854 ε”ρις
272 783 353 842 πόλεις
371 785 478 856 μεγάλας
497 785 667 859 κατέστρεψεν,
686 788 724 840 καὶ
742 788 796 854 ἔθνη
814 785 910 856 μεγάλα

207 868 369 941 ἐξερρίζωσεν.

247 955 283 1012 Z‘.
304 963 396 1026 Ταῦτα,
411 960 538 1028 ἀγαπητοί,
553 961 580 1014 οὐ
591 959 664 1028 μόνον
677 963 738 1027 ὑμᾶς
749 964 909 1018 νουθετοῦντες

207 1096 337 1148 conjecturam
360 1098 396 1137 viri
422 1098 545 1138 eruditissimi
573 1098 602 1138 dis
611 1098 719 1150 exemplum
728 1097 814 1150 proponi.

208 1150 342 1204 Christophori
351 1152 546 1193 Wcrdsworthveavt-
599 1153 624 1192 ib.
639 1151 737 1207 αἰκίσματα]
755 1153 785 1193 Cf.
795 1152 864 1193 Euseb.
880 1153 906 1193 Η,

208 1209 240 1255 δας,
256 1209 344 1246 παιδίσκαι
361 1208 471 1260 reponentis
478 1222 485 1258 3
507 1208 546 1248 nisi
573 1208 595 1248 Ε.
606 1208 640 1248 viii
651 1221 673 1247 11
685 1212 705 1248 et
716 1221 745 1257 14.

207 1261 301 1305 Ruchato.
321 1262 415 1302 Ruinarto
429 1261 473 1303 Act.
493 1263 544 1303 Sino.
603 1276 618 1302 1.
629 1265 658 1301 τὸν
667 1267 697 1312 τῆς
706 1261 788 1317 πίστεως]
805 1266 834 1312 τῆς
843 1263 908 1303 omisit

207 1316 264 1356 Mart.
280 1330 298 1369 p.
307 1329 324 1365 2,
339 1321 359 1356 et
368 1317 543 1367 Windischmanno,
571 1318 679 1367 Wottonus,
690 1321 763 1370 etpost
776 1331 820 1357 eum
830 1317 907 1358 Gallon-

205 1385 224 1423 p.
236 1372 267 1420 56,
277 1372 380 1412 concedere
389 1372 436 1412 velis
450 1372 496 1412 haec
509 1386 543 1411 no·
570 1373 618 1412 dius.
647 1372 728 1425 Legitur
744 1377 809 1413 autem
824 1373 845 1412 in
859 1373 906 1413 uod.

205 1426 258 1465 mina
274 1427 294 1466 in
306 1431 419 1467 contextum
431 1440 443 1466 a
456 1428 544 1479 margine
571 1426 633 1468 Msto.
662 1427 738 1477 Junius,
752 1428 815 1467 deleta
828 1441 907 1481 praepo-

204 1481 307 1533 irrepsisse.
336 1482 373 1522 Oui
389 1482 467 1535 quidem
482 1483 543 1522 errori
570 1482 645 1532 sitione,
659 1482 731 1532 mallet,
745 1485 774 1521 τὸν
787 1486 817 1531 τῆς
832 1485 907 1522 πίστεως

203 1536 274 1576 Junius
288 1537 395 1589 suspicatur
408 1550 473 1576 ansam
488 1551 542 1591 prae·
569 1539 640 1583 βέβαιον
653 1539 716 1588 δρόμον
729 1538 824 1586 κατήνυσαν
836 1538 905 1590 legere,

204 1591 268 1631 baisse
287 1592 346 1632 Olem.
361 1591 416 1632 Alex.
434 1593 541 1642 lectionem,
569 1592 670 1632 alludendo
684 1592 709 1632 ad
722 1592 770 1631 illud
784 1592 807 1632 D.
818 1592 873 1632 Pauli
886 1593 907 1632 in

204 1646 238 1698 qui
256 1647 276 1686 iv
292 1647 365 1688 Strom.
382 1648 434 1699 §19,
453 1661 484 1700 pp.
496 1649 540 1698 617,
568 1647 656 1700 Epistola
664 1647 746 1687 secunda
755 1647 907 1687 adTimotheurn

205 1702 244 1740 618
264 1703 292 1742 ed.
312 1702 384 1742 Potter.
404 1702 451 1741 dum
470 1703 541 1755 repetit
568 1702 905 1752 iv7;vele'm¹inetsmutatumvult,

204 1769 254 1809 quoe
262 1757 313 1797 infra
321 1758 357 1796 sub
366 1757 425 1797 finem
433 1757 490 1810 hujus
495 1757 542 1809 Epi·
568 1761 591 1797 ut
604 1757 654 1797 infra
664 1758 674 1808 ᾧ
682 1771 714 1807 23,
724 1759 748 1797 εἰς
756 1759 837 1807 πέπειραν
845 1774 905 1796 καταν-

204 1812 265 1851 stolae
277 1812 378 1861 habentur,
389 1813 398 1864 ξ
406 1821 437 1863 55,
452 1817 472 1852 et
485 1813 542 1864 hujus
568 1817 595 1862 πᾷ,
603 1817 623 1851 et
631 1816 654 1852 ut
663 1813 688 1852 D.
697 1812 768 1852 Paulus
777 1812 802 1852 ad
809 1812 878 1864 Ephes.
886 1812 906 1852 iv

204 1867 542 1919 locis'kppmmtsunt,postexempla
571 1881 600 1917 13,
615 1871 634 1906 et
648 1867 673 1907 ad
687 1866 768 1919 Philipp.
779 1867 841 1907 iii11.
869 1867 905 1907 Ni-

204 1921 274 1961 Judith
288 1928 308 1962 et
317 1921 394 1968 Esther,
403 1922 458 1961 addit
472 1936 482 1961 e
497 1936 541 1974 pro·
568 1922 596 1961 hil
605 1927 669 1962 autem
676 1923 790 1962 mutandum
797 1927 849 1962 recte
855 1922 905 1962 vidit

204 1976 268 2029 phana
278 1977 359 2017 historia
372 1982 392 2017 et
400 1981 502 2029 poctarum
515 1977 542 2016 fa·
568 1977 677 2027 Wottonus,
692 1976 725 2029 qui
739 1978 812 2017 confert
826 1978 905 2030 Cypria·

203 2032 259 2081 bulis,
273 2032 354 2073 fortium
371 2032 475 2071 mulierum
492 2032 543 2072 facta
569 2030 836 2086 num[Epist.uied.Fell.]
858 2033 905 2072 ‘Be-

203 2088 301 2136 nonnulla,
308 2101 358 2139 quae
366 2086 446 2139 gladios,
456 2087 515 2139 ignes,
522 2091 542 2126 ct
570 2089 575 2108 ‘
584 2090 625 2125 atas
639 2087 697 2126 etiam
706 2086 804 2136 foeminas,
813 2101 862 2139 quaa
871 2101 905 2128 vo·

203 2147 346 2183 tormentorum
373 2141 474 2190 cruciatus,
498 2155 542 2180 con-

203 2197 264 2237 stanti
279 2198 344 2237 animo
362 2201 382 2236 et
397 2197 482 2236 masculo
498 2209 542 2235 oon-

202 2257 329 2304 tcmpserunt,
340 2249 400 2305 (quod
414 2252 472 2291 etiam
486 2251 506 2290 in
519 2251 542 2290 li-

202 2308 238 2347 bro
256 2307 282 2347 ad
296 2307 399 2358 Marsyas,
415 2310 424 2355 ο
437 2320 456 2355 4,
471 2320 482 2345 a
496 2306 542 2345 Ter-

202 2362 283 2402 tulliano
296 2363 369 2401 factum
382 2374 423 2401 esse
437 2361 542 2413 deprehen-

202 2416 264 2471 ditur)
269 2418 320 2458 inter
329 2430 382 2469 quas,
388 2416 451 2455 Danai
460 2416 514 2465 filias,
520 2421 541 2456 et

202 2473 295 2513 Danaidis
317 2476 417 2512 auctorem
439 2475 541 2516 memorat,

202 2527 235 2580 qui
249 2528 325 2567 illarum
342 2527 444 2567 historiam
458 2526 542 2566 carmine

569 2144 575 2163 ‘
583 2141 657 2181 bisonm
666 2141 741 2181 suntin
754 2143 820 2181 eadem
833 2143 905 2183 confes-

570 2195 642 2236 ‘sionis
653 2196 715 2248 gloria
727 2197 846 2247 constitutae,
856 2211 904 2251 quae

569 2254 575 2272 ‘
584 2251 705 2291 Dominioam
713 2252 772 2291 fidem
781 2250 874 2303 tenentes,
884 2258 904 2293 et

569 2308 630 2345 ‘sexu
641 2320 675 2346 suo
687 2306 781 2357 fortiores,
790 2321 829 2346 non
841 2308 904 2348 solum

570 2361 635 2413 ‘ipsae
654 2362 679 2401 ad
698 2375 787 2402 coronam
804 2363 904 2414 proximae

584 2420 635 2465 sunt,
649 2417 683 2456 sed
699 2421 718 2456 et
734 2417 813 2458 caeteris
828 2432 904 2471 quoque

584 2470 671 2511 foeminis
694 2473 803 2524 exemplum
823 2473 847 2512 de
869 2487 904 2513 sua

569 2528 574 2547 ‘
583 2527 690 2566 constantia
698 2528 838 2578 praebuerunt?

201 2582 277 2622 heroico
287 2583 404 2635 conscripsit.
426 2581 540 2621 Audiendus
596 2593 612 2619 2.
632 2584 649 2619 αἱ
666 2580 751 2636 ἀσθενεῖς]
771 2582 860 2633 Cypriam
879 2583 904 2623 de

200 2642 266 2677 autem
280 2638 357 2677 omnino
371 2643 400 2678 est
413 2637 493 2686 Birrius,
506 2637 540 2688 qui
567 2635 639 2687 Lapsis,
648 2650 667 2688 p.
677 2649 713 2675 122
724 2636 745 2676 Τ.
760 2637 788 2676 ed,
799 2637 845 2687 Fell,
857 2639 903 2678 ‘foe-
935 2641 940 2647 ’

201 2697 268 2732 contra
285 2698 357 2742 monet,
374 2693 442 2732 Dirces
461 2691 540 2745 quidam
567 2693 573 2712 ‘
581 2690 644 2730 minae
682 2704 731 2744 quae
740 2705 784 2731 cum
791 2693 866 2733 saeculo
874 2693 904 2733 di·

200 2748 318 2788 mcntionem
331 2748 404 2787 nullam
418 2748 460 2787 fieri
473 2761 485 2786 a
497 2745 540 2786 Ole-
567 2745 674 2786 ‘micantes
683 2759 751 2786 sexum
765 2760 840 2800 quoque
853 2749 903 2789 vice-

200 2808 265 2843 mente
285 2803 421 2852 Alexandrino,
442 2801 539 2842 Danaidas
566 2800 638 2840 ‘runt’

199 2872 245 2899 vero
252 2873 291 2898 non
297 2860 317 2898 in
324 2859 433 2910 patientiae,
439 2859 473 2898 sed
480 2857 538 2897 auda·
593 2864 611 2904 5.
626 2853 699 2910 Τοῦτ[ο]
716 2860 745 2895 νῦν
753 2858 816 2896 ὀστοῦν
825 2860 843 2897 ἐκ
857 2856 898 2913 τῶν]

200 2914 239 2953 oiae
248 2914 347 2954 muliebris
356 2914 377 2953 in
386 2914 444 2953 armis
453 2917 537 2954 troctan-
565 2911 597 2952 Ita
607 2909 652 2950 Ood.
663 2911 718 2951 Alex.
728 2911 776 2952 Gen.¹
785 2912 804 2962 ii,
813 2913 858 2954 lioet
867 2913 902 2954 ali-
