2017 3420
219 159 262 202 208
439 159 441 170 ²
463 161 484 206 S.
501 161 667 208 otumnurls

109 296 211 350 rsegumurs·
256 272 318 332 NZ'.
340 277 420 346 Ὑμεῖς
441 278 483 332 cdv
502 267 524 333 οἱ
548 276 592 346 τὴν
613 276 751 346 καταβολὴν
770 280 832 352 [τῆς]
848 275 908 333 στοί-

109 341 280 420 iiiiffl'oeac
304 360 455 433 ποιήσαντες,
481 364 632 438 θποτ[οίγη]τε
655 370 704 424 τοῖς
730 364 908 437 πρεσβυτέροις,

108 430 204 528 iiiii&
218 450 257 503 καὶ
275 448 431 523 παι[δευ’]θητε
447 454 479 509 εἰς
497 452 628 520 μετάνοιαν·
648 450 801 526 κάμψαν[τες]
820 450 850 507 τὰ
865 449 908 521 γί-

110 522 183 599 iffi?
220 558 280 591 νατα
291 538 333 604 τῆς
347 535 443 607 καρδίας
459 539 531 606 ὑμῶν,
546 536 630 606 μάθετε
645 536 834 605 ὑποτάσσεσθαι,
848 538 908 592 ἀπο-

219 622 310 691 θέμενοι
327 622 371 691 τὴν
388 621 493 692 ἀλοίζονα
511 625 549 679 καὶ
567 624 716 699 ὑπερήφανον
730 626 772 691 τῆς
790 622 931 694 padoence

218 710 285 777 ὑμῶν
296 707 445 782 αὐθθδ[ειαν]·
472 710 566 779 ἄμεινον
586 712 634 781 γάρ
652 711 717 765 ἐστιν
738 711 792 778 ὑμῖν
814 712 854 782 [ἐν]
876 713 909 782 τῷ

218 795 319 868 ποιμνίῳ
337 802 379 851 τοῦ
397 800 507 867 Χριστοῦ
523 795 620 869 μικροὺς
636 799 674 852 καὶ
690 792 832 865 ἐλλογίμους
845 798 908 867 εὑρε-

219 884 295 950 θῆναι,
315 880 330 950 ἢ
349 882 400 935 καθ
418 881 534 955 ὑπεροχὴν
548 885 673 942 δοκοῦντας
690 885 811 956 ἐκριφῆναι
826 883 851 936 ἐκ
867 885 908 950 τῆς

248 1082 265 1108 2.
288 1073 323 1111 reis
344 1069 483 1126 πρεσβυτέροις,]
513 1074 553 1111 Τοῖα
579 1071 657 1123 ‘plures
665 1069 802 1122 fuisse,quihus
810 1068 909 1122 utriusque

218 1125 342 1175 πρεσβυτέροις
353 1139 365 1164 a
376 1125 474 1166 Clemente
486 1130 552 1167 nostro
579 1126 672 1165 ‘Ordinis
682 1129 771 1178 potestas,
782 1138 830 1177 quae
842 1130 909 1176 postea

219 1179 277 1219 etiam
286 1179 392 1232 Episcopus
403 1180 552 1231 adnumeratum
579 1183 585 1202 ‘
594 1180 654 1220 divisa
663 1185 697 1230 est,
706 1180 756 1220 inter
765 1180 874 1232 Episcopos
882 1179 909 1220 sie

219 1234 265 1274 alibi
274 1234 331 1285 euim,
340 1249 356 1276 o.
365 1247 396 1284 42,
406 1235 428 1275 Β.
439 1235 496 1275 Pater
504 1249 552 1275 non·
579 1237 628 1275 ‘rar’
642 1236 703 1285 ἐξοχὴν
714 1235 780 1284 dictos,
796 1238 816 1275 et
828 1234 908 1286 Presby-

219 1288 256 1329 nisi
270 1289 294 1329 de
309 1290 408 1342 Episcopis
426 1295 446 1331 et
461 1291 552 1330 Diaconis
580 1293 649 1336 ‘tenos
668 1289 746 1330 secundi
765 1289 842 1329 Ordinis
864 1289 909 1329 Pas-

219 1343 310 1396 loquitm,
331 1345 405 1385 omissis
427 1345 551 1397 Presbyteris.
580 1345 785 1395 ‘tores,collataerat.
814 1344 852 1385 Sed
864 1347 909 1385 ante

219 1398 362 1440 HEEELIUS.
382 1400 494 1440 Guilielmus
503 1401 552 1440 Bur·
579 1403 584 1422 ‘
593 1400 650 1439 finem
658 1399 716 1452 primi
729 1399 804 1449 saeculi,
813 1399 861 1440 vivis
874 1399 909 1439 eti-

218 1457 254 1494 ton
267 1454 288 1494 in
301 1454 455 1495 adnotationibus
465 1456 490 1495 ad
501 1456 552 1495 hunc
579 1458 671 1495 ‘amnum
688 1454 702 1493 J
703 1454 776 1494 ohanne
794 1458 851 1506 atque
866 1454 909 1495 aliis

219 1508 283 1549 looum
298 1509 397 1550 contendit
412 1510 464 1550 nulla
477 1511 498 1550 in
516 1510 552 1550 hae
579 1510 642 1550 ‘forte
653 1509 755 1562 Apostolis,
767 1509 791 1548 iis
804 1509 866 1549 visum
880 1514 909 1550 est

220 1564 307 1617 Epistola
326 1564 408 1606 inveniri
425 1565 552 1618 Episcopatus
579 1564 626 1604 ‘uni
635 1565 721 1604 mandari
733 1568 847 1616 potestatem
858 1564 909 1603 ordi-

219 1619 320 1671 singularis
333 1620 419 1672 vestigia,
430 1620 483 1660 nulla
496 1634 551 1672 argu-
578 1619 651 1659 ‘nandi
664 1620 792 1672 Presbyteros,
807 1632 875 1672 eosque
888 1619 909 1658 in

219 1679 285 1714 menta
293 1688 342 1727 quae
352 1676 477 1727 persuadeant
486 1675 551 1715 Eccle·
578 1678 584 1697 ‘
593 1675 685 1715 Senatum
693 1674 847 1714 Ecclesiastioum
858 1674 909 1714 adle-

218 1729 272 1778 siam,
285 1730 325 1770 sive
339 1730 450 1780 Romanam,
462 1730 502 1771 sive
516 1729 552 1770 Oo—
580 1729 665 1782 ‘gendij
686 1729 764 1769 caeteris
779 1743 825 1769 vero
844 1729 909 1769 Sacra-

219 1783 316 1834 rinthiam,
331 1785 368 1824 alio
383 1785 476 1837 regimine
491 1798 551 1835 usam,
573 1788 701 1833 “mentorum
725 1784 910 1824 administrationem

220 1840 552 1893 eotemporequoscriptaestEpi-
579 1843 613 1879 ‘et
631 1839 668 1879 alia
685 1839 705 1879 iel
723 1852 788 1891 genus.
819 1837 858 1880 Sed
875 1852 909 1879 cur

219 1894 274 1943 stola,
283 1905 341 1947 quam
354 1895 438 1946 plurium
452 1895 551 1947 Presbyte·
579 1897 584 1918 ⁴
593 1898 688 1934 mutatum
697 1899 732 1943 est,
739 1893 818 1946 inquies,
823 1894 910 1946 regimen

219 1962 290 1989 rorum.
315 1947 351 1989 Oui
362 1950 390 1989 sic
398 1950 500 2002 respondet
510 1949 552 1989 Ole-
579 1949 641 1988 ‘illud
654 1949 707 2001 prius
718 1948 856 2001 Apostolicum‚
870 1962 909 2002 quo

219 2003 275 2053 ricus,
283 2002 316 2044 ‘Si
323 2017 361 2042 non
368 2004 428 2056 possit
434 2018 458 2043 ex
464 2004 500 2044 hac
507 2004 552 2056 Epi·
579 2007 585 2026 ‘
593 2004 909 2057 pariauctoritateEcclesiseprae-

220 2059 284 2098 ‘stola
297 2058 374 2110 probari
390 2059 480 2111 regimen,
497 2060 552 2111 quale
580 2062 648 2099 ‘erant
657 2059 750 2107 Pastorss,
759 2058 827 2110 quibus
839 2059 910 2099 utrius-

220 2115 263 2153 ‘est
278 2112 336 2153 hodie
350 2114 386 2153 sub
401 2127 439 2153 uno
452 2114 552 2165 Episcopo,
580 2116 631 2165 ‘que
645 2113 727 2163 Ordinis,
741 2113 774 2165 qui
787 2118 853 2165 postea
865 2114 908 2160 luit,

221 2168 288 2207 ‘nullo
302 2167 347 2207 hino
363 2167 421 2208 etiam
435 2169 498 2217 modo,
511 2169 553 2220 plu·
581 2171 679 2219 ‘potestas
694 2167 762 2208 collata
775 2167 851 2208 breratl
872 2169 909 2208 Ea-

220 2223 286 2262 ‘rium
304 2223 467 2275 Presbyterorum,
488 2223 553 2274 quales
581 2223 644 2272 ‘dem‚
658 2222 754 2273 nimirum,
769 2222 793 2262 de
808 2236 869 2273 causa,
885 2225 909 2263 ob

220 2278 312 2318 ‘fuerunt
329 2282 396 2329 postea
418 2277 496 2317 secundi
516 2277 552 2316 01·-
580 2280 650 2329 ‘quam
664 2277 688 2316 ad
699 2277 803 2317 Ecclesiam
813 2278 910 2319 (lorinthi-

220 2333 284 2372 ‘dinis
300 2332 394 2379 Pastores,
410 2332 497 2384 regimen
510 2335 553 2371 tum
580 2335 626 2371 ‘am
637 2332 712 2384 scripsit
722 2332 809 2374 Olemens
815 2347 821 2383 3
835 2347 908 2385 nempe,

219 2388 291 2428 ‘firisse
299 2388 411 2429 institutum
419 2388 485 2439 liquet.
514 2386 552 2427 Sed
578 2387 694 2427 ‘divisiones
708 2388 833 2428 etoontraria
846 2388 909 2429 studia
980 2390 981 2393 ’

220 2444 267 2496 ‘qui
276 2443 363 2484 Burtono
374 2443 466 2483 favebunt
474 2455 551 2495 respon·
578 2442 695 2482 ‘Rectomm
719 2443 851 2493 Ecclesiam,
876 2444 909 2496 qui

219 2499 312 2547 ‘debunt
327 2498 412 2550 plurium
430 2498 552 2549 Presbytero·
579 2496 642 2537 ‘inter
655 2511 675 2537 se
686 2497 808 2548 dissidebant,
818 2502 837 2538 et
846 2498 909 2538 Plebis

219 2556 278 2592 ‘rum
285 2553 318 2592 hic
329 2553 448 2593 mentionem
456 2552 503 2602 fieri,
513 2565 552 2592 non
579 2552 651 2592 ‘etiam
668 2566 712 2592 oum
732 2553 771 2593 suis
789 2553 907 2594 Rectoribus.

219 2608 290 2647 ‘unius
308 2608 403 2661 Episcopi.
446 2608 485 2647 Sed
507 2604 559 2647 aute
579 2606 787 2660 ‘Haeofuitjamolim
794 2609 909 2661 Hieronymi

218 2662 298 2703 ‘omnia
313 2663 415 2708 sciendum,
427 2663 506 2702 nomina
519 2662 552 2701 illa
579 2663 691 2712 ‘sententia
701 2662 721 2702 in
734 2663 841 2704 comment.
851 2677 890 2716 cap.
901 2664 908 2702 i

218 2718 325 2770 ‘Episcopi
345 2722 365 2758 et
382 2717 491 2770 Presbyteri
509 2730 552 2770 per·
579 2716 653 2769 ‘Epist
662 2717 762 2758 adTitum.
769 2718 908 2771 “Diligenter,’'

219 2773 291 2813 ‘mista
308 2772 380 2823 fuisse3
400 2777 458 2826 atque
475 2774 496 2812 in
513 2785 552 2812 unc
579 2771 660 2823 ‘inquit
683 2774 761 2814 “verba
784 2774 908 2813 adtendamus

219 2827 324 2876 ‘Ecclesia
339 2828 406 2880 primis
423 2828 462 2868 illis
477 2833 551 2880 tempo·
579 2826 677 2871 ‘dicentis
687 2834 709 2866 ut
722 2829 826 2868 constituas
835 2842 872 2880 per
883 2829 909 2868 αι’-

218 2883 292 2928 ‘ribus
309 2883 325 2922 si
342 2884 388 2923 urbs
408 2897 478 2935 magna
496 2886 550 2931 esset,
578 2882 659 2922 ‘citatas
674 2883 798 2935 Prmhpteros,
814 2884 863 2924 sieut
876 2898 908 2934 ορο

218 2938 294 2991 ‘qualis
312 2939 374 2978 Roma
391 2938 550 2983 autumnitas,
578 2937 627 2976 ‘tibi
649 2937 739 2989 disposui.
782 2939 825 2990 Qui,
848 2938 908 2992 qualis
