<?xml version="1.0" encoding="UTF-8"?>
<!DOCTYPE html PUBLIC "-//W3C//DTD XHTML 1.0 Transitional//EN"
    "http://www.w3.org/TR/xhtml1/DTD/xhtml1-transitional.dtd">
<html xmlns="http://www.w3.org/1999/xhtml" xml:lang="en" lang="en">
 <head>
  <title>
</title>
<meta http-equiv="Content-Type" content="text/html;charset=utf-8" />
  <meta name='ocr-system' content='tesseract 3.04.00' />
  <meta name='ocr-capabilities' content='ocr_page ocr_carea ocr_par ocr_line ocrx_word'/>
</head>
<body>
  <div class='ocr_page' id='page_1' title='image "./MN41360ucmf_0/MN41360ucmf_0_0100.png"; bbox 0 0 2061 3403; ppageno 0'>
   <div class='ocr_carea' id='block_1_1' title="bbox 195 189 692 241">
    <p class='ocr_par' dir='ltr' id='par_1_1' title="bbox 195 189 692 241">
     <span class='ocr_line' id='line_1_1' title="bbox 195 189 692 241; baseline 0.016 -8"><span class='ocrx_word' id='word_1_1' title='bbox 195 189 254 234; x_wconf 80' lang='lat' dir='ltr'>lxxvi</span> <span class='ocrx_word' id='word_1_2' title='bbox 390 194 488 239; x_wconf 82' lang='lat' dir='ltr'>INDEX</span> <span class='ocrx_word' id='word_1_3' title='bbox 508 196 692 241; x_wconf 78' lang='lat' dir='ltr'>nnlrronun.</span> 
     </span>
    </p>
   </div>
   <div class='ocr_carea' id='block_1_2' title="bbox 248 309 924 999">
    <p class='ocr_par' dir='ltr' id='par_1_2' title="bbox 249 309 924 772">
     <span class='ocr_line' id='line_1_2' title="bbox 253 309 924 368; baseline 0.012 -17"><span class='ocrx_word' id='word_1_4' title='bbox 253 309 369 353; x_wconf 84' lang='lat' dir='ltr'>Pearscnus</span> <span class='ocrx_word' id='word_1_5' title='bbox 382 310 406 354; x_wconf 89' lang='lat' dir='ltr'>in</span> <span class='ocrx_word' id='word_1_6' title='bbox 419 312 591 358; x_wconf 69' lang='lat' dir='ltr'>annotationibus</span> <span class='ocrx_word' id='word_1_7' title='bbox 605 314 647 357; x_wconf 85' lang='lat' dir='ltr'>suis</span> <span class='ocrx_word' id='word_1_8' title='bbox 662 314 750 358; x_wconf 80' lang='lat' dir='ltr'>subinde</span> <span class='ocrx_word' id='word_1_9' title='bbox 764 318 894 359; x_wconf 70' lang='lat' dir='ltr'>correxerat:</span> <span class='ocrx_word' id='word_1_10' title='bbox 923 365 924 368; x_wconf 11' lang='grc' dir='ltr'><strong>Ἴ</strong></span> 
     </span>
     <span class='ocr_line' id='line_1_3' title="bbox 252 380 896 443; baseline 0.009 -21"><span class='ocrx_word' id='word_1_11' title='bbox 252 380 362 437; x_wconf 84' lang='lat' dir='ltr'>subjunxit</span> <span class='ocrx_word' id='word_1_12' title='bbox 376 381 433 424; x_wconf 87' lang='lat' dir='ltr'>Acta</span> <span class='ocrx_word' id='word_1_13' title='bbox 450 382 551 441; x_wconf 88' lang='lat' dir='ltr'>Martyrii</span> <span class='ocrx_word' id='word_1_14' title='bbox 572 386 593 428; x_wconf 82' lang='lat' dir='ltr'>S.</span> <span class='ocrx_word' id='word_1_15' title='bbox 605 385 692 442; x_wconf 78' lang='lat' dir='ltr'>Ignatii,</span> <span class='ocrx_word' id='word_1_16' title='bbox 709 385 730 427; x_wconf 86' lang='lat' dir='ltr'>S.</span> <span class='ocrx_word' id='word_1_17' title='bbox 742 385 852 443; x_wconf 83' lang='lat' dir='ltr'>Polycarpi</span> <span class='ocrx_word' id='word_1_18' title='bbox 869 385 896 428; x_wconf 88' lang='lat' dir='ltr'>ad</span> 
     </span>
     <span class='ocr_line' id='line_1_4' title="bbox 251 449 894 512; baseline 0.009 -20"><span class='ocrx_word' id='word_1_19' title='bbox 251 449 395 507; x_wconf 84' lang='lat' dir='ltr'>Philippenses</span> <span class='ocrx_word' id='word_1_20' title='bbox 405 451 531 508; x_wconf 79' lang='lat' dir='ltr'>Epistulam,</span> <span class='ocrx_word' id='word_1_21' title='bbox 542 457 564 497; x_wconf 88' lang='lat' dir='ltr'>et</span> <span class='ocrx_word' id='word_1_22' title='bbox 577 454 680 498; x_wconf 86' lang='lat' dir='ltr'>Ecclesiae</span> <span class='ocrx_word' id='word_1_23' title='bbox 695 454 829 511; x_wconf 82' lang='lat' dir='ltr'>Smyrnensis</span> <span class='ocrx_word' id='word_1_24' title='bbox 842 455 894 512; x_wconf 89' lang='lat' dir='ltr'>Epi-</span> 
     </span>
     <span class='ocr_line' id='line_1_5' title="bbox 251 519 894 582; baseline 0.009 -21"><span class='ocrx_word' id='word_1_25' title='bbox 251 519 328 562; x_wconf 88' lang='lat' dir='ltr'>stolam</span> <span class='ocrx_word' id='word_1_26' title='bbox 338 519 363 562; x_wconf 88' lang='lat' dir='ltr'>de</span> <span class='ocrx_word' id='word_1_27' title='bbox 375 521 396 563; x_wconf 83' lang='lat' dir='ltr'>S.</span> <span class='ocrx_word' id='word_1_28' title='bbox 404 521 515 580; x_wconf 82' lang='lat' dir='ltr'>Polycarpi</span> <span class='ocrx_word' id='word_1_29' title='bbox 525 524 637 582; x_wconf 77' lang='lat' dir='ltr'>Martyric.</span> <span class='ocrx_word' id='word_1_30' title='bbox 667 524 822 568; x_wconf 82' lang='lat' dir='ltr'>Annotaticnes</span> <span class='ocrx_word' id='word_1_31' title='bbox 832 525 894 568; x_wconf 89' lang='lat' dir='ltr'>Pear-</span> 
     </span>
     <span class='ocr_line' id='line_1_6' title="bbox 250 589 894 651; baseline 0.009 -20"><span class='ocrx_word' id='word_1_32' title='bbox 250 589 296 632; x_wconf 88' lang='lat' dir='ltr'>soni</span> <span class='ocrx_word' id='word_1_33' title='bbox 307 590 432 646; x_wconf 77' lang='lat' dir='ltr'>Ignatianns</span> <span class='ocrx_word' id='word_1_34' title='bbox 442 592 510 636; x_wconf 88' lang='lat' dir='ltr'>solum</span> <span class='ocrx_word' id='word_1_35' title='bbox 518 594 624 651; x_wconf 83' lang='lat' dir='ltr'>Epistulas</span> <span class='ocrx_word' id='word_1_36' title='bbox 635 597 731 651; x_wconf 85' lang='lat' dir='ltr'>spectant</span> <span class='ocrx_word' id='word_1_37' title='bbox 737 612 743 646; x_wconf 88' lang='lat'>;</span> <span class='ocrx_word' id='word_1_38' title='bbox 756 594 835 637; x_wconf 86' lang='lat' dir='ltr'>Smithi</span> <span class='ocrx_word' id='word_1_39' title='bbox 845 609 894 638; x_wconf 89' lang='lat' dir='ltr'>vero</span> 
     </span>
     <span class='ocr_line' id='line_1_7' title="bbox 249 659 894 723; baseline 0.011 -22"><span class='ocrx_word' id='word_1_40' title='bbox 249 662 312 702; x_wconf 88' lang='lat' dir='ltr'>notae</span> <span class='ocrx_word' id='word_1_41' title='bbox 325 659 444 716; x_wconf 87' lang='lat' dir='ltr'>Epistolam</span> <span class='ocrx_word' id='word_1_42' title='bbox 459 678 541 720; x_wconf 89' lang='lat' dir='ltr'>quoque</span> <span class='ocrx_word' id='word_1_43' title='bbox 556 664 673 723; x_wconf 80' lang='lat' dir='ltr'>Polycarpi,</span> <span class='ocrx_word' id='word_1_44' title='bbox 684 667 705 707; x_wconf 94' lang='lat' dir='ltr'>et</span> <span class='ocrx_word' id='word_1_45' title='bbox 720 664 828 720; x_wconf 82' lang='lat' dir='ltr'>utriusque</span> <span class='ocrx_word' id='word_1_46' title='bbox 839 665 894 708; x_wconf 81' lang='lat' dir='ltr'>Acta</span> 
     </span>
     <span class='ocr_line' id='line_1_8' title="bbox 249 728 364 772; baseline 0.009 -1"><span class='ocrx_word' id='word_1_47' title='bbox 249 728 364 772; x_wconf 85' lang='lat' dir='ltr'>illustrant.</span> 
     </span>
    </p>

    <p class='ocr_par' dir='ltr' id='par_1_3' title="bbox 248 799 891 999">
     <span class='ocr_line' id='line_1_9' title="bbox 278 799 891 860; baseline 0.01 -19"><span class='ocrx_word' id='word_1_48' title='bbox 278 799 349 857; x_wconf 86' lang='lat' dir='ltr'>Hujus</span> <span class='ocrx_word' id='word_1_49' title='bbox 359 799 415 853; x_wconf 84' lang='lat' dir='ltr'>libri,</span> <span class='ocrx_word' id='word_1_50' title='bbox 426 816 489 857; x_wconf 89' lang='lat' dir='ltr'>quem</span> <span class='ocrx_word' id='word_1_51' title='bbox 500 801 578 845; x_wconf 84' lang='lat' dir='ltr'>Christ.</span> <span class='ocrx_word' id='word_1_52' title='bbox 586 804 643 860; x_wconf 82' lang='lat' dir='ltr'>Aug.</span> <span class='ocrx_word' id='word_1_53' title='bbox 655 804 802 857; x_wconf 85' lang='lat' dir='ltr'>Heumannus,</span> <span class='ocrx_word' id='word_1_54' title='bbox 809 804 832 847; x_wconf 91' lang='lat' dir='ltr'>in</span> <span class='ocrx_word' id='word_1_55' title='bbox 842 805 891 847; x_wconf 86' lang='lat' dir='ltr'>Act.</span> 
     </span>
     <span class='ocr_line' id='line_1_10' title="bbox 248 868 891 926; baseline 0.009 -16"><span class='ocrx_word' id='word_1_56' title='bbox 248 868 331 912; x_wconf 82' lang='lat' dir='ltr'>Erudit.</span> <span class='ocrx_word' id='word_1_57' title='bbox 348 869 407 926; x_wconf 87' lang='lat' dir='ltr'>Lips.</span> <span class='ocrx_word' id='word_1_58' title='bbox 422 885 441 911; x_wconf 87' lang='lat' dir='ltr'>a.</span> <span class='ocrx_word' id='word_1_59' title='bbox 455 880 517 925; x_wconf 87' lang='lat'><em>1710,</em></span> <span class='ocrx_word' id='word_1_60' title='bbox 532 886 603 915; x_wconf 91' lang='lat' dir='ltr'>mense</span> <span class='ocrx_word' id='word_1_61' title='bbox 618 872 683 925; x_wconf 86' lang='lat' dir='ltr'>Maio,</span> <span class='ocrx_word' id='word_1_62' title='bbox 697 872 807 925; x_wconf 78' lang='lat' dir='ltr'>recensuit,</span> <span class='ocrx_word' id='word_1_63' title='bbox 822 888 891 916; x_wconf 86' lang='lat' dir='ltr'>exem-</span> 
     </span>
     <span class='ocr_line' id='line_1_11' title="bbox 248 937 733 999; baseline 0.01 -19"><span class='ocrx_word' id='word_1_64' title='bbox 248 937 314 993; x_wconf 86' lang='lat' dir='ltr'>plaria</span> <span class='ocrx_word' id='word_1_65' title='bbox 323 954 390 994; x_wconf 85' lang='lat' dir='ltr'>pauca</span> <span class='ocrx_word' id='word_1_66' title='bbox 400 938 473 982; x_wconf 87' lang='lat' dir='ltr'>charta</span> <span class='ocrx_word' id='word_1_67' title='bbox 483 940 557 996; x_wconf 77' lang='lat' dir='ltr'>majori</span> <span class='ocrx_word' id='word_1_68' title='bbox 567 945 618 984; x_wconf 86' lang='lat' dir='ltr'>sunt</span> <span class='ocrx_word' id='word_1_69' title='bbox 627 941 733 999; x_wconf 85' lang='lat' dir='ltr'>impressa.</span> 
     </span>
    </p>
   </div>
   <div class='ocr_carea' id='block_1_3' title="bbox 189 1041 890 1726">
    <p class='ocr_par' dir='ltr' id='par_1_4' title="bbox 189 1041 407 1096">
     <span class='ocr_line' id='line_1_12' title="bbox 189 1041 407 1096; baseline 0.009 -14"><span class='ocrx_word' id='word_1_70' title='bbox 189 1041 269 1096; x_wconf 59' lang='lat' dir='ltr'>l1711,</span> <span class='ocrx_word' id='word_1_71' title='bbox 280 1042 376 1095; x_wconf 72' lang='lat' dir='ltr'>Boradion,</span> <span class='ocrx_word' id='word_1_72' title='bbox 387 1043 407 1084; x_wconf 82' lang='lat'>8.</span> 
     </span>
    </p>

    <p class='ocr_par' dir='ltr' id='par_1_5' title="bbox 244 1111 890 1726">
     <span class='ocr_line' id='line_1_13' title="bbox 277 1111 890 1170; baseline 0.003 -16"><span class='ocrx_word' id='word_1_73' title='bbox 277 1111 341 1154; x_wconf 81' lang='lat' dir='ltr'>Gurn.</span> <span class='ocrx_word' id='word_1_74' title='bbox 349 1112 464 1165; x_wconf 71' lang='lat' dir='ltr'>Wfflsion</span> <span class='ocrx_word' id='word_1_75' title='bbox 472 1113 495 1156; x_wconf 90' lang='lat' dir='ltr'>in</span> <span class='ocrx_word' id='word_1_76' title='bbox 505 1117 563 1156; x_wconf 83' lang='lat' dir='ltr'>tomo</span> <span class='ocrx_word' id='word_1_77' title='bbox 573 1113 641 1170; x_wconf 84' lang='lat' dir='ltr'>priore</span> <span class='ocrx_word' id='word_1_78' title='bbox 651 1113 699 1157; x_wconf 92' lang='lat' dir='ltr'>libri</span> <span class='ocrx_word' id='word_1_79' title='bbox 709 1114 743 1157; x_wconf 92' lang='lat' dir='ltr'>cni</span> <span class='ocrx_word' id='word_1_80' title='bbox 752 1113 834 1166; x_wconf 88' lang='lat' dir='ltr'>titulus,</span> <span class='ocrx_word' id='word_1_81' title='bbox 841 1114 890 1157; x_wconf 76' lang='lat' dir='ltr'>Pei-</span> 
     </span>
     <span class='ocr_line' id='line_1_14' title="bbox 247 1182 889 1242; baseline 0.005 -18"><span class='ocrx_word' id='word_1_82' title='bbox 247 1182 315 1224; x_wconf 76' lang='lat' dir='ltr'>mitiee</span> <span class='ocrx_word' id='word_1_83' title='bbox 331 1182 463 1239; x_wconf 72' lang='lat' dir='ltr'>Christianitp</span> <span class='ocrx_word' id='word_1_84' title='bbox 476 1182 561 1235; x_wconf 66' lang='lat' dir='ltr'>aenaea,</span> <span class='ocrx_word' id='word_1_85' title='bbox 576 1199 611 1240; x_wconf 91' lang='lat' dir='ltr'>pp.</span> <span class='ocrx_word' id='word_1_86' title='bbox 625 1197 716 1242; x_wconf 83' lang='lat'>1-391‚</span> <span class='ocrx_word' id='word_1_87' title='bbox 731 1187 842 1240; x_wconf 86' lang='lat' dir='ltr'>utramque</span> <span class='ocrx_word' id='word_1_88' title='bbox 858 1199 889 1227; x_wconf 90' lang='lat' dir='ltr'>rc-</span> 
     </span>
     <span class='ocr_line' id='line_1_15' title="bbox 247 1251 890 1309; baseline 0.005 -16"><span class='ocrx_word' id='word_1_89' title='bbox 247 1251 366 1294; x_wconf 80' lang='lat' dir='ltr'>censionem</span> <span class='ocrx_word' id='word_1_90' title='bbox 378 1251 521 1308; x_wconf 80' lang='lat' dir='ltr'>Epistularum</span> <span class='ocrx_word' id='word_1_91' title='bbox 537 1251 638 1295; x_wconf 84' lang='lat' dir='ltr'>exhibuit.</span> <span class='ocrx_word' id='word_1_92' title='bbox 670 1253 798 1309; x_wconf 78' lang='lat' dir='ltr'>Longiorem</span> <span class='ocrx_word' id='word_1_93' title='bbox 811 1268 837 1296; x_wconf 79' lang='lat' dir='ltr'>ex</span> <span class='ocrx_word' id='word_1_94' title='bbox 847 1253 890 1296; x_wconf 90' lang='lat' dir='ltr'>Us-</span> 
     </span>
     <span class='ocr_line' id='line_1_16' title="bbox 247 1320 889 1378; baseline 0.005 -15"><span class='ocrx_word' id='word_1_95' title='bbox 247 1320 295 1363; x_wconf 83' lang='lat' dir='ltr'>serii</span> <span class='ocrx_word' id='word_1_96' title='bbox 309 1320 400 1364; x_wconf 89' lang='lat' dir='ltr'>editione</span> <span class='ocrx_word' id='word_1_97' title='bbox 414 1320 547 1378; x_wconf 89' lang='lat' dir='ltr'>desumptam</span> <span class='ocrx_word' id='word_1_98' title='bbox 557 1336 612 1365; x_wconf 88' lang='lat' dir='ltr'>nova</span> <span class='ocrx_word' id='word_1_99' title='bbox 622 1322 717 1366; x_wconf 86' lang='lat' dir='ltr'>versione</span> <span class='ocrx_word' id='word_1_100' title='bbox 727 1322 827 1366; x_wconf 84' lang='lat' dir='ltr'>donavit:</span> <span class='ocrx_word' id='word_1_101' title='bbox 843 1323 889 1366; x_wconf 90' lang='lat' dir='ltr'>bre-</span> 
     </span>
     <span class='ocr_line' id='line_1_17' title="bbox 245 1390 890 1449; baseline 0.003 -17"><span class='ocrx_word' id='word_1_102' title='bbox 245 1390 299 1433; x_wconf 90' lang='lat' dir='ltr'>viori</span> <span class='ocrx_word' id='word_1_103' title='bbox 314 1406 340 1433; x_wconf 84' lang='lat' dir='ltr'>ex</span> <span class='ocrx_word' id='word_1_104' title='bbox 354 1390 447 1433; x_wconf 85' lang='lat' dir='ltr'>editione</span> <span class='ocrx_word' id='word_1_105' title='bbox 460 1390 598 1434; x_wconf 83' lang='lat' dir='ltr'>Aldrichiana</span> <span class='ocrx_word' id='word_1_106' title='bbox 611 1391 807 1449; x_wconf 81' lang='lat' dir='ltr'>interpretationem</span> <span class='ocrx_word' id='word_1_107' title='bbox 816 1392 890 1436; x_wconf 85' lang='lat' dir='ltr'>Wakii</span> 
     </span>
     <span class='ocr_line' id='line_1_18' title="bbox 245 1459 888 1518; baseline 0.003 -16"><span class='ocrx_word' id='word_1_108' title='bbox 245 1459 348 1516; x_wconf 84' lang='lat' dir='ltr'>apposuit.</span> <span class='ocrx_word' id='word_1_109' title='bbox 379 1460 556 1503; x_wconf 88' lang='lat' dir='ltr'>Dissertaticnem</span> <span class='ocrx_word' id='word_1_110' title='bbox 570 1459 679 1517; x_wconf 87' lang='lat' dir='ltr'>praemisit</span> <span class='ocrx_word' id='word_1_111' title='bbox 695 1476 736 1517; x_wconf 91' lang='lat' dir='ltr'>qua</span> <span class='ocrx_word' id='word_1_112' title='bbox 751 1461 839 1518; x_wconf 86' lang='lat' dir='ltr'>probare</span> <span class='ocrx_word' id='word_1_113' title='bbox 855 1477 888 1504; x_wconf 94' lang='lat' dir='ltr'>co-</span> 
     </span>
     <span class='ocr_line' id='line_1_19' title="bbox 244 1530 888 1588; baseline 0.005 -15"><span class='ocrx_word' id='word_1_114' title='bbox 244 1534 307 1574; x_wconf 90' lang='lat' dir='ltr'>natus</span> <span class='ocrx_word' id='word_1_115' title='bbox 327 1535 359 1573; x_wconf 91' lang='lat' dir='ltr'>est</span> <span class='ocrx_word' id='word_1_116' title='bbox 378 1531 484 1587; x_wconf 84' lang='lat' dir='ltr'>Epistolas</span> <span class='ocrx_word' id='word_1_117' title='bbox 507 1530 613 1587; x_wconf 82' lang='lat' dir='ltr'>longiores</span> <span class='ocrx_word' id='word_1_118' title='bbox 637 1531 691 1575; x_wconf 90' lang='lat' dir='ltr'>solas</span> <span class='ocrx_word' id='word_1_119' title='bbox 713 1532 816 1588; x_wconf 83' lang='lat' dir='ltr'>genuinas</span> <span class='ocrx_word' id='word_1_120' title='bbox 837 1547 888 1584; x_wconf 84' lang='lat' dir='ltr'>csse,</span> 
     </span>
     <span class='ocr_line' id='line_1_20' title="bbox 244 1599 888 1656; baseline 0.005 -14"><span class='ocrx_word' id='word_1_121' title='bbox 244 1601 348 1644; x_wconf 87' lang='lat' dir='ltr'>breviores</span> <span class='ocrx_word' id='word_1_122' title='bbox 362 1603 434 1643; x_wconf 87' lang='lat' dir='ltr'>autem</span> <span class='ocrx_word' id='word_1_123' title='bbox 447 1599 546 1643; x_wconf 90' lang='lat' dir='ltr'>nonnisi</span> <span class='ocrx_word' id='word_1_124' title='bbox 560 1603 658 1656; x_wconf 85' lang='lat' dir='ltr'>excerpta</span> <span class='ocrx_word' id='word_1_125' title='bbox 671 1616 697 1643; x_wconf 80' lang='lat' dir='ltr'>ex</span> <span class='ocrx_word' id='word_1_126' title='bbox 711 1600 760 1654; x_wconf 86' lang='lat' dir='ltr'>illis,</span> <span class='ocrx_word' id='word_1_127' title='bbox 775 1601 801 1644; x_wconf 89' lang='lat' dir='ltr'>ab</span> <span class='ocrx_word' id='word_1_128' title='bbox 817 1602 888 1645; x_wconf 85' lang='lat' dir='ltr'>haere-</span> 
     </span>
     <span class='ocr_line' id='line_1_21' title="bbox 244 1669 533 1726; baseline 0 -15"><span class='ocrx_word' id='word_1_129' title='bbox 244 1669 292 1712; x_wconf 87' lang='lat' dir='ltr'>ticis</span> <span class='ocrx_word' id='word_1_130' title='bbox 302 1669 380 1713; x_wconf 88' lang='lat' dir='ltr'>saeculi</span> <span class='ocrx_word' id='word_1_131' title='bbox 390 1670 461 1726; x_wconf 81' lang='lat' dir='ltr'>quarti</span> <span class='ocrx_word' id='word_1_132' title='bbox 471 1670 533 1712; x_wconf 85' lang='lat' dir='ltr'>facta.</span> 
     </span>
    </p>
   </div>
   <div class='ocr_carea' id='block_1_4' title="bbox 188 1774 887 2386">
    <p class='ocr_par' dir='ltr' id='par_1_6' title="bbox 188 1774 654 1831">
     <span class='ocr_line' id='line_1_22' title="bbox 188 1774 654 1831; baseline -0.002 -14"><span class='ocrx_word' id='word_1_133' title='bbox 188 1785 250 1830; x_wconf 86' lang='lat'>1741,</span> <span class='ocrx_word' id='word_1_134' title='bbox 261 1775 362 1827; x_wconf 77' lang='lat' dir='ltr'>Burilece,</span> <span class='ocrx_word' id='word_1_135' title='bbox 374 1775 393 1817; x_wconf 91' lang='lat'>8.</span> <span class='ocrx_word' id='word_1_136' title='bbox 408 1774 459 1831; x_wconf 87' lang='lat' dir='ltr'>(vid.</span> <span class='ocrx_word' id='word_1_137' title='bbox 470 1790 540 1831; x_wconf 81' lang='lat' dir='ltr'>supra,</span> <span class='ocrx_word' id='word_1_138' title='bbox 550 1790 570 1830; x_wconf 88' lang='lat' dir='ltr'>p.</span> <span class='ocrx_word' id='word_1_139' title='bbox 578 1774 654 1831; x_wconf 75' lang='lat' dir='ltr'>lxviii.)</span> 
     </span>
    </p>

    <p class='ocr_par' dir='ltr' id='par_1_7' title="bbox 241 1843 887 2386">
     <span class='ocr_line' id='line_1_23' title="bbox 272 1843 887 1899; baseline 0 -12"><span class='ocrx_word' id='word_1_140' title='bbox 272 1845 293 1887; x_wconf 85' lang='lat' dir='ltr'>J.</span> <span class='ocrx_word' id='word_1_141' title='bbox 304 1846 330 1887; x_wconf 77' lang='lat' dir='ltr'>L.</span> <span class='ocrx_word' id='word_1_142' title='bbox 342 1845 407 1887; x_wconf 83' lang='lat' dir='ltr'>Ennv.</span> <span class='ocrx_word' id='word_1_143' title='bbox 439 1843 518 1886; x_wconf 85' lang='lat' dir='ltr'>Smithi</span> <span class='ocrx_word' id='word_1_144' title='bbox 533 1843 646 1887; x_wconf 89' lang='lat' dir='ltr'>editionem</span> <span class='ocrx_word' id='word_1_145' title='bbox 661 1844 773 1899; x_wconf 78' lang='lat' dir='ltr'>integram,</span> <span class='ocrx_word' id='word_1_146' title='bbox 784 1860 826 1887; x_wconf 87' lang='lat' dir='ltr'>una</span> <span class='ocrx_word' id='word_1_147' title='bbox 838 1860 887 1887; x_wconf 90' lang='lat' dir='ltr'>cum</span> 
     </span>
     <span class='ocr_line' id='line_1_24' title="bbox 242 1913 885 1971; baseline 0.003 -16"><span class='ocrx_word' id='word_1_148' title='bbox 242 1913 499 1969; x_wconf 76' lang='lat' dir='ltr'>p1·aefationibus,cenu0</span> <span class='ocrx_word' id='word_1_149' title='bbox 517 1914 687 1969; x_wconf 83' lang='lat' dir='ltr'>repraesentavit.</span> <span class='ocrx_word' id='word_1_150' title='bbox 718 1913 808 1956; x_wconf 88' lang='lat' dir='ltr'>Mendas</span> <span class='ocrx_word' id='word_1_151' title='bbox 823 1917 885 1971; x_wconf 90' lang='lat' dir='ltr'>typo-</span> 
     </span>
     <span class='ocr_line' id='line_1_25' title="bbox 242 1982 886 2040; baseline 0.002 -15"><span class='ocrx_word' id='word_1_152' title='bbox 242 1984 353 2040; x_wconf 81' lang='lat' dir='ltr'>graphicas</span> <span class='ocrx_word' id='word_1_153' title='bbox 372 1982 500 2035; x_wconf 85' lang='lat' dir='ltr'>emendavit,</span> <span class='ocrx_word' id='word_1_154' title='bbox 516 1983 585 2025; x_wconf 89' lang='lat' dir='ltr'>multa</span> <span class='ocrx_word' id='word_1_155' title='bbox 601 1982 647 2025; x_wconf 90' lang='lat' dir='ltr'>loca</span> <span class='ocrx_word' id='word_1_156' title='bbox 664 1998 675 2024; x_wconf 90' lang='lat' dir='ltr'>e</span> <span class='ocrx_word' id='word_1_157' title='bbox 691 1982 797 2025; x_wconf 87' lang='lat' dir='ltr'>veteribus</span> <span class='ocrx_word' id='word_1_158' title='bbox 814 1983 886 2035; x_wconf 79' lang='lat' dir='ltr'>citata,</span> 
     </span>
     <span class='ocr_line' id='line_1_26' title="bbox 242 2050 886 2109; baseline 0.003 -16"><span class='ocrx_word' id='word_1_159' title='bbox 242 2052 342 2095; x_wconf 85' lang='lat' dir='ltr'>instituta</span> <span class='ocrx_word' id='word_1_160' title='bbox 361 2052 460 2109; x_wconf 81' lang='lat' dir='ltr'>diligenti</span> <span class='ocrx_word' id='word_1_161' title='bbox 483 2051 625 2108; x_wconf 84' lang='lat' dir='ltr'>inquisitione,</span> <span class='ocrx_word' id='word_1_162' title='bbox 646 2051 688 2093; x_wconf 88' lang='lat' dir='ltr'>suis</span> <span class='ocrx_word' id='word_1_163' title='bbox 713 2050 831 2094; x_wconf 89' lang='lat' dir='ltr'>auctoribus</span> <span class='ocrx_word' id='word_1_164' title='bbox 854 2068 886 2095; x_wconf 92' lang='lat' dir='ltr'>re-</span> 
     </span>
     <span class='ocr_line' id='line_1_27' title="bbox 242 2120 885 2177; baseline 0 -12"><span class='ocrx_word' id='word_1_165' title='bbox 242 2122 321 2175; x_wconf 88' lang='lat' dir='ltr'>stituit,</span> <span class='ocrx_word' id='word_1_166' title='bbox 341 2126 378 2164; x_wconf 76' lang='lat' dir='ltr'>anit</span> <span class='ocrx_word' id='word_1_167' title='bbox 398 2122 494 2165; x_wconf 82' lang='lat' dir='ltr'>correxit.</span> <span class='ocrx_word' id='word_1_168' title='bbox 527 2121 632 2177; x_wconf 86' lang='lat' dir='ltr'>Antiqnas</span> <span class='ocrx_word' id='word_1_169' title='bbox 652 2120 756 2163; x_wconf 86' lang='lat' dir='ltr'>versiones</span> <span class='ocrx_word' id='word_1_170' title='bbox 776 2121 803 2163; x_wconf 88' lang='lat' dir='ltr'>ad</span> <span class='ocrx_word' id='word_1_171' title='bbox 821 2121 885 2165; x_wconf 88' lang='lat' dir='ltr'>finem</span> 
     </span>
     <span class='ocr_line' id='line_1_28' title="bbox 242 2189 885 2249; baseline 0 -15"><span class='ocrx_word' id='word_1_172' title='bbox 242 2193 342 2249; x_wconf 83' lang='lat' dir='ltr'>cujusque</span> <span class='ocrx_word' id='word_1_173' title='bbox 357 2191 431 2247; x_wconf 91' lang='lat' dir='ltr'>scripti</span> <span class='ocrx_word' id='word_1_174' title='bbox 444 2191 522 2248; x_wconf 80' lang='lat' dir='ltr'>rejecit,</span> <span class='ocrx_word' id='word_1_175' title='bbox 533 2190 560 2233; x_wconf 89' lang='lat' dir='ltr'>ad</span> <span class='ocrx_word' id='word_1_176' title='bbox 573 2190 629 2233; x_wconf 85' lang='lat' dir='ltr'>lat-us</span> <span class='ocrx_word' id='word_1_177' title='bbox 640 2193 712 2232; x_wconf 83' lang='lat' dir='ltr'>textus</span> <span class='ocrx_word' id='word_1_178' title='bbox 723 2189 797 2233; x_wconf 83' lang='lat' dir='ltr'>Graeci</span> <span class='ocrx_word' id='word_1_179' title='bbox 808 2206 885 2234; x_wconf 85' lang='lat' dir='ltr'>novam</span> 
     </span>
     <span class='ocr_line' id='line_1_29' title="bbox 241 2258 884 2318; baseline 0 -15"><span class='ocrx_word' id='word_1_180' title='bbox 241 2261 340 2318; x_wconf 85' lang='lat' dir='ltr'>aliquam,</span> <span class='ocrx_word' id='word_1_181' title='bbox 350 2264 376 2303; x_wconf 91' lang='lat' dir='ltr'>ut</span> <span class='ocrx_word' id='word_1_182' title='bbox 385 2261 409 2303; x_wconf 89' lang='lat' dir='ltr'>in</span> <span class='ocrx_word' id='word_1_183' title='bbox 418 2259 539 2317; x_wconf 82' lang='lat' dir='ltr'>Ignatianis</span> <span class='ocrx_word' id='word_1_184' title='bbox 550 2258 708 2311; x_wconf 82' lang='lat' dir='ltr'>Cotelerianam,</span> <span class='ocrx_word' id='word_1_185' title='bbox 716 2259 803 2302; x_wconf 89' lang='lat' dir='ltr'>subinde</span> <span class='ocrx_word' id='word_1_186' title='bbox 813 2275 884 2303; x_wconf 90' lang='lat' dir='ltr'>emen-</span> 
     </span>
     <span class='ocr_line' id='line_1_30' title="bbox 241 2329 428 2386; baseline -0.011 -13"><span class='ocrx_word' id='word_1_187' title='bbox 241 2331 313 2373; x_wconf 86' lang='lat' dir='ltr'>datam</span> <span class='ocrx_word' id='word_1_188' title='bbox 324 2329 428 2386; x_wconf 87' lang='lat' dir='ltr'>apposuit.</span> 
     </span>
    </p>
   </div>
   <div class='ocr_carea' id='block_1_5' title="bbox 184 2418 883 2755">
    <p class='ocr_par' dir='ltr' id='par_1_8' title="bbox 184 2418 625 2477">
     <span class='ocr_line' id='line_1_31' title="bbox 184 2418 625 2477; baseline -0.009 -14"><span class='ocrx_word' id='word_1_189' title='bbox 184 2421 246 2477; x_wconf 82' lang='lat'>1746,</span> <span class='ocrx_word' id='word_1_190' title='bbox 257 2420 353 2472; x_wconf 64' lang='lat' dir='ltr'>lairena,</span> <span class='ocrx_word' id='word_1_191' title='bbox 364 2420 383 2462; x_wconf 82' lang='lat'>3.</span> <span class='ocrx_word' id='word_1_192' title='bbox 395 2418 446 2477; x_wconf 81' lang='lat' dir='ltr'>(vid.</span> <span class='ocrx_word' id='word_1_193' title='bbox 458 2433 527 2475; x_wconf 87' lang='lat' dir='ltr'>supra,</span> <span class='ocrx_word' id='word_1_194' title='bbox 537 2418 625 2473; x_wconf 72' lang='lat' dir='ltr'>plain.)</span> 
     </span>
    </p>

    <p class='ocr_par' dir='ltr' id='par_1_9' title="bbox 238 2488 883 2755">
     <span class='ocr_line' id='line_1_32' title="bbox 269 2488 883 2547; baseline -0.002 -15"><span class='ocrx_word' id='word_1_195' title='bbox 269 2490 317 2532; x_wconf 81' lang='lat' dir='ltr'>Rlo.</span> <span class='ocrx_word' id='word_1_196' title='bbox 325 2489 417 2541; x_wconf 63' lang='lat' dir='ltr'>Russus,</span> <span class='ocrx_word' id='word_1_197' title='bbox 428 2488 455 2529; x_wconf 84' lang='lat' dir='ltr'>A.</span> <span class='ocrx_word' id='word_1_198' title='bbox 462 2488 495 2529; x_wconf 85' lang='lat' dir='ltr'>M.</span> <span class='ocrx_word' id='word_1_199' title='bbox 506 2490 627 2530; x_wconf 80' lang='lat' dir='ltr'>contextum</span> <span class='ocrx_word' id='word_1_200' title='bbox 639 2488 743 2531; x_wconf 81' lang='lat' dir='ltr'>Graecum</span> <span class='ocrx_word' id='word_1_201' title='bbox 752 2504 779 2531; x_wconf 81' lang='lat' dir='ltr'>ex</span> <span class='ocrx_word' id='word_1_202' title='bbox 788 2489 883 2547; x_wconf 84' lang='lat' dir='ltr'>omnium</span> 
     </span>
     <span class='ocr_line' id='line_1_33' title="bbox 239 2557 883 2610; baseline 0 -8"><span class='ocrx_word' id='word_1_203' title='bbox 239 2560 365 2603; x_wconf 84' lang='lat' dir='ltr'>Editionum</span> <span class='ocrx_word' id='word_1_204' title='bbox 390 2557 501 2601; x_wconf 86' lang='lat' dir='ltr'>collatione</span> <span class='ocrx_word' id='word_1_205' title='bbox 526 2558 667 2610; x_wconf 82' lang='lat' dir='ltr'>emendatum,</span> <span class='ocrx_word' id='word_1_206' title='bbox 687 2574 729 2600; x_wconf 89' lang='lat' dir='ltr'>una</span> <span class='ocrx_word' id='word_1_207' title='bbox 752 2574 800 2601; x_wconf 90' lang='lat' dir='ltr'>cum</span> <span class='ocrx_word' id='word_1_208' title='bbox 820 2559 883 2602; x_wconf 89' lang='lat' dir='ltr'>variis</span> 
     </span>
     <span class='ocr_line' id='line_1_34' title="bbox 238 2625 883 2680; baseline 0.002 -10"><span class='ocrx_word' id='word_1_209' title='bbox 238 2629 363 2672; x_wconf 90' lang='lat' dir='ltr'>lectionibus</span> <span class='ocrx_word' id='word_1_210' title='bbox 378 2628 401 2669; x_wconf 89' lang='lat' dir='ltr'>in</span> <span class='ocrx_word' id='word_1_211' title='bbox 415 2625 506 2668; x_wconf 85' lang='lat' dir='ltr'>sinistris</span> <span class='ocrx_word' id='word_1_212' title='bbox 518 2625 601 2680; x_wconf 83' lang='lat' dir='ltr'>paginis</span> <span class='ocrx_word' id='word_1_213' title='bbox 612 2626 715 2679; x_wconf 82' lang='lat' dir='ltr'>exhibuit,</span> <span class='ocrx_word' id='word_1_214' title='bbox 727 2628 760 2669; x_wconf 89' lang='lat' dir='ltr'>cni</span> <span class='ocrx_word' id='word_1_215' title='bbox 770 2628 794 2670; x_wconf 91' lang='lat' dir='ltr'>in</span> <span class='ocrx_word' id='word_1_216' title='bbox 803 2627 883 2671; x_wconf 83' lang='lat' dir='ltr'>dextris</span> 
     </span>
     <span class='ocr_line' id='line_1_35' title="bbox 238 2694 883 2755; baseline -0.002 -14"><span class='ocrx_word' id='word_1_217' title='bbox 238 2698 346 2755; x_wconf 79' lang='lat' dir='ltr'>interpres</span> <span class='ocrx_word' id='word_1_218' title='bbox 356 2697 424 2739; x_wconf 86' lang='lat' dir='ltr'>Vetus</span> <span class='ocrx_word' id='word_1_219' title='bbox 440 2694 563 2751; x_wconf 86' lang='lat' dir='ltr'>respondet:</span> <span class='ocrx_word' id='word_1_220' title='bbox 580 2696 677 2739; x_wconf 82' lang='lat' dir='ltr'>Cotelen&#39;i</span> <span class='ocrx_word' id='word_1_221' title='bbox 690 2696 784 2739; x_wconf 87' lang='lat' dir='ltr'>versione</span> <span class='ocrx_word' id='word_1_222' title='bbox 799 2696 883 2754; x_wconf 87' lang='lat' dir='ltr'>utrique</span> 
     </span>
    </p>
   </div>
   <div class='ocr_carea' id='block_1_6' title="bbox 176 2845 881 3058">
    <p class='ocr_par' dir='ltr' id='par_1_10' title="bbox 176 2845 881 3058">
     <span class='ocr_line' id='line_1_36' title="bbox 201 2845 881 2890; baseline -0.001 -8"><span class='ocrx_word' id='word_1_223' title='bbox 201 2850 268 2882; x_wconf 78' lang='lat' dir='ltr'>*Anno</span> <span class='ocrx_word' id='word_1_224' title='bbox 278 2857 325 2890; x_wconf 84' lang='lat'><em>1710,</em></span> <span class='ocrx_word' id='word_1_225' title='bbox 339 2849 437 2881; x_wconf 83' lang='lat' dir='ltr'>Whistonus</span> <span class='ocrx_word' id='word_1_226' title='bbox 449 2847 505 2879; x_wconf 84' lang='lat' dir='ltr'>emisit</span> <span class='ocrx_word' id='word_1_227' title='bbox 519 2845 592 2878; x_wconf 77' lang='lat' dir='ltr'>libellum</span> <span class='ocrx_word' id='word_1_228' title='bbox 606 2848 711 2889; x_wconf 84' lang='lat' dir='ltr'>peculiarem,</span> <span class='ocrx_word' id='word_1_229' title='bbox 725 2847 753 2880; x_wconf 78' lang='lat' dir='ltr'>Aa</span> <span class='ocrx_word' id='word_1_230' title='bbox 764 2848 815 2890; x_wconf 74' lang='lat' dir='ltr'>Essup</span> <span class='ocrx_word' id='word_1_231' title='bbox 825 2859 846 2881; x_wconf 81' lang='lat' dir='ltr'>on</span> <span class='ocrx_word' id='word_1_232' title='bbox 856 2849 881 2881; x_wconf 75' lang='lat' dir='ltr'>thu</span> 
     </span>
     <span class='ocr_line' id='line_1_37' title="bbox 179 2901 881 2947; baseline 0 -11"><span class='ocrx_word' id='word_1_233' title='bbox 179 2904 248 2946; x_wconf 74' lang='lat' dir='ltr'>Epistles</span> <span class='ocrx_word' id='word_1_234' title='bbox 255 2905 275 2947; x_wconf 83' lang='lat' dir='ltr'>cf</span> <span class='ocrx_word' id='word_1_235' title='bbox 279 2904 357 2947; x_wconf 65' lang='lat' dir='ltr'>sprottus</span> <span class='ocrx_word' id='word_1_236' title='bbox 362 2917 370 2942; x_wconf 74' lang='lat'>,¹</span> <span class='ocrx_word' id='word_1_237' title='bbox 381 2905 409 2937; x_wconf 89' lang='lat' dir='ltr'>eui</span> <span class='ocrx_word' id='word_1_238' title='bbox 420 2902 506 2946; x_wconf 85' lang='lat' dir='ltr'>respondit</span> <span class='ocrx_word' id='word_1_239' title='bbox 513 2901 526 2933; x_wconf 83' lang='lat' dir='ltr'><strong>J</strong></span> <span class='ocrx_word' id='word_1_240' title='bbox 528 2926 531 2934; x_wconf 94' lang='lat'>.</span> <span class='ocrx_word' id='word_1_241' title='bbox 539 2901 624 2943; x_wconf 63' lang='lat' dir='ltr'>Edwards</span> <span class='ocrx_word' id='word_1_242' title='bbox 636 2903 652 2936; x_wconf 76' lang='lat' dir='ltr'>S.</span> <span class='ocrx_word' id='word_1_243' title='bbox 658 2904 677 2937; x_wconf 82' lang='grc' dir='ltr'>Τ,</span> <span class='ocrx_word' id='word_1_244' title='bbox 683 2904 703 2936; x_wconf 89' lang='grc' dir='ltr'>Ρ,</span> <span class='ocrx_word' id='word_1_245' title='bbox 714 2902 732 2935; x_wconf 91' lang='lat' dir='ltr'>in</span> <span class='ocrx_word' id='word_1_246' title='bbox 742 2903 785 2936; x_wconf 88' lang='lat' dir='ltr'>libro</span> <span class='ocrx_word' id='word_1_247' title='bbox 796 2903 881 2947; x_wconf 67' lang='lat' dir='ltr'>inscrlpta</span> 
     </span>
     <span class='ocr_line' id='line_1_38' title="bbox 178 2956 879 3002; baseline -0.003 -9"><span class='ocrx_word' id='word_1_248' title='bbox 178 2961 224 2993; x_wconf 78' lang='lat' dir='ltr'>Some</span> <span class='ocrx_word' id='word_1_249' title='bbox 239 2960 283 3002; x_wconf 78' lang='lat' dir='ltr'>brief</span> <span class='ocrx_word' id='word_1_250' title='bbox 297 2960 408 2993; x_wconf 77' lang='lat' dir='ltr'>Ohrcrcutions</span> <span class='ocrx_word' id='word_1_251' title='bbox 422 2958 457 2990; x_wconf 73' lang='lat' dir='ltr'>arrd</span> <span class='ocrx_word' id='word_1_252' title='bbox 468 2956 561 2998; x_wconf 63' lang='lat' dir='ltr'>Reductiono</span> <span class='ocrx_word' id='word_1_253' title='bbox 574 2969 594 2990; x_wconf 85' lang='lat' dir='ltr'>cn</span> <span class='ocrx_word' id='word_1_254' title='bbox 606 2958 640 2991; x_wconf 80' lang='lat' dir='ltr'>Mr.</span> <span class='ocrx_word' id='word_1_255' title='bbox 651 2958 736 2993; x_wconf 76' lang='lat' dir='ltr'>Whislon&#39;s</span> <span class='ocrx_word' id='word_1_256' title='bbox 751 2958 783 2991; x_wconf 78' lang='lat' dir='ltr'>lule</span> <span class='ocrx_word' id='word_1_257' title='bbox 797 2958 879 3001; x_wconf 76' lang='lat' dir='ltr'>Wra&#39;liaps,</span> 
     </span>
     <span class='ocr_line' id='line_1_39' title="bbox 176 3013 603 3058; baseline -0.009 -9"><span class='ocrx_word' id='word_1_258' title='bbox 176 3015 237 3058; x_wconf 72' lang='lat' dir='ltr'>ythelp</span> <span class='ocrx_word' id='word_1_259' title='bbox 245 3015 310 3049; x_wconf 72' lang='lat' dir='ltr'>incline</span> <span class='ocrx_word' id='word_1_260' title='bbox 318 3015 405 3049; x_wconf 85' lang='lat' dir='ltr'>Primitive</span> <span class='ocrx_word' id='word_1_261' title='bbox 413 3013 524 3054; x_wconf 71' lang='lat' dir='ltr'>Christianity</span> <span class='ocrx_word' id='word_1_262' title='bbox 532 3013 603 3046; x_wconf 89' lang='lat' dir='ltr'>revived.</span> 
     </span>
    </p>
   </div>
   <div class='ocr_carea' id='block_1_7' title="bbox 0 0 1036 3403">
    <p class='ocr_par' dir='ltr' id='par_1_11' title="bbox 0 0 1036 3403">
     <span class='ocr_line' id='line_1_40' title="bbox 0 0 1036 3403; baseline 0 5"><span class='ocrx_word' id='word_1_263' title='bbox 0 0 1036 3403; x_wconf 95' lang='lat' dir='ltr'> </span> 
     </span>
    </p>
   </div>
  </div>
 </body>
</html>
