2061 3403
212 168 235 212 xr
383 171 604 217 anonunoauru
619 172 745 217 aaaron
803 148 804 153 ’

212 286 321 341 innotuit,
339 289 383 346 qrri,
395 289 446 347 quid
461 289 486 333 de
501 305 525 334 ea
539 289 632 345 sentiret,
645 290 668 334 in
682 289 779 348 Epistola
793 286 821 333 ad
836 288 912 332 Gerar-

213 356 265 401 dum
283 358 385 403 Vossium
404 359 454 403 data
472 360 568 417 protinus
590 359 732 417 significavit:
758 358 912 410 “Blondellus,

213 430 228 451 “
238 442 328 485 magnae
340 427 379 472 vir
397 428 526 486 diligentiae,
544 428 580 472 sed
599 443 648 472 suae
665 427 722 485 parti
741 443 803 485 super
822 441 912 484 aequum

213 501 228 522 “
238 497 342 551 addictus,
360 497 411 555 quid
430 498 455 541 de
472 497 581 556 Episcopis
600 500 622 542 et
637 498 769 556 Presbyteris
788 496 867 542 sentiat
886 512 912 540 ex

213 570 227 592 “
237 565 321 623 scriptis
340 567 384 624 ejus
405 567 494 611 antehac
513 566 574 611 editis
593 582 637 610 non
656 567 768 611 obscurum
787 570 826 610 est.
865 565 911 609 Im-

213 639 228 661 “
237 634 336 691 primitur
347 650 404 679 nunc
415 635 471 693 apud
480 635 579 680 Blavium
592 636 645 681 liber
658 637 702 694 ejus
716 636 832 694 specialiter
846 635 872 679 de
887 651 911 679 eo

213 709 228 730 “
237 707 369 761 argumento.
386 704 483 762 Cognovi
493 708 564 748 autem
571 720 597 748 ex
606 721 701 750 sermone
711 706 784 763 ipsius,
791 705 911 750 omnimodo

213 777 299 830 “agere
316 788 365 816 eum
382 773 422 817 hoc
437 772 498 826 velle,
515 777 540 817 ut
556 773 636 831 aliquid
652 774 743 832 reperiat
759 775 816 819 unde
832 775 912 818 famam

212 847 226 868 “
237 844 330 899 spargat,
350 845 373 885 te
392 843 415 885 in
438 857 462 885 ea
484 858 506 886 re
528 842 590 900 plane
613 859 684 887 secum
707 845 791 888 sentire.
830 844 912 901 Ignatii

212 917 227 939 “
236 912 349 970 Epistolas,
366 927 417 970 quas
432 911 488 955 filius
507 915 557 956 tuus
576 928 603 956 ex
622 913 686 956 Italia
705 913 785 968 attulit,
802 929 865 971 puras
885 913 911 957 ab
997 915 999 918 ’

213 982 334 1026 “omnibus
353 981 387 1036 iis,
405 997 457 1040 quae
473 982 558 1026 Eruditi
576 982 679 1027 hactenus
698 987 794 1040 suspecta
813 983 910 1036 habuere,

212 1057 227 1079 “
236 1051 283 1096 ideo
301 1050 413 1095 admittere
428 1066 471 1095 non
485 1052 539 1106 vult,
556 1051 611 1109 quia,
625 1052 792 1110 Episcopatuum
809 1052 911 1096 vetustati

212 1127 227 1148 “
237 1122 316 1165 clarum
330 1121 432 1178 praebent
445 1120 597 1165 testimonium.
633 1122 768 1178 Argumento
783 1124 855 1165 autem
867 1136 910 1164 non

213 1196 228 1217 “
237 1191 278 1234 alio
292 1190 368 1243 utitur,
378 1205 442 1248 quam
456 1191 512 1248 quod
526 1190 549 1234 in
563 1190 589 1233 iis
602 1191 667 1234 verba
681 1190 783 1248 quaedam
797 1192 911 1247 appareant

213 1259 367 1317 “elegantiora
383 1275 446 1316 quam
463 1259 531 1304 solent
547 1260 571 1303 in
586 1260 738 1317 Apostolorum
753 1259 836 1317 scriptis
853 1274 911 1317 repe-

213 1329 281 1383 “riri,
299 1328 370 1386 quales
389 1331 440 1372 sunt
459 1329 573 1383 ἀξιέπαινοι,
591 1330 771 1385 ἀξιομνημόνευτα,
787 1333 809 1372 et
828 1329 911 1372 similia.

213 1398 289 1442 “Dixi
306 1414 353 1455 ego,
371 1398 426 1456 paris
445 1401 542 1442 monetae
557 1398 659 1442 vocabula
677 1413 722 1442 non
740 1413 807 1455 pauca
825 1413 869 1442 esse
888 1398 911 1441 in

213 1467 353 1512 “Clementis
369 1467 471 1525 Epistola,
489 1483 553 1525 quam
571 1470 691 1524 suspectam
710 1482 754 1510 non
773 1467 850 1511 habet:
875 1468 911 1510 ad-

213 1537 327 1581 “haesisse
345 1537 396 1581 haec
413 1537 455 1581 illis
472 1552 499 1581 ex
515 1536 603 1581 lectione
621 1537 750 1580 Graecorum
767 1537 804 1594 qui
823 1535 911 1580 nitidius

212 1612 227 1634 “
237 1608 384 1665 scripserant.”

243 1675 406 1734 Quamprimum
423 1680 494 1720 autem
509 1676 655 1721 Blondelliana
672 1676 696 1719 in
712 1676 781 1720 lucem
796 1675 911 1733 prodirent,

214 1750 236 1789 et
245 1747 330 1791 Isaacus
340 1746 428 1790 Vossius
440 1746 539 1791 Codioem
549 1746 676 1800 Medioeum,
687 1761 750 1804 quem
763 1749 809 1789 tam
824 1746 912 1789 feliciter

214 1814 314 1868 ediderat,
327 1817 373 1858 tam
387 1814 441 1858 male
455 1819 570 1859 tractatum
583 1815 672 1869 videret,
687 1815 761 1859 statim
775 1814 871 1872 Epistola
885 1814 912 1856 ad
992 1809 994 1811 ’

214 1883 317 1928 Rivetum
331 1883 422 1927 rationes
435 1884 562 1941 perscripsit,
573 1890 587 1910 ‘¹
593 1899 630 1927 our
644 1900 693 1928 eum
707 1899 750 1927 non
765 1883 851 1928 omnino
865 1898 911 1939 per-

214 1958 229 1979 “
239 1968 322 1996 movere
334 1953 442 2009 potuerint
451 1953 584 2010 Argumenta
593 1953 636 2006 illa,
647 1969 700 2010 quae
710 1953 780 1997 David
790 1951 912 1996 Blondellus

215 2027 229 2048 ‘¹
239 2022 266 2066 ad
283 2022 417 2065 evertendam
432 2022 574 2079 Epistolarum
590 2022 672 2078 Ignatii
687 2022 799 2066 veritatem
816 2021 912 2064 attulit.’'

215 2091 273 2135 Huic
282 2090 390 2147 Epistulae
399 2091 520 2135 Blondellus
529 2092 638 2135 Annotata
651 2107 689 2134 sua
702 2091 811 2149 adspersit,
821 2093 843 2134 et
852 2106 911 2147 prae-

214 2165 272 2205 terea
281 2161 390 2205 stricturas
400 2161 500 2218 quasdam
510 2162 537 2205 ad
542 2161 612 2204 Vossii
619 2164 681 2205 notas
691 2164 740 2204 ante
750 2162 816 2205 editas
819 2178 825 2214 ς
836 2160 912 2218 quibus

214 2231 280 2274 altera
289 2229 397 2287 prolixiori
406 2230 501 2287 Epistola
514 2231 541 2274 ad
550 2230 652 2274 Rivetum
663 2230 742 2287 pariter
754 2231 819 2274 missa
828 2230 912 2274 Isaacus

215 2303 310 2344 accurate
320 2299 434 2357 respondit.

245 2369 369 2414 Quinetiam
387 2368 560 2426 Archiepiscopus
579 2369 725 2412 Armachanus
744 2369 767 2411 in
784 2369 912 2425 Appendice,

137 2443 152 2469 ⁵·
214 2440 310 2498 proximo
320 2441 369 2496 post
379 2438 484 2483 Blondelli
493 2438 620 2496 Apologiam
633 2454 689 2482 anno
703 2437 766 2491 edita,
776 2438 848 2481 mirari
861 2440 912 2483 satis

214 2527 236 2555 se
250 2526 294 2554 non
308 2508 402 2567 potuisse
416 2509 533 2565 profitetur,
544 2508 596 2551 duos
610 2507 648 2551 hos
663 2506 737 2564 magni
747 2507 839 2551 nominis
848 2507 911 2562 viros,

215 2579 341 2624 Salmasium
357 2583 379 2623 et
394 2576 534 2630 Blondellum,
549 2576 672 2633 conjecturis
688 2575 731 2618 suis
745 2579 830 2619 tantum
844 2576 911 2620 tribu-

214 2651 261 2704 isse,
271 2664 338 2707 quum
348 2647 459 2706 Polycarpi
470 2646 497 2690 ad
506 2646 650 2703 Philippenses
662 2645 741 2698 literas,
756 2646 831 2703 quibus
846 2646 911 2703 Igna-

214 2720 283 2764 tianas
296 2735 309 2763 a
322 2734 344 2763 se
358 2719 461 2776 subjectas
473 2716 537 2760 fuisse
546 2716 591 2772 ipse
601 2716 718 2768 confirmat,
728 2730 839 2771 germanas
848 2716 912 2761 fuisse

213 2790 327 2843 fateantur,
338 2791 360 2832 et
371 2789 408 2832 has
418 2787 474 2844 ipsas
484 2801 536 2843 quae
546 2784 631 2842 Ignatic
641 2785 766 2829 tribuuntur
774 2784 879 2842 Epistolas
889 2787 912 2829 in

214 2860 310 2904 Mediceo
321 2858 398 2903 Codice
407 2873 420 2901 a
429 2856 515 2905 novitiis
525 2855 649 2899 assumentis
659 2854 745 2897 demum
754 2854 858 2908 liberatas,
869 2871 912 2899 non

214 2929 284 2973 minus
299 2943 362 2986 quam
377 2926 488 2985 Polycarpi
501 2926 576 2983 ipsam,
586 2924 672 2968 Eusebii
686 2924 815 2980 temporibus
830 2924 852 2967 in
867 2941 912 2968 om-
