2017 3420
226 215 270 258 124

261 341 277 366 1.
312 328 329 364 ἐν
347 329 420 376 ὑπομονῇ
437 327 495 375 Ἰησοῦ
514 331 596 377 Χριστοῦ,

259 383 315 421 Rom.
329 395 358 421 10.
390 383 442 432 Χάρις
457 384 502 430 ὑμῖν,
515 384 598 422 ...ὑπο-

259 439 301 485 μονῆ
317 438 344 476 διὰ
359 440 425 476 παντός.
442 436 559 488 3η1γν11.12.
588 437 598 485 ῆ

260 494 336 540 ὑτομονή
354 494 377 532 ὡς
394 493 484 531 πανοπλία.
501 491 565 543 Polye.
581 494 597 531 6.

249 574 251 577 ι
261 549 336 595 Μιμηταὶ
345 548 374 585 οὑν
382 548 467 598 γενώμεθα
476 550 506 595 τῆς
516 548 600 595 ὑπομονῆς

261 604 317 640 αὐτοῦ.
337 601 400 654 Ροίγο.
421 601 468 641 Phil.
491 604 509 640 8.
542 604 601 640 ἀσκεῖν

260 660 319 706 πᾶσαν
332 658 421 706 ὑπομονήν.
437 670 454 708 9.
496 658 600 707 Περιέχοαοι

261 715 295 762 γὰρ
304 713 362 751 πίστιν
371 712 397 751 καί
410 711 500 759 ὑπομονήν.
513 724 543 761 13.
571 715 600 760 τῆς

263 769 282 810 ἐν
290 769 334 819 αὑτῷ
343 769 430 815 ὑπομονῆς,
443 766 501 806 Mart.
511 766 573 818 Polyc.
583 781 599 816 3.

263 823 296 859 Διὰ
308 825 337 869 τῆς
349 824 431 870 ὑπομονῆς
442 823 476 872 γὰρ
487 824 601 872 καταγωνισά-

263 892 318 924 μενος.
331 889 359 927 19.

235 933 368 980 Ὑπομονητικός.
385 934 408 969 Τὸ
417 933 450 981 γὰρ
456 934 533 981 γενναῖον
541 933 600 975 αὐτῶν,

263 987 291 1024 καὶ
299 987 424 1035 ὑπομονητικόν.
436 985 494 1024 Μαῐὺ.
503 985 567 1037 Ροίγα.
578 999 593 1024 2.

235 1042 350 1080 Ὺπαπίπτειν,
376 1045 428 1079 τοῦτο
441 1042 602 1080 ὑπίπιπτεν...ὑπὸ

263 1097 293 1144 τῆν
302 1097 374 1134 διάνοιαν
383 1096 435 1144 ῆμῦν.
450 1095 511 1134 Olem.
522 1096 533 1134 Ι
543 1105 574 1146 35.

235 1151 400 1201 Ὑποστρόινννσθαι.
431 1150 501 1199 κήρυκας
517 1152 547 1199 μὲν
561 1152 602 1189 ὑπο-

263 1206 392 1255 στρωννῦμενοι,
408 1205 464 1245 Μαιὺ.
477 1205 542 1257 Polyc.
555 1219 571 1243 2.

235 1260 327 1310 ’ΥποταγήΙ
355 1262 405 1311 ἐντῷ
416 1263 470 1298 κανόνι
479 1264 509 1309 τῆς
518 1263 603 1311 ὑποταγῆς

264 1315 381 1365 ὑπαρχούσας,
397 1314 455 1355 Olem.
466 1314 477 1353 Ῑ
488 1329 504 1354 1.
527 1317 603 1365 ὑποταγῇ

263 1374 294 1419 ιο
307 1374 374 1420 πται,
391 1379 428 1420 τι,
450 1372 511 1419 εντα
527 1371 603 1420 πται

263 1425 293 1472 ῆτε
312 1426 443 1474 κατηρτισμένοι.
460 1425 504 1476 Igu.
520 1424 572 1476 Eph.
586 1439 602 1463 2.

264 1481 282 1517 ἐν
289 1478 314 1519 οἷς
322 1481 407 1520 ἀκίνδυνος
415 1479 516 1530 ῆῦποταγή.
525 1479 602 1531 Fragm.

264 1534 291 1573 iii.
319 1535 383 1573 λείπειν
391 1537 436 1586 αὐτῷ
445 1536 487 1585 πρὸς
496 1539 554 1574 πᾶσαν
563 1537 604 1573 ὑπο-

264 1590 323 1640 τογήν.
339 1589 395 1629 Mam
407 1590 448 1641 Igu.
460 1603 477 1628 2.
507 1638 508 1643 ¹

237 1647 355 1685 Ὑποτάσσειν.
385 1647 522 1693 ὑποτασσόμενοι
537 1649 573 1683 τοῖς
586 1646 605 1693 ῆ-

265 1700 353 1750 γουμένοις
362 1702 413 1748 ὑμῶν,
427 1698 486 1739 Olem.
498 1699 509 1738 Ι
521 1713 537 1738 1.
564 1701 605 1737 ὑπο-

266 1757 370 1801 τασσόμενοι
387 1754 478 1802 μᾶλλονῆ
497 1756 605 1793 ῦπατάσσον-

266 1825 300 1848 τες.
316 1822 332 1847 2.
367 1812 387 1847 Οἱ
402 1810 468 1859 οὐρανοὶ
478 1841 480 1847 .
490 1841 493 1848 .
504 1838 508 1847 .
518 1811 536 1848 ἐν
551 1809 605 1859 εἰρήνῃ

267 1865 393 1903 ὑποτάσσονται
405 1866 454 1915 αὐτῷ.
471 1877 501 1903 20.
531 1866 607 1902 ὑποτασ-

268 1919 338 1967 σώμεθα
355 1923 378 1970 τῷ
396 1919 477 1967 θελήματι
499 1920 556 1957 αὑτοῦ.
574 1932 605 1968 34.

268 1975 394 2012 ὑποτασσέσθω
409 1974 479 2012 ἕκαστος
494 1977 518 2024 τῷ
533 1975 607 2022 πλησίον

269 2030 326 2066 αὑτοῦ.
343 2030 373 2077 38.
402 2029 496 2079 ὑποτάγητε
511 2032 547 2067 τοῖς
565 2045 606 2078 πρε-

270 2083 365 2133 σβυτέροις.
381 2092 411 2132 57.
446 2084 508 2130 μάθετε
531 2084 607 2121 ὑποτάσ-

239 2153 240 2156 ’
270 2138 337 2176 σεσθοι,
353 2137 377 2176 ib.
405 2136 432 2175 ἵνα
447 2139 491 2186 ὦμεν
507 2141 552 2175 θεοῦ
567 2139 607 2176 ὑπο-

269 2195 376 2241 τασσόμενοι.
396 2192 438 2243 Igu.
456 2191 505 2243 Eph.
523 2202 540 2241 5.
583 2193 608 2229 ότι

269 2249 423 2298 ὑποτάσσεταιτῷ
439 2245 526 2298 ε’πιὺκόπιρ
540 2249 562 2286 ὡς
576 2247 608 2296 χά-

269 2319 303 2352 ριτι
316 2306 367 2341 Θεοῦ.
383 2301 446 2354 Magn.
460 2315 476 2340 2.
505 2301 609 2352 Ὑποτάγητε

233 2386 234 2390 .
270 2362 294 2408 τῷ
317 2359 403 2409 ἐπισκόπῳ
425 2359 452 2395 καί
473 2356 561 2404 ἀλλήλοις,
579 2369 607 2407 13.

245 2436 247 2439 -
267 2413 305 2449 ''Or’
315 2413 335 2450 ἂν
348 2414 381 2462 γὰρ
395 2415 419 2463 τῇ
433 2413 521 2461 ἐπισκόπῳ
534 2413 609 2450 ὑποτάσ-

271 2468 326 2505 σεσθε
335 2470 358 2506 ὡς
366 2468 424 2514 Ἰησοῦ
432 2473 453 2505 X.
464 2465 521 2505 Tl’all.
531 2479 547 2505 2.
568 2468 609 2505 ὑπο-

271 2523 368 2560 τάσσεσθαι
377 2524 403 2560 καὶ
412 2526 436 2574 τῷ
444 2522 569 2573 πρεσβυτερίιρ.
583 2522 607 2560 ib.

271 2578 407 2625 ὑποτασσομένοι
419 2581 443 2629 τῷ
456 2578 544 2626 ἐπισκόπιρ
557 2577 580 2615 ὣς
590 2575 609 2623 τῇ

272 2634 338 2679 ἐντολῇ,
355 2645 384 2681 13.
418 2632 457 2671 τοὺς
470 2632 581 2680 λοιμοτέρους
594 2632 610 2668 ἐν

271 2689 352 2736 πραότητι
361 2689 455 2726 ῦπάτασσε.
469 2685 534 2736 Polyc.
545 2698 562 2723 2.
578 2686 610 2723 ’Av-

271 2743 347 2791 τίψυχον
364 2743 397 2792 ἐγὼ
414 2747 448 2779 τῶν
465 2741 611 2789 ὑποτασσομένων

270 2800 295 2847 τῷ
318 2798 408 2848 ε’πισκόττῳ.
426 2798 442 2835 6.
485 2799 513 2847 Τῷ
537 2795 610 2845 Καίσαρι

271 2853 370 2901 ὑποτάγητε.
385 2851 459 2903 Fragln.
476 2850 502 2891 iii.
539 2849 553 2902 a}
568 2851 608 2888 ὑπε-

270 2908 313 2955 τάγη
331 2908 352 2943 τὰ
369 2909 427 2945 πάντα.
445 2905 508 2957 Polyc.
526 2904 574 2944 Phil.
591 2918 607 2944 2.

270 2962 418 3010 ὑποτασσομένανς
434 2965 468 3001 τοῖς
485 2960 610 3010 πρεσβυτέροις

269 3018 296 3053 καὶ
310 3018 396 3060 διακόνοις,
409 3018 431 3055 ὡς
443 3020 480 3067 θεῷ
493 3018 521 3053 καὶ
534 3019 607 3067 Χριστῷ.

269 3080 286 3119 5.
316 3072 457 3121 ὑποτεταγμέναι.
466 3101 470 3110 .
479 3075 511 3119 ,τῇ
525 3073 609 3118 ἐπιστολῇ

467 208 753 275 INDEXNERBORUM

652 327 709 374 ταὺτη.
722 337 753 376 15.
775 324 803 365 οἶα
811 322 854 376 πρὺς
862 328 892 375 τῆν
901 327 991 374 ἐκκλησίαν

652 382 750 420 ἐπιστέλλει
760 413 764 421 .
773 414 777 421 ,
786 410 790 419 .
798 381 911 421 ὑποτέτακται,
931 380 989 420 Mart.
1000 385 1002 388 ’

653 436 696 489 Ign.
707 450 724 485 4.

631 492 778 543 Υποτεταγμένως,
803 492 991 541 πῶςὺποτεταγμένως.

654 548 752 585 ἐπιτελοῦσι
759 548 780 584 τὰ
790 547 919 596 διατασσόμενα,
930 545 991 586 Olem.

626 658 731 707 ’Υπουργεῖα
752 658 828 704 μάλιστα
834 656 919 694 Ἰουδαίων
927 655 991 707 προθῦ-

654 728 688 760 μως
698 739 702 749 ,
713 741 717 750 .
728 741 732 748 .
743 713 768 751 εἰς
785 715 838 749 ταῦτα
857 711 992 761 ὑποαργοῦντων.

655 766 712 806 Mart.
724 765 789 817 Polye.
799 779 828 817 13.

628 822 733 872 ’Υποφέρεια
762 823 841 860 πλείονας
856 821 947 871 ὑπήνεγκεν
959 822 992 859 πό-

655 892 698 916 νους.
714 874 775 915 Olem.
784 875 797 915 ,Ι
806 884 823 925 5.
844 877 894 915 παντὶ
902 879 925 928 τῷ
934 878 993 927 κόσμῳ

655 931 742 980 μετανοίας
751 933 802 981 χάριν
811 930 907 982 ὑπήνεγκεν.
922 939 938 980 7.
958 931 993 969 κίν-

655 988 704 1024 δυνον
712 984 807 1034 ῦποίσομεν
815 986 873 1036 μέγαν.
885 999 914 1035 14.
939 1005 940 1008 ¹

628 1042 744 1090 ’Υτοχθόνιος
766 1042 865 1086 βλεπόντων
873 1044 906 1079 τῖον
914 1071 918 1079 .
925 1070 930 1080 .
938 1069 942 1079 .
950 1041 993 1079 ὑπο-

656 1097 734 1146 χθονίων.
749 1094 793 1147 Ign.
803 1094 860 1134 Trall.
872 1108 889 1146 9.

629 1151 753 1201 ’Υστερεῖσθαα
786 1151 882 1200 ῦστερεῖται
896 1154 926 1188 τοῦ
942 1150 995 1199 άρτον

656 1210 705 1244 θεοῦ.
721 1205 764 1257 Ign.
776 1204 825 1257 Eph.
837 1214 854 1254 5.

629 1261 729 1311 Ὑστέρημα,
750 1262 772 1297 τὰ
781 1260 889 1310 ὑστερήματα
897 1261 952 1297 αὑτῶν
959 1259 995 1298 ἴδια

657 1316 736 1365 ε’κρίνετε.
752 1313 812 1354 Olem.
823 1314 835 1353 I
846 1327 862 1353 2.
891 1315 911 1352 δι’
920 1315 940 1352 οῦ
953 1315 995 1352 άνα-

648 1370 737 1420 πληρωθῇ
747 1372 800 1408 αὑτοῦ
808 1371 828 1408 τὸ
837 1370 931 1420 ὑστέρημα.
943 1371 975 1419 38.

628 1425 716 1476 Ὕστερος.
736 1429 767 1463 τοῦ
776 1426 866 1475 γενομένου
875 1426 892 1463 ἐν
901 1425 967 1476 ὑστέρῳ
977 1424 996 1461 ε”κ

658 1480 755 1529 σπέρματος
772 1481 833 1526 Δαβίδ.
848 1479 890 1531 Ign.
905 1478 960 1518 Rom.
977 1490 994 1528 7.

657 1535 703 1582 ἡμεῖς
723 1534 798 1584 ὑστερον
818 1536 918 1584 ἀνελόμενοι.
937 1533 995 1573 Mart.

659 1589 722 1641 Polye.
733 1591 763 1628 18.

629 1644 720 1695 Ὕψιστος.
748 1645 779 1692 τῆν
791 1648 910 1695 μεγαλοπρεπῆ
919 1675 923 1684 .
931 1675 936 1684 .
943 1670 948 1681 .
956 1645 996 1694 θρη-

659 1701 716 1737 σκείαν
726 1702 757 1737 τοῦ
765 1700 858 1749 Ὑψίστου.
873 1697 932 1738 Olenl.
943 1698 953 1736 Ῑ
963 1707 995 1747 45.

659 1755 769 1804 ὁὟῆιιστος
787 1755 884 1804 ὑπέρμαχος
900 1756 926 1791 καὶ
943 1755 995 1803 ὑπερ-

660 1809 745 1857 ασπιστής
759 1810 812 1847 ε’στιν,
826 1808 850 1848 ib.
879 1810 897 1846 ἐν
909 1810 997 1859 μεγαλειό-

660 1880 696 1912 τητι
708 1866 777 1915 Πατρὸς
789 1864 873 1914 ὑψίστου.
887 1864 929 1915 Ign.
940 1863 996 1902 Rom.

660 1919 719 1958 Inser.
961 1932 963 1936 ’

631 1973 693 2023 Ὕψος.
725 1975 821 2022 ἀτενίζομεν
837 1975 860 2013 εἰς
875 1975 896 2010 τὺ
911 1972 948 2023 ὑψη
964 1977 999 2011 τῶν

660 2031 740 2079 οὐρανῶν.
755 2027 816 2067 Olem.
830 2028 841 2066 I
853 2029 883 2078 36.
911 2030 931 2066 τὸ
945 2027 998 2078 ὕψος,

661 2085 684 2123 είς
693 2083 702 2120 ὑ
711 2085 770 2134 ἀνάγει
779 2083 789 2131 ἡ
799 2085 861 2134 ἀγάπη.
877 2096 907 2133 49.
935 2083 998 2132 ἀναφε-

660 2142 726 2187 ρόμενοι
735 2140 760 2178 εἷς
768 2141 790 2176 τὰ
799 2138 842 2188 ὑψη.
856 2139 898 2190 Ιςηὶ
909 2137 956 2189 Eph.
968 2150 987 2187 9.

636 2197 700 2242 Φαγεῖν.
733 2194 800 2244 ἕφαγέν
813 2209 831 2231 τε
847 2195 874 2231 καὶ
889 2195 939 2232 ἔπιεν.
955 2192 997 2244 Ign.

662 2247 719 2287 Trall.
736 2261 756 2298 9.
792 2248 871 2286 ἐκέλευσε
888 2248 1000 2297 παρατεθῆναι

662 2306 728 2353 φαγεῖν.
743 2302 801 2341 Mart.
812 2302 875 2353 Polyc.
887 2311 903 2352 7.

636 2358 693 2396 Φόναι,
726 2360 782 2406 φησὶν
799 2361 833 2408 γὰρ
851 2361 860 2395 ὁ
878 2359 925 2407 ἅγιος
942 2359 999 2408 λόγος.

663 2412 722 2451 olem,
733 2413 742 2451 I
755 2425 786 2463 13,
796 2413 827 2462 56.
856 2415 901 2462 φησὶ
914 2415 952 2463 γάρ.
969 2412 999 2450 16.

663 2466 716 2507 Oonf.
731 2468 764 2517 56.
775 2467 797 2506 Π
808 2476 825 2518 7.
854 2469 896 2507 Θεὸς
910 2470 949 2518 γάρ,
964 2468 999 2517 φη-

663 2538 696 2561 σιν.
708 2536 746 2573 30..
761 2522 820 2562 Οὑτως
828 2524 861 2572 γάρ
870 2524 924 2573 φησιν
933 2525 943 2560 ὑ
952 2524 999 2560 θεός.

664 2590 694 2627 33.
723 2579 769 2626 Φησὶ
782 2579 816 2628 γὰρ
828 2581 837 2615 ὁ
850 2579 926 2616 ἐκλεκτὸς
938 2578 1000 2620 Aufida.

664 2641 694 2680 52.
723 2635 783 2682 φησίν.
799 2633 874 2684 Fragm.
883 2632 915 2680 vii,
925 2646 943 2672 x.
956 2631 999 2684 Ign.

663 2687 739 2739 Fragm.
757 2687 783 2726 ix.
826 2689 859 2737 ἔφη
877 2689 938 2726 αὐτοῖς.
957 2686 1000 2739 Ign.

664 2742 738 2793 Smyrn.
755 2756 773 2792 3.
805 2746 814 2780 ὁ
831 2742 942 2790 Πολὺκαρπος
959 2744 1000 2790 ἔφη.

663 2796 719 2837 Mart.
730 2797 795 2849 Polyo.
803 2811 820 2848 9.
831 2798 851 2834 ‘0
861 2797 953 2835 ἀνθύπατος
959 2798 1000 2846 ἔφη.

665 2865 693 2890 10.

636 2909 732 2945 Φοίνεαθοι.
767 2907 786 2944 ὃν
804 2910 866 2957 τρόπον
884 2907 913 2944 οῦν
932 2923 964 2944 σου
981 2908 1001 2944 τὸ

664 2967 713 3010 σῶμα
740 2963 825 3011 φαίνεται.
850 2960 908 3000 Olem.
930 2962 950 3000 II
970 2974 1000 2999 12.

664 3017 704 3066 ὅπερ
714 3016 741 3055 καὶ
751 3018 806 3061 ἔστιν,
815 3018 841 3054 καὶ
848 3016 947 3065 φανήσεται.
957 3016 1000 3068 Igu.

664 3071 711 3124 Eph.
726 3082 755 3121 15.
785 3073 816 3120 τήν
830 3073 930 3121 φαινομένην
944 3088 1002 3114 νεωτε-

625 493 630 506 ί
