2061 3403
230 169 273 213 130
475 172 496 215 S⁴
512 171 684 216 uuuMuNuls

230 293 245 317 ‘⁶
256 286 356 357 ἐθεώρεις
374 287 487 357 κλέπτην,
499 289 642 362 ’συνέτρεχες
657 289 728 361 αὐτῷ,
742 288 782 341 καὶ
800 285 859 356 μετὰ
873 283 925 354 μοί·
986 285 992 350 ⁴⁴
1009 352 1011 356 ,

230 378 245 404 “
256 396 307 445 χων
318 372 361 441 τὴν
372 377 458 446 μερίδα
472 400 518 430 σου
535 376 622 434 ἐτίθεις·
641 374 669 430 rb
685 372 765 443 στόμα
781 398 828 429 σου
842 370 925 429 ἐπλεό-

230 466 329 514 “νασεν
353 462 448 529 κακίαν,
473 463 544 530 καὶὴ
570 461 680 532 γλῶσσά
706 485 752 516 σου
777 461 926 532 περιέπλεκεν

230 552 245 577 “
259 544 392 614 δολιότητα·
427 546 573 620 datilbaum
599 545 659 601 κατὰ
681 551 722 599 τοῦ
747 545 855 617 ἀδελφοῦ
880 567 926 598 σου

231 630 404 699 “κατελοίλεις,
428 635 467 687 καὶ
491 632 550 689 κατὰ
574 639 618 688 τοῦ
639 635 689 687 υίοῦ
710 634 752 699 τῆς
772 629 862 701 μητρός
880 649 947 689 σου5

230 725 245 749 “
257 718 335 775 ἐτίθεις
347 717 496 773 σκάνδαλον
516 717 741 791 sabbatissimus,
756 719 796 771 καὶ
810 716 923 786 ἐσίγησα,

230 805 269 836 ‘g‘
296 803 304 823 Ι
413 806 426 827 ³!
510 806 521 827 r!
564 805 577 826 ’l
644 806 650 826 Ι
727 804 739 825 (Ι
841 804 847 821 5
869 803 877 822 Ι

257 810 382 872 υπελαβες,
407 829 489 873 ανομε,
508 830 543 861 οτι
561 829 648 874 εσομαι
667 828 707 858 σοι
726 828 815 872 ομοιος·
835 801 925 873 ελεγξω

230 897 245 921 “
258 913 294 957 σε,
319 893 356 945 καὶ
380 891 533 962 παραστήσω
562 915 593 946 σε
623 888 683 946 κατὰ
710 887 843 960 πρόσωπόν
868 913 921 945 σου,

231 985 245 1009 “
258 976 341 1032 Σόνετε
364 976 393 1044 δὴ
419 984 495 1032 ταῦτα
516 981 536 1031 οἱ
561 975 769 1042 ἐπιλανθανόμενοι
792 981 835 1029 τοῦ
856 980 926 1039 Θεοῦ,

231 1070 246 1095 “’
257 1063 348 1131 μήποτε
368 1063 469 1134 ἁρπάσῃ
489 1066 520 1121 ὡς
540 1062 611 1129 λε’ων,
632 1063 670 1116 καὶ
686 1060 718 1129 μὴ
737 1058 753 1132 ᾗ
774 1062 787 1115 ὁ
805 1060 923 1133 ῥυόμενος·
937 1083 963 1110 10
1013 1072 1014 1075 ’

229 1157 244 1182 “
256 1150 328 1203 θυσία
340 1149 451 1207 αἰνέσεως
463 1148 560 1220 δοξάσει
576 1173 614 1217 με,
629 1152 667 1218 καὶ
684 1150 730 1202 ἐκεῖ
744 1146 799 1205 ὁδός
814 1145 844 1215 ἢν
857 1147 926 1218 δείξω

230 1242 245 1267 “
257 1235 321 1308 αὐτῷ
333 1235 360 1290 τὸ
373 1233 495 1305 σωτήριον
506 1242 547 1290 τοῦ
560 1235 650 1292 Θεοῦ.”
707 1275 709 1280 2

260 1412 275 1438 1.
298 1400 398 1451 συνέτρεχες
418 1402 472 1452 αὐτῷ]
496 1400 566 1440 Prono·
590 1399 704 1452 impressis3
719 1398 787 1439 codex
799 1399 851 1439 enim
860 1398 926 1440 MStus

230 1467 275 1493 men
292 1453 328 1494 hoc
346 1459 410 1495 exstat
425 1455 446 1494 in
461 1453 507 1495 dod.
524 1455 565 1495 MS.
591 1461 679 1493 ANOMAI
693 1454 812 1506 praebet,A1
825 1468 861 1506 pro
874 1459 926 1503 unt

230 1509 260 1548 uti
274 1508 347 1549 Millius
358 1510 474 1561 jamdudum
486 1514 566 1550 testatus
591 1510 670 1562 saepius,
679 1509 750 1561 positis
772 1508 860 1549 Clemens
867 1508 926 1548 Alex·

231 1569 264 1603 est.
289 1564 368 1616 Legitur
377 1565 438 1605 etiam
447 1565 498 1616 apud
504 1565 564 1604 LXX.
590 1565 687 1613 andrinas,
696 1564 716 1603 in
728 1563 758 1603 his
767 1564 832 1604 verbis
841 1564 926 1613 citandis,

230 1618 323 1659 Attamen
338 1620 391 1659 abest
406 1621 431 1659 ab
444 1619 492 1658 Eddr
507 1619 566 1659 omni-
590 1619 638 1671 legit
652 1621 706 1668 ἅναμε,
717 1619 788 1659 Strom.
798 1619 819 1658 iv
830 1619 840 1670 ξ
852 1632 882 1669 24,
893 1619 926 1671 qui

230 1674 267 1713 bus
281 1678 325 1714 ante
334 1674 463 1723 Gallandium,
473 1688 533 1726 neque
546 1675 566 1713 id
590 1679 656 1714 tamen
670 1687 712 1712 cum
721 1673 776 1712 LXX
787 1673 845 1713 habet
853 1675 925 1724 ἀνομίαν,

230 1729 482 1781 agnoseitHornemannus.
592 1729 662 1769 Strom.
677 1728 697 1768 vi
715 1728 724 1779 ξ
743 1742 773 1777 14.
817 1728 926 1769 Lectionem

258 1783 283 1823 ib.
294 1786 336 1832 μετὰ
341 1782 415 1838 μοι’χων]
426 1797 470 1823 σανα
477 1784 566 1833 adultero,
591 1798 648 1836 quam
657 1784 760 1823 intextum
774 1783 849 1832 admisi,
858 1784 925 1824 confir·

231 1839 335 1878 Wottonus
343 1838 462 1887 inversione,
469 1838 521 1890 quasi
526 1841 567 1887 μετὰ
591 1843 650 1888 mant,
659 1842 708 1877 teste
717 1838 816 1887 Wottono,
826 1839 926 1879 Vcrsiones

189 1912 190 1915 =
231 1895 294 1942 μαίχου
302 1893 378 1945 legisset
388 1907 433 1932 cum
442 1893 483 1932 edd.
494 1893 567 1932 Aldinis
592 1893 634 1946 Syr.
644 1893 701 1932 Arab.
712 1896 731 1932 ct
739 1893 830 1945 Vulgata.

233 1952 253 1987 et
268 1947 363 1999 Complut.
381 1952 401 1987 et
418 1947 495 1987 Justino
509 1948 565 1988 Mart,
620 1951 637 1988 8.
661 1948 765 1998 παραστήσω
789 1964 811 1985 σε
829 1965 845 1988 κ.
861 1965 877 1987 τ.
897 1950 924 1999 λ.]

232 2002 446 2054 inDial.c.Tryph0ne.
463 2003 565 2055 §22,0pp.
592 2003 711 2055 Scripserant
735 2002 791 2041 LXX
822 2003 927 2053 παραστήσω

232 2057 395 2110 p.122ed.Ben.
592 2060 634 2096 κατὰ
653 2060 745 2107 πρόσωπόν
765 2073 805 2095 σου.
842 2058 867 2096 ld
882 2071 927 2097 vero

261 2125 278 2161 4,
294 2114 390 2162 δολιότητα]
414 2111 446 2152 Sic
465 2110 510 2151 Ood.
525 2112 565 2151 MS.
592 2126 653 2164 quum
670 2112 770 2151 obscurum
785 2111 888 2163 videretur,
903 2126 927 2152 ex

232 2181 277 2206 cum
286 2167 344 2207 LXX.
366 2166 394 2206 At
403 2166 449 2206 libb.
459 2165 514 2218 impr.
521 2171 567 2212 ,ante
592 2166 747 2219 praecedentibus
761 2167 873 2207 Psalmistae
886 2181 927 2208 ver-

231 2223 351 2271 Wottonum,
360 2235 436 2261 necnon
450 2220 568 2260 Horneman-
592 2222 628 2270 bis,
644 2221 773 2273 explicationis
787 2222 855 2274 gratia,
870 2236 927 2275 appo-

231 2291 273 2326 nus,
289 2277 379 2317 exhibent
394 2279 498 2323 δολιότητας,
512 2289 568 2327 quarn
592 2276 632 2316 suit
640 2276 721 2328 margini
729 2276 778 2317 alius
786 2291 892 2329 pronomen
900 2294 934 2326 oe„

230 2333 333 2372 lectionem
346 2332 440 2384 praebent
453 2329 567 2370 edddldin.
593 2331 642 2370 alius
659 2344 714 2370 voces
735 2333 766 2372 τὰς
789 2335 869 2383 ἁμαρτίας
889 2349 927 2371 σου.

232 2392 252 2428 et
262 2387 356 2440 Complut¹
364 2386 480 2427 etJustinus
489 2385 567 2437 Mastya
593 2386 683 2438 Hinoque
697 2390 763 2439 postea
777 2386 856 2436 librarii,
871 2391 927 2440 prout

231 2444 244 2482 l.
256 2456 270 2482 c.
593 2441 655 2491 libuit,
669 2445 702 2481 aut
714 2441 856 2494 exscripserunt
869 2443 927 2482 since-

260 2498 284 2537 ib.
296 2501 337 2536 κατὰ
345 2502 375 2536 τοῦ
383 2498 464 2546 ἀδελφοῦ
471 2493 511 2549 σου]
521 2494 566 2534 Ood.
592 2509 637 2534 rum
645 2500 725 2546 textum,
732 2501 766 2536 aut
774 2514 795 2535 σε
802 2496 926 2546 inseruerunt,

232 2552 301 2593 MStus
318 2557 526 2594 ΤοΥΑΔΕΛΦοΥΣΣΟΥ,
544 2563 568 2588 ex
592 2555 627 2590 aut
644 2551 782 2603 subjunxerunt
800 2554 830 2591 τὰς
848 2554 928 2603 ἁμαρτίας

232 2607 333 2647 oscitantia
346 2607 420 2661 librarii
435 2605 469 2659 qui
483 2605 568 2645 eamdem
593 2622 631 2644 σου.
666 2606 805 2647 Clementinam
828 2607 928 2647 lectionem

231 2663 308 2702 literam
317 2662 345 2701 bis
354 2662 447 2702 exaravit.
592 2660 713 2712 amplectitur
731 2662 800 2701 Glossa
818 2662 838 2701 in
857 2661 928 2702 Oatena

261 2726 278 2767 7.
289 2715 346 2770 ὄνομα]
359 2717 390 2757 Ita
404 2714 530 2769 proculdubio
542 2714 568 2753 le·
592 2713 657 2754 Aurea
670 2729 725 2768 super
738 2717 830 2766 Psalmos
841 2721 860 2757 et
869 2716 928 2768 Apol-

233 2772 318 2824 gendum
324 2773 435 2812 oumWott.
443 2770 492 2810 (tall.
501 2769 569 2810 Schoe-
592 2769 671 2809 linarius
685 2771 752 2812 citatus
767 2786 779 2811 a
795 2772 928 2811 concinnatore

233 2841 283 2866 nem.
294 2827 355 2866 Hefel.
364 2827 450 2866 Reithnr.
461 2825 567 2865 Dresselio:
593 2824 671 2864 alterius
683 2826 764 2866 Catenae
779 2825 855 2866 Aureae
868 2828 888 2866 in
902 2836 927 2876 50

233 2896 272 2921 nou
286 2883 354 2931 ἀνομίαν
364 2896 409 2921 curn
422 2880 502 2921 caeteris
515 2879 568 2919 libris
593 2879 666 2931 priores
684 2881 773 2931 Psalmos,
792 2882 826 2922 ubi
848 2896 926 2935 praepo·
