1958 3490
284 240 324 283 111)
340 240 528 292 CORINTHIOS,
543 238 586 291 xix,
596 254 631 281 xx.
774 238 802 280 85

139 356 210 407 XIX.
229 355 325 406 Talium
341 355 419 422 igitur
438 361 464 405 et
480 360 613 412 tantorum,
630 353 674 420 qui
687 358 740 403 tam
757 353 803 403 cla-

105 455 160 487 rum
183 434 289 501 elogium
311 433 456 500 consequuti
478 438 543 492 sunt,
561 431 689 482 humilitas
712 436 738 481 et
760 449 805 498 per

105 513 269 566 obedientiam
292 512 416 579 subjectio,
439 530 489 562 non
511 516 610 561 tantum
631 528 682 569 nos,
706 509 750 560 sed
778 517 805 561 et

105 600 163 645 ante
173 610 218 642 nos
229 591 398 659 generationes
408 591 519 641 meliores
530 589 644 649 reddidit,
656 608 697 639 eos
708 608 804 657 nempe,

105 672 148 740 qui
159 670 284 720 intimare
293 676 322 720 et
332 671 438 720 veritate
455 669 508 737 ejus
525 669 621 736 eloquia
637 674 803 735 suscepenmt.

105 751 187 812 Quare
204 748 338 799 multorum
354 767 548 816 magnorumque
567 754 593 798 et
609 747 744 798 illustrium
762 766 804 797 ex-

104 827 248 895 emplan'um
261 827 392 895 participes
407 828 473 888 facti,
485 827 517 878 ad
533 827 599 895 pacis
616 845 717 894 scopum
733 826 804 877 nobis
869 834 871 841 ‘

104 905 135 955 ab
154 904 225 954 initio
245 905 367 955 traditum
385 923 553 966 recurramus3
573 923 601 954 ac
620 904 698 954 totius
717 903 805 954 mundi

102 989 230 1051 parentem
241 989 268 1033 et
279 990 412 1035 creatorem
426 983 558 1051 diligenter
568 984 716 1041 intueamur,
728 988 804 1049 atque

102 1062 168 1113 illius
185 1063 320 1129 magnificis
340 1068 366 1112 et
383 1062 588 1130 exsuperantibus
605 1062 672 1129 pacis
689 1060 760 1111 donis
777 1066 804 1110 et

103 1141 235 1191 benefactis
246 1141 349 1191 firmiter
362 1141 542 1192 adhaereamus.
578 1140 735 1208 Cogitatione
747 1158 803 1190 con-

102 1219 249 1287 templemur
261 1239 323 1280 eum,
336 1226 362 1270 et
373 1221 462 1271 mentis
480 1221 555 1271 oculis
570 1220 737 1288 longanimam
749 1219 803 1287 ejus

100 1299 254 1349 voluntatem
265 1299 420 1351 intueamur:
437 1300 643 1367 quemadmodum
655 1300 801 1350 clementem

101 1396 127 1427 se
146 1378 263 1445 praebeat
282 1397 339 1446 erga
357 1397 453 1429 omnem
473 1386 607 1430 creaturam
628 1398 704 1438 suam,
723 1379 801 1429 consi-

101 1456 220 1506 daremus.

135 1534 191 1584 XX.
209 1535 278 1586 Oceli
293 1553 337 1602 per
354 1535 406 1602 ejus
422 1535 624 1602 gubernationem
639 1535 761 1594 commoti,
773 1536 800 1585 in

99 1631 159 1679 pace
178 1613 214 1663 illi
233 1614 411 1681 subjiciuntur3
438 1614 490 1665 dies
510 1614 585 1664 etiam
607 1620 633 1664 et
652 1633 709 1674 nox,
730 1614 800 1664 nullo

100 1800 187 1848 θρώπηυιν
196 1800 221 1837 ἀεὶ
234 1800 329 1849 εὑρίσκεται
341 1802 376 1838 τοῖς
385 1800 434 1848 ἕχου-
461 1811 498 1850 que
514 1797 621 1849 suspicatur
634 1797 728 1849 syllabam
745 1811 800 1850 repe-

100 1869 128 1891 σιν
136 1854 236 1903 ὀφθαλμοὺς
245 1856 304 1904 ψυχῆς
312 1855 434 1903 ὀξυδερκεστά-
461 1853 518 1895 titam
532 1852 630 1901 excidisse,
644 1866 748 1905 veramque
762 1853 809 1892 leo.

98 1924 142 1947 rava
157 1912 203 1947 tom.
214 1908 221 1946 1
230 1922 248 1960 p.
259 1910 298 1958 456
308 1909 336 1947 ed.
346 1908 391 1947 Ben.
461 1907 535 1947 tionem
548 1921 588 1947 6666
597 1911 618 1955 τῇ
628 1909 709 1956 διοικήσει
718 1910 770 1946 αὐτοῦ
779 1911 800 1947 οὐ

128 1975 157 2011 14.
168 1961 298 2017 udeddpppor]
309 1963 436 2002 Harmoniam
462 1966 577 2010 σαλευόμενοι.
607 1962 683 2002 Codicis
695 1962 748 2002 MSti
761 1963 800 2002 166.

99 2018 171 2066 mundi,
181 2031 220 2069 cap.
231 2031 264 2066 xx,
278 2018 385 2067 instituens,
399 2018 436 2056 cle·
462 2017 535 2057 tionem
549 2017 674 2069 proculdubio
685 2031 752 2057 veram
765 2019 801 2057 du-

99 2076 184 2111 mentem
199 2086 219 2112 se
232 2073 311 2124 praebet
324 2074 377 2112 Deus
391 2086 436 2124 erga
463 2078 509 2112 cunt
518 2073 590 2112 Millius
600 2077 619 2112 et
625 2073 734 2122 Wottonus,
741 2077 800 2126 atque

98 2140 175 2166 omnem
184 2132 295 2167 creaturam.
307 2128 402 2167 HEFEL.
463 2128 615 2180 sicintelligunt:
625 2132 689 2167 motus
698 2142 800 2180 corporum

129 2191 158 2231 15.
169 2181 288 2237 σαλευόμενοι]
298 2183 392 2222 Patricius
401 2183 436 2222 Ju-
463 2183 573 2222 coelestium
586 2196 598 2221 a
609 2182 651 2221 Deo
665 2183 693 2223 ita
706 2187 801 2235 attempe-

99 2236 142 2276 nius
152 2238 241 2277 emendat
249 2240 272 2286 μὴ
284 2241 400 2287 σαλευόμενοι,
410 2238 435 2276 ad
461 2238 500 2276 rari
509 2242 531 2278 ut
540 2238 564 2276 de
573 2251 629 2276 cursu
641 2251 675 2277 suo
689 2238 723 2277 illa
736 2238 799 2278 neuti-

98 2291 201 2331 lectionem
221 2293 274 2333 11811
296 2293 435 2333 sollicitandam
462 2306 519 2345 quam
538 2293 640 2332 discedant.
679 2293 753 2332 Locum
771 2293 800 2333 ita

97 2346 133 2385 hoc
142 2348 226 2387 maxime
235 2353 304 2398 motus,
314 2348 365 2400 quod
375 2348 435 2399 Chry·
461 2348 521 2388 vertit
527 2347 660 2397 Grassiuslice
666 2348 721 2387 cicaro
727 2349 800 2387 souma

98 2406 193 2441 sostomus
202 2403 223 2442 in
232 2403 339 2443 Commeat.
350 2403 374 2442 ad
385 2403 433 2442 Psal.
462 2417 503 2442 aaa
511 2403 551 2441 loia
559 2403 582 2442 da
590 2417 613 2441 su
623 2403 741 2453 procidente,
750 2417 799 2442 1616

98 2457 168 2507 cxlviii,
186 2462 194 2507 1
211 2472 228 2503 2,
245 2459 292 2498 haec
306 2459 376 2498 habet:
391 2460 435 2505 ἐννό-
458 2458 540 2509 plicuerat
553 2472 577 2496 61
588 2457 639 2508 peior
653 2457 704 2496 16661
717 2457 799 2508 166μὲ161-

98 2527 141 2558 ησον
155 2517 197 2563 γοῦν
210 2516 265 2554 πόσος
281 2516 326 2562 αἰών,
342 2515 369 2551 καὶ
387 2514 435 2550 οὐδὲν
461 2526 513 2551 eures
530 2512 650 2551 revolutione.
679 2512 754 2551 Davisii
769 2517 798 2552 16-

98 2568 183 2617 συνεχὺθμ
199 2574 233 2606 τῶν
248 2571 306 2607 ὄντων·
324 2570 344 2606 οὔ
360 2569 434 2606 θάλαττα
461 2581 505 2606 men
528 2567 642 2607 sententiam
664 2566 727 2605 nescio
750 2580 798 2618 quo—

97 2622 128 2669 εὴν
140 2626 172 2672 γῆν
182 2624 280 2673 ἐπέκλυσεν,
289 2626 321 2674 οὐχ
334 2625 383 2672 ἥλιος
395 2625 434 2661 τόδε
460 2623 517 2661 modo
531 2622 642 2661 confirmare
650 2621 741 2660 videntur
753 2621 797 2661 Scr-

97 2679 117 2713 rd
136 2681 220 2727 ὁρώμενον
239 2681 345 2724 κατέκαυσεν,
358 2681 388 2715 οὐκ
406 2680 433 2715 οὗ·
460 2676 798 2725 7610116110111116111611861111161

96 2733 147 2780 μανὸς
155 2734 274 2783 παρεσαλεῦθη
284 2751 319 2773 κ.τ.
328 2736 346 2772 λ,
374 2732 433 2772 Junio
460 2737 490 2770 τοῦ
515 2735 585 2782 οὐρανοῦ
611 2731 751 2780 σαλευθήσονται,
776 2731 796 2771 S,

96 2787 199 2826 assentitur
218 2788 341 2828 Oolomesius.
375 2788 433 2827 Davi·
460 2787 515 2826 Matt.
529 2786 581 2825 xxiv.
596 2798 627 2835 29,
642 2790 662 2824 et
676 2786 718 2825 loca
734 2787 797 2838 paral-

95 2840 134 2879 sius
148 2856 215 2881 vocem
231 2845 335 2882 σαλεὺεαθυι
349 2843 433 2882 indicare
459 2842 500 2891 lela,
515 2841 603 2881 suero.
617 2840 652 2878 xiii
665 2849 694 2889 ²5·
719 2840 795 2882 stuc,

96 2900 160 2935 censet
179 2897 305 2948 jactationem
329 2912 353 2938 ex
377 2902 432 2937 motu
459 2897 493 2936 xxi
504 2898 533 2935 26.
563 2895 590 2934 Of.
606 2895 641 2947 Ep.
657 2896 682 2934 ad
696 2895 757 2936 Hebr.
768 2897 797 2937 xii

95 2951 178 3001 quodam
196 2954 274 2993 turbido
289 2954 364 3002 factam,
380 2953 432 2992 idco·
461 2960 490 3002 67.
504 2951 531 2990 ἵνα
540 2953 586 3000 μείνῃ
595 2952 616 2988 τὰ
625 2951 648 3000 μὴ
658 2954 769 3000 σαλευόμενα.
