1958 3490
319 219 362 262 AD
377 216 571 270 CORINTHIOS,
581 215 632 259 xliv.
698 228 700 233 ’
782 215 824 262 159

127 337 224 389 nomine
247 332 356 384 ornanda
378 337 449 391 esset,
468 331 545 398 jussit
564 329 692 389 duodecim
713 330 824 381 tribuum
833 340 935 376 11111111.

126 415 248 485 principes
264 411 358 462 adferre
371 410 419 461 sibi
429 409 518 476 virgas,
529 408 618 477 quibus
632 408 824 476 uniuscujusque

126 494 206 545 tribus
224 508 314 540 nomen
330 494 395 539 esset
409 487 571 554 inscriptum
588 504 650 554 quas
666 504 743 554 quum
760 504 825 546 acce-

126 573 204 640 pisset
222 569 249 619 in
266 567 408 619 fasciculum
424 566 518 634 ligavit,
532 571 559 616 et
574 565 672 616 annulis
687 565 824 633 principum

126 650 237 701 tribuum
265 645 379 714 signavit,
402 646 429 696 et
452 645 479 695 in
506 644 662 695 tabernaculo
690 645 825 695 testimonii

82 725 84 729 ’
127 745 201 795 super
217 743 326 776 mensam
342 725 391 775 Dei
408 723 522 792 deposuit
537 742 584 783 eas,
602 723 731 792 clausoque
744 725 825 775 taber-

126 805 219 864 naculo,
230 803 310 855 claves
327 803 440 854 similiter
456 808 482 853 et
493 803 576 870 virgas
593 803 707 870 signavit,
719 809 745 853 et
759 803 824 853 dixit

127 885 168 944 eis,
184 882 349 942 Viri'fratres,
370 882 440 951 cujus
459 881 539 932 tribus
553 882 624 949 virga
643 881 824 950 germinaverit,

126 964 189 1014 hanc
200 962 275 1029 elegit
284 963 359 1021 Deus,
368 979 431 1030 quae
442 960 491 1028 ipsi
501 978 570 1011 sacra
579 960 654 1011 faciat
662 966 688 1012 et
694 961 823 1011 ministret.

126 1043 201 1093 Mane
211 1046 295 1091 autem
306 1041 370 1091 facto
382 1041 541 1108 congregavit
551 1040 694 1091 uuiversum
704 1039 824 1108 populum

126 1119 209 1179 Israel,
226 1126 342 1171 sexcenta
357 1120 434 1170 millia
444 1119 559 1179 virorum,
571 1125 598 1169 et
612 1118 722 1170 tribuum
735 1118 823 1186 princi-

125 1199 198 1267 pibus
227 1198 306 1267 sigilla
334 1199 449 1258 ostendit,
476 1197 661 1248 tabernaculum
688 1197 824 1248 testimonii

125 1276 228 1344 aperuit,
248 1283 275 1327 et
292 1277 373 1343 virgas
391 1275 496 1344 protulit
505 1295 511 1336 ;
529 1281 555 1326 et
573 1276 675 1326 inventa
695 1281 733 1325 est
752 1275 822 1343 virga

125 1355 236 1414 Aarcnis,
253 1373 303 1405 non
321 1360 422 1405 tantum
437 1354 592 1422 germinasse,
609 1353 653 1404 sed
673 1359 699 1404 et
713 1344 822 1404 fructum

125 1433 210 1483 ferens.
245 1432 312 1495 Quid
326 1432 395 1483 vobis
405 1432 511 1491 videtur,
527 1431 627 1482 dilectit
652 1433 694 1482 An
710 1450 760 1482 non
776 1432 822 1483 hcc

124 1511 237 1561 futurum
254 1510 416 1578 praesciverat
434 1511 550 1577 Moysest
575 1509 684 1560 Maxime
701 1516 805 1561 noverat
814 1531 820 1572 3

124 1605 210 1637 verum
226 1605 258 1637 ne
275 1587 361 1637 seditio
378 1593 405 1637 et
415 1587 523 1638 conlusio
539 1588 566 1637 in
580 1588 670 1655 populo
683 1587 759 1638 Israel
776 1588 822 1638 ort·

124 1672 199 1725 retur,
215 1666 252 1716 ita
272 1685 298 1716 se
316 1666 400 1733 gessit,
417 1671 447 1716 ut
463 1684 553 1716 nomen
567 1667 620 1716 veri
640 1673 666 1718 et
682 1667 757 1718 sollus
773 1668 822 1719 Dei

124 1744 304 1810 glorificaretur,
316 1744 356 1794 cui
372 1744 406 1794 sit
422 1743 500 1811 gloria
514 1744 542 1794 in
555 1744 651 1796 saecula
664 1745 823 1797 saeculorum.

124 1821 249 1951 Α11111111
267 1900 381 1978 Apostoli
397 1918 494 1969 quoque
509 1902 588 1952 nostri
599 1903 671 1970 per‘J
672 1922 742 1954 esum
753 1903 824 1955 Chri-

124 2061 171 2099 Τίνες
184 2061 229 2098 εἰσὶν
241 2062 288 2099 οὗτοι
302 2064 318 2099 οἶ
332 2063 389 2112 Μάγοι
403 2064 419 2099 οἱ
432 2060 460 2099 ἐπὶ
487 2063 508 2099 tu
525 2062 600 2102 notavit
616 2062 709 2113 Hefelius,
723 2064 744 2103 111
762 2064 824 2117 Spicl-

124 2116 214 2163 Μωσέως;
228 2120 269 2155 Πῶς
284 2117 302 2153 δὲ
316 2117 371 2154 αὐτῶν
385 2118 406 2154 τὰ
421 2117 458 2153 ‹ivd-
487 2115 537 2168 legio
551 2116 670 2168 Solesmensi
681 2118 694 2168 i,
708 2133 726 2171 p.
738 2132 783 2171 293,
797 2120 824 2159 lc-

118 2171 251 2219 Υματαούδαμννῦ
265 2171 356 2221 ἐμφέρεται
368 2172 459 2220 ἀλλαχαῦῇ
486 2172 571 2222 gendum
589 2173 670 2225 conjecit
688 2176 762 2223 ἐνόησεν,
778 2174 823 2227 qula

124 2225 226 2275 ἢᾶγμάφως
234 2226 370 2276 παραδέδοται,ἢ
383 2227 417 2265 ἀπὸ
429 2230 459 2264 τοῦ
486 2225 507 2264 111
522 2227 630 2280 fragmento
638 2229 715 2269 ,veteris
730 2230 824 2269 versionis

124 2279 222 2328 Πνεύματος
231 2281 274 2320 εἰκὸς
283 2281 302 2328 ἦν
311 2281 371 2319 εἰδέναι
378 2284 407 2320 τὸν
414 2285 461 2318 Παῦ-
488 2281 573 2332 Latinae,
583 2297 594 2321 a
608 2282 627 2323 S.
638 2282 697 2323 Paulo
707 2284 789 2332 Nolano,
800 2289 822 2324 ut

124 2337 161 2372 λον.
187 2334 269 2384 [Hamil.
286 2335 320 2375 viii
335 2335 356 2375 in
372 2335 395 2375 ΙΙ
411 2335 459 2383 rim.
487 2342 549 2388 putat,
559 2339 814 2391 exammalegituracictut.

117 2389 175 2441 opp.
185 2393 232 2428 tom.
242 2390 263 2429 xi
277 2404 295 2442 p.
307 2392 346 2441 708
361 2390 389 2431 ed.
401 2388 456 2444 Bau]
514 2392 540 2432 ib.
550 2394 574 2432 εἷς
582 2395 602 2431 τὸ
609 2394 720 2444 δοξασθῆναι]
730 2394 754 2432 In
762 2394 822 2447 Frag-

124 2443 205 2483 WOTT.
225 2444 321 2498 Josephus
333 2444 459 2498 [Autiqdud
487 2452 553 2488 mento
564 2447 615 2499 apud
624 2448 698 2487 Pitram
711 2448 787 2500 legitur,
799 2456 824 2488 ut

124 2497 144 2538 iv
154 2501 175 2549 4]
187 2499 215 2539 ait
228 2499 292 2553 virgas
306 2500 361 2540 facile
374 2500 460 2553 cognitas
487 2501 604 2542 honorabilia
612 2500 682 2542 Aaron
694 2503 820 2544 inveniretur.

124 2558 157 2591 τῶν
170 2556 209 2592 τότε
222 2556 287 2605 ἀνδρῶν
300 2557 461 2605 κατασημηναμένων
488 2556 631 2596 HEFELIUS.

124 2609 323 2660 αὖτὰςοῗπερὲκόμιζον.
339 2610 413 2653 FELL.
513 2613 539 2652 ib.
563 2616 594 2650 τοῦ
616 2612 695 2662 ἀληθινοῦ
718 2614 744 2651 καὶ
768 2615 822 2661 μόνον

154 2675 183 2712 19.
194 2662 292 2719 ἕποι’]ησεν]
307 2665 339 2705 lta
348 2679 392 2713 cum
401 2665 460 2705 Junio
487 2669 555 2718 θεαῦ],]
573 2669 603 2704 τὸν
615 2669 666 2714 μόνον
680 2668 758 2716 ἀληθινὸν
771 2671 819 2708 θεόν.

124 2716 169 2763 libri
178 2730 244 2758 omnes
253 2720 275 2759 in
284 2725 381 2761 contextu.
398 2720 459 2760 Gotel.
488 2721 506 2763 S,
516 2722 584 2762 Johan.
595 2720 635 2760 xvii
645 2735 662 2772 3.

125 2770 376 2822 Uolametssoustantad
389 2774 460 2828 margi-
515 2790 545 2816 22.
569 2778 672 2815 Ἀπόστολοι
694 2774 747 2830 ἡμῶν]
777 2777 822 2818 Hoc

124 2838 169 2864 nem
183 2826 275 2870 exhibent
286 2832 360 2880 ἐνόησεν,
368 2831 416 2883 ficri
430 2844 460 2870 ea·
487 2832 550 2870 nullus
564 2844 648 2882 unquam
662 2831 712 2871 dixit
726 2831 820 2873 Clemens.

124 2880 218 2930 copitcoit
247 2883 335 2925 Lacunae
350 2899 395 2926 sane
407 2899 460 2938 mag·
488 2885 621 2925 BERNARD.
653 2886 742 2926 Davisius
755 2888 786 2927 vel
802 2889 822 2927 εὖ

124 2934 192 2998 nitudo
206 2936 284 2979 lectioni
297 2941 386 2992 vulgatae
401 2941 458 2989 favet.
487 2943 517 2991 μὲν
532 2943 612 2992 ἔγνωσαν·
625 2941 772 2992 rescribendum,
791 2944 822 2984 vel

125 2990 240 3040 P1t1·a,ve1·o,
246 2994 275 3033 uti
282 2994 302 3033 in
311 2995 395 3037 editione
404 3009 460 3048 quar·
488 2997 533 3046 ἡμῶν
548 3009 625 3048 prorsus
640 2996 743 3037 delendum
758 3003 821 3050 putat.
