1975 3455
281 216 324 259 AD
339 215 535 270 CORINTHIOS,
545 216 589 259 lvii.
745 218 786 260 ml

88 333 149 384 dicit
159 350 256 394 omnem
266 331 385 382 virtutem
397 331 561 398 complectens
578 332 712 398 Sapientia,
724 333 788 383 Ecce

85 411 219 478 proferam
241 409 309 460 cobis
330 409 436 476 spiritns
462 409 512 459 rnei
534 409 676 468 alictioraeoi,
699 410 788 461 docebo

89 499 171 540 autern
190 507 231 538 coe
248 506 328 539 meare
344 505 486 538 sermonem.
523 487 650 548 Quoniam
663 488 788 549 vocabam,

89 578 110 619 et
121 565 314 626 ooa'obeeliictis,
323 575 345 617 et
358 565 516 616 eateaole'bara
527 565 608 625 rerba,
618 574 640 615 et
651 584 699 616 aar
712 575 788 617 alteo-

89 645 176 703 dietim
194 644 237 696 seol
248 644 325 695 irrita
335 644 473 711 faciebatis
490 662 547 695 mea
564 643 676 704 coasilia,
689 654 710 695 et
727 645 789 696 recia

88 723 299 789 increpationibus
308 723 405 774 rebelles
410 722 517 789 fuistis;
530 721 614 789 itaque
624 732 645 772 et
655 741 697 788 epo
707 732 788 774 uestra

84 802 227 870 perolitiorie
244 801 345 860 riolebo;
362 801 475 868 paudebo
496 810 579 852 aateoi
600 819 677 867 qaari
694 803 788 854 uenerit

88 882 155 933 uobis
174 881 295 941 interitus,
316 892 336 932 et
361 880 453 948 qraeties
472 881 541 931 uobis
559 880 638 931 critico
659 881 788 933 advenerit

83 960 247 1027 perturbatio,
259 970 331 1027 atque
349 959 440 1010 eoersio
457 959 550 1010 similis
566 959 693 1027 procellae
711 960 786 1027 aolfa

87 1041 141 1100 erit,
152 1041 190 1090 oei
206 1057 282 1106 qaam
293 1039 386 1090 oeoerit
397 1039 464 1089 uobis
476 1039 605 1090 tribulatio
617 1048 639 1089 et
651 1039 784 1106 oppressio.

84 1174 144 1227 junge
153 1178 238 1223 veterem
252 1174 381 1226 interpretem
393 1173 419 1213 Ε·
447 1174 590 1214 consarcinator
603 1174 703 1226 Epistulae
715 1175 785 1216 Decre-

86 1228 166 1281 pistelae
181 1229 258 1282 Ignatio
273 1229 378 1269 attributae
395 1229 420 1268 ad
447 1228 491 1268 talis
509 1228 588 1281 primae,
604 1228 699 1269 Clementi
718 1236 784 1271 nostro

86 1284 192 1333 Tarsenses,
205 1284 215 1336 ξ
229 1286 247 1324 6.
276 1284 369 1324 Similiter
383 1284 419 1322 Ec·
447 1283 525 1333 affictae,
533 1284 625 1323 ‘Dicente
633 1284 737 1337 Sapientia,
749 1287 785 1326 Va

86 1338 190 1378 olesiastico
205 1341 269 1390 Σοφίαν
282 1352 352 1379 nomen
366 1339 419 1379 abso·
447 1338 504 1378 ‘lida
511 1345 537 1379 est
543 1339 617 1378 dilectio
623 1346 646 1379 at
652 1341 717 1380 aare!
727 1340 782 1381 Oant.

85 1394 126 1434 lute
141 1394 197 1434 datur
212 1408 247 1446 per
262 1394 338 1444 multos,
351 1393 418 1446 Orige-
445 1393 479 1434 viii
497 1395 514 1433 6.
536 1393 626 1433 coum.
665 1395 784 1447 Sapientiam

85 1462 135 1498 nem,
145 1448 203 1489 Hom.
216 1462 226 1488 ο
236 1449 258 1489 in
268 1450 298 1489 Ps.
309 1449 384 1489 xxxviii
396 1446 418 1503 [ii
445 1449 465 1488 in
474 1448 510 1488 hoc
519 1449 561 1488 loco
570 1462 672 1501 personam
681 1464 727 1500 esse,
740 1465 784 1491 cen-

86 1505 124 1554 698
142 1501 178 1558 D],
198 1504 257 1544 Hem.
277 1506 288 1544 6
308 1504 381 1544 Graeca
398 1505 419 1542 in
445 1507 475 1543 set
493 1503 575 1556 Lipsius.
604 1504 679 1556 Operae
698 1505 784 1557 pretium

85 1558 189 1598 Jeremiam
207 1557 236 1613 [iii
253 1560 290 1609 163
306 1557 339 1613 Ε]
357 1563 376 1598 et
393 1559 418 1598 ad
445 1563 474 1598 cst
492 1559 546 1597 adire
569 1558 642 1598 Suiceri
663 1559 783 1600 Thesaurum

85 1614 140 1653 Rom.
157 1614 179 1653 ix
196 1628 226 1663 20,
243 1628 265 1654 21
285 1612 313 1668 [iv
327 1615 365 1653 616
379 1611 417 1668 Ο];
445 1613 523 1666 Scriptt.
554 1613 733 1654 Ecclesiasticorum
762 1617 783 1656 in

86 1668 200 1721 Gregorium
207 1669 264 1721 Nyss.
273 1670 297 1708 de
304 1669 350 1709 Vita
358 1668 418 1708 Mosis
444 1682 491 1708 voce
505 1671 607 1718 Πανάρετος,

86 1721 100 1776 [i
118 1738 136 1776 p.
156 1728 194 1764 208
211 1722 250 1779 B];
270 1724 416 1776 Hieronymum.
472 1737 490 1772 4.
513 1724 605 1773 ἐξέπει]νον
623 1727 692 1774 λόγους.
712 1726 739 1764 καὶ
762 1729 782 1763 οὐ

85 1778 134 1818 Dial.
151 1779 158 1817 i
173 1780 215 1819 adv.
233 1779 349 1831 Pelagianos,
366 1782 375 1825 λ
391 1791 416 1829 33
447 1780 586 1830 [προσείχετε]·]
609 1778 642 1818 Ita
657 1780 709 1830 apud
727 1780 782 1819 LXX

88 1831 109 1886 [ii
120 1842 157 1884 717
168 1833 187 1873 A
198 1835 226 1874 ed.
238 1833 325 1888 Vellera]
336 1847 342 1882 3
359 1834 416 1873 Pseu·
443 1833 538 1886 legimus,
556 1837 577 1873 at
593 1833 694 1873 Hebraeus
709 1835 782 1875 Textus

84 1888 260 1942 (lo-Hieronymum
268 1889 293 1928 ad
304 1903 313 1928 2
324 1888 368 1929 cor.
376 1889 414 1938 ix7
444 1888 627 1928 exhibet—eateadi
639 1903 712 1929 manas
723 1904 782 1940 ruens,

87 1943 116 1992 [xi
129 1958 147 1996 p.
162 1944 247 1995 970.D].
273 1944 360 1996 Denique
369 1951 416 1994 Πομ·
444 1950 461 1982 et
470 1950 559 1983 perierat
566 1943 600 1994 qai
607 1944 719 1984 attendebat.
734 1945 782 1985 Vul-

798 345 847 379 Prov.
859 344 893 386 123

797 399 846 431 -31.

84 2001 136 2046 οιμίοι
156 2005 201 2039 sunt
221 2002 276 2050 Σοφία
296 1999 416 2050 παιδαγωγική,
443 2002 482 2051 gat.
495 1999 572 2038 eateaoli
585 2012 668 2038 mariam
680 2013 750 2044 rraeooa,
764 2008 781 2040 et
818 2028 821 2032 -

85 2053 178 2107 Gregorio
202 2055 248 2094 Nan.
273 2054 326 2094 Orat.
351 2067 373 2092 11
401 2053 416 2104 [i
443 2067 484 2092 riori
492 2054 538 2104 fait
554 2054 589 2104 qai
600 2054 695 2105 aspiceret.
725 2055 779 2095 Vens.

86 2110 123 2147 180
133 2109 152 2148 D
166 2109 224 2149 Paris.
238 2109 306 2159 1609}
324 2108 416 2148 Ecclesia·
444 2108 485 2161 Syr.
502 2115 519 2148 et
535 2109 611 2148 eroteaoli
625 2123 692 2158 oocera,
707 2117 725 2149 et
740 2125 781 2150 riori

83 2163 141 2204 stieus
155 2169 184 2204 est
193 2164 212 2204 A
221 2165 263 2205 Deo
276 2164 348 2216 spirata
362 2163 416 2216 Sapi·
443 2163 553 2203 audivistis.
568 2163 650 2203 Wouu.

83 2219 140 2265 entia,
150 2219 221 2272 Magna
233 2219 335 2272 Sapientia,
344 2219 365 2257 in
377 2219 416 2257 Ex·
471 2220 488 2257 6.
500 2216 618 2272 ἠπειθήσατε]
635 2219 668 2259 Ita
678 2218 733 2258 LXX
742 2233 778 2260 sec.

82 2274 152 2325 cerptis
171 2274 314 2327 Chronologicis
334 2288 359 2313 ex
377 2274 415 2313 Eu·
443 2273 538 2314 (locvm.
550 2274 574 2312 In
581 2273 627 2313 Ood.
634 2273 690 2313 Alex.
697 2277 779 2324 οὐπροα-

82 2329 140 2379 sebio,
150 2328 245 2379 Africano,
256 2335 275 2370 et
284 2329 330 2369 aliis.
351 2328 416 2381 Atque
443 2331 503 2379 είχετε,
531 2329 694 2380 quemadmodum
720 2330 779 2369 etiam

82 2382 106 2422 de
118 2384 198 2424 Oantico
212 2384 340 2434 cantieorum,
351 2383 415 2436 Scrip-
443 2383 492 2423 Eud,
502 2383 546 2422 Ald.
558 2388 577 2423 et
588 2382 684 2435 complut.

82 2442 114 2477 tor
125 2440 222 2479 Homiliae
234 2440 258 2480 de
268 2440 358 2488 Susanna,
368 2444 414 2478 tom.
471 2447 488 2488 7.
509 2436 593 2492 ἀπωλείᾳ]
617 2438 674 2477 Hanc
696 2439 778 2478 formam

82 2493 101 2531 vi
120 2495 195 2544 [coar]
210 2495 238 2535 ed.
251 2495 331 2545 Bened.]
355 2494 415 2546 Chry·
443 2508 453 2533 e
471 2493 517 2533 Ood.
538 2493 596 2532 MSto
614 2492 699 2532 restituit
715 2493 776 2532 Wott.

82 2550 161 2589 sostomi
174 2550 207 2600 ait,
217 2552 259 2592 κατὰ
271 2552 301 2599 τὴν
313 2550 377 2599 Σοφίαν
385 2553 415 2597 τὴν
442 2562 500 2601 quem
512 2548 572 2587 secuti
583 2552 628 2586 sunt
637 2548 692 2598 Frey.
702 2548 775 2587 Russel.

81 2604 171 2653 λέγουσαν,
185 2610 238 2655 κῆπος
251 2605 371 2654 κεκλεισμένον,
383 2621 414 2652 πη-
443 2603 529 2644 Galland.
546 2601 608 2641 Hefel.
623 2599 741 2653 Reithinayr.
757 2608 777 2642 et

82 2659 103 2706 γὴ
119 2661 254 2711 ἐοφρογιομίνη.
283 2660 337 2700 Cant.
352 2659 373 2698 iv
384 2672 413 2698 ιο.
443 2658 555 2697 Dresselius.
584 2656 659 2696 (laeteri
671 2658 747 2706 ἀπολείᾳ.

22 2734 30 2754 ρ
81 2710 155 2754 Auctor
177 2715 240 2767 operis
263 2714 369 2767 imperfecti
393 2715 413 2753 in
470 2726 499 2751 10.
514 2709 584 2765 ἢὸπον]
602 2710 728 2751 Ood.MStus
742 2726 775 2751 cx-

81 2766 202 2809 Matthaeum
216 2772 267 2822 apud
283 2771 364 2809 eundem
379 2770 413 2808 Pa·
440 2768 493 2807 hibet
505 2773 583 2805 ΗΟΤΑΡ,

80 2826 136 2873 trem,
148 2826 175 2876 [p.
185 2826 259 2865 lxva
273 2826 297 2864 ad
311 2826 356 2864 calc.
366 2829 411 2864 tom.
469 2822 613 2870 11.πολιορκιό.]
630 2820 677 2860 Post
686 2824 776 2872 πολιορκία

81 2877 100 2915 νί
114 2880 142 2918 cd.
154 2879 234 2932 Beneu]
251 2880 275 2920 ad
290 2880 345 2920 Mare.
360 2880 379 2919 vi
394 2880 412 2927 6,
440 2877 530 2917 exhibent
545 2875 605 2914 Corlol.
621 2875 677 2915 Alex.
696 2881 715 2916 et
730 2876 774 2917 Vat.

81 2932 150 2973 ‘Sicut
163 2934 184 2973 in
199 2934 283 2975 (leuticia
296 2949 321 2974 ex
333 2948 413 2987 persona
440 2934 466 2971 καὶ
474 2933 515 2970 ὅταν
523 2932 593 2980 ἔρχηται
602 2932 640 2978 ὑμῖν
649 2932 725 2981 ὄλεθρος.
747 2934 776 2973 At

81 2988 86 3006 ‘
96 2987 191 3029 Ecclesiae
206 2989 303 3042 Sapientia
315 2990 362 3029 dicit
368 2990 380 3038 ,·’
394 2993 413 3029 et
441 2987 540 3027 Hebraeus
550 2985 623 3025 Textus
632 2999 654 3025 ea
663 2999 701 3025 non
711 2987 775 3038 habet,

480 3063 539 3094 ΕΗ
