1931 3420
334 186 371 229 ΕΤ
386 185 613 230 FORMULARUM.
739 187 741 191 ’
815 188 858 233 129

91 302 145 352 Χήρα,
172 305 216 355 Περὶ
228 304 293 355 ἀγάπης
304 307 324 342 ού
335 305 382 353 μέλει
395 307 455 354 αὐτοῖς,
484 308 587 356 Χρηστάτης.
625 307 676 343 ἱκέται
694 308 856 356 γενάμενοι...τῆς

118 360 139 395 ού
156 360 195 408 περὶ
212 359 270 410 χήρας.
287 359 328 412 Ign.
345 359 420 411 Smyrn.
436 361 455 399 6.

118 414 148 452 τὰς
165 415 258 464 παρθένους
273 415 304 454 τὰς
319 415 410 465 λεγομένας
424 415 456 464 χὴ-

117 484 153 517 ρας.
166 480 195 518 13.
223 472 277 519 Χῆραι
288 470 311 517 μὴ
322 469 455 518 άμελείσθωσαν.

103 522 181 575 -ΡοῙγα,
197 538 216 573 4.
244 525 277 563 Τὰς
290 523 344 574 χήρας
357 524 457 575 σωφρονού-

33 587 35 591 “
116 577 315 631 σας.Ρο]γο.ΡΙ]ἰῙ.4.
343 579 365 628 μὴ
374 580 456 627 ἀμελοῦν-

116 649 144 672 τες
151 633 209 683 χήρας.
220 634 239 672 6.

89 688 188 738 Χιλίαρχος.
216 689 242 726 Ού
250 689 312 728 πάντες
320 689 455 739 εἶσίν...χιλίαρ-

116 758 150 791 χοι.
161 741 222 782 Glem.
234 744 242 781 Ι
252 755 286 793 37.

88 799 153 837 Χιλιάς.
182 800 212 838 τὰς
227 798 316 846 ἑξακοσίας
331 800 408 848 χιλιάδας
422 803 456 837 τῶν

115 853 187 903 ἀνδρῶν.
198 852 257 893 Olem.
267 853 279 891 I
289 866 320 904 43.

88 909 185 955 Χλευάζειν.
209 908 296 959 Ἀφρονες
306 910 333 946 καὶ
342 907 439 948 άσύνετοι..
449 939 453 948 .

115 964 228 1012 χλευάζουσιν
236 965 283 1012 ἡμᾶς.
295 962 354 1003 olem.
365 964 374 1001 l
384 975 415 1014 39.

88 1017 151 1068 Χορδὴ.
172 1019 288 1068 συνήρμοσται
297 1022 321 1069 τῷ
328 1019 422 1070 ἐπισκόπῳ,
432 1020 454 1057 ὡς

114 1073 176 1123 χορδαὶ
184 1074 248 1124 κιθάρα.
259 1072 355 1125 Ign.Eph.
366 1084 383 1121 4.
412 1089 453 1111 συν-

115 1127 225 1177 ευρύθμισται
238 1129 272 1178 γὰρ
286 1131 322 1167 ταῖς
337 1127 416 1173 ἐντολαῖς,
431 1129 458 1167 ὡς’

114 1183 184 1232 χορδαῖς
192 1184 257 1233 κιθάρα.
268 1182 340 1221 Ρλὶίαθ.
350 1195 366 1221 1.

87 1239 148 1288 Χορός.
182 1237 259 1288 ἀστέρων
272 1254 291 1275 τε
303 1239 358 1288 χοροί,
374 1236 453 1276 Clam]

115 1305 146 1331 20.
175 1294 191 1330 οἶ
203 1292 238 1330 κατ’
246 1293 299 1342 ἄνδρα
312 1293 331 1331 δέ
344 1294 395 1342 χαράς
407 1293 451 1342 γίνε-

114 1348 151 1385 σθε.
164 1346 205 1398 lgn.
216 1347 266 1399 Eph.
277 1361 295 1396 4.
323 1349 375 1398 χορὸς
388 1347 453 1398 ἐγένετο

113 1406 137 1454 τῷ
153 1402 218 1453 άστέρι.
236 1415 265 1453 19.
300 1403 318 1440 ἐν
331 1403 387 1453 ἀγάπη
401 1403 453 1452 χορὸς

112 1459 203 1507 γενόμενοι.
214 1456 270 1496 Rom.
281 1470 299 1496 2.

86 1512 164 1562 Χρΐισθαι
180 1514 200 1551 et
214 1513 298 1562 Χρῆσθαι.
332 1513 407 1561 ὑποταγῇ
423 1515 452 1560 μιᾷ

112 1569 178 1616 χρῆται.
203 1566 262 1606 Olem.
284 1566 295 1605 I
314 1575 345 1617 37.
386 1568 412 1603 δεῖ
433 1567 452 1603 δὲ

113 1623 155 1670 ἡμᾶς
161 1651 217 1661 .....
220 1622 276 1674 ἐκείνιρ
294 1622 374 1671 χρᾶσθαι.
394 1620 416 1659 Π
432 1622 449 1659 6.

113 1675 184 1728 σχοινίερ
209 1679 293 1731 χρώμενοι
315 1680 338 1728 τῷ
360 1675 449 1724 Πνεύματι.

112 1730 155 1783 Ign.
180 1731 229 1783 Eph.
254 1745 271 1782 9.
316 1735 336 1779 τῇ
359 1734 451 1781 Χριστιανῇ

112 1788 169 1836 τροφῇ
187 1787 266 1837 χρῆσθαι.
287 1785 343 1825 Trall.
361 1786 377 1824 6.
415 1786 451 1823 άντλ

112 1842 154 1889 ἐμοῦ
162 1842 228 1889 ποιμένι
237 1844 261 1893 τῷ
269 1845 307 1893 θεῷ
317 1843 384 1891 χρῆται.
394 1839 449 1879 Rom.

112 1909 130 1946 9.
158 1899 188 1944 μιᾷ
202 1897 301 1946 εὐχαριστίᾳ
313 1896 394 1945 χρῆσθαι.
405 1894 449 1932 Phi-

111 1950 148 1989 11111.
166 1963 184 1999 4.
217 1951 287 2003 τοιούτῳ
305 1950 390 2000 ἐχρήσατο
408 1951 449 1988 ὑπο-

510 363 628 410 χρηστάτητος
649 361 705 398 αύτοῦ.
725 360 784 400 Olem.
805 360 816 399 Ι
836 373 855 410 9.

510 416 540 463 Μτ)
554 415 584 453 οὖν
597 415 723 464 ἀναισθητῶμεν
734 418 765 464 τῆς
778 418 854 467 χρηστό-
901 436 903 441 v

510 485 560 517 τητος
573 471 631 508 αὐτοῦ.
644 469 686 521 Ign.
697 470 763 522 Magn.
776 484 805 510 10.
834 470 855 519 ἦν

510 527 530 572 τῇ
550 527 655 574 χρηστότητι
676 528 686 562 ὁ
704 526 763 576 Πατὴρ
782 529 853 576 ἤγειρεν.

509 578 586 630 Smym.
598 580 616 618 6.

482 636 621 685 Χριστιανισμύς.
658 635 700 672 κατὰ
719 636 854 684 Χριστιανιαμὸν

509 691 544 737 ἄμ.
564 688 606 741 lgn.
626 687 692 739 Magn.
714 701 743 727 10.
778 690 801 733 ,¹0
819 691 853 740 γὰρ

508 745 643 794 Χριστιανισμὸς
661 745 691 781 οὐκ
709 744 733 783 εἶς
746 744 853 793 ’Ῑουδαῖσμὸν

485 801 487 805 '
509 797 617 843 ἐπίστευσεν,
635 798 682 836 άλλὰ
701 798 808 847 Ἰαυδαίσμάς
829 800 854 838 εἷς

508 855 648 904 Χριστιανισμάν.
658 851 684 892 ib.
713 853 795 903 μεγέθους
805 854 854 892 ἐστὶν

508 912 518 946 ὁ
533 910 673 959 Χριστιανισμός.
687 908 743 947 Rom.
758 920 777 958 3.
806 910 853 958 παρὰ

508 964 569 1014 ἀνδρὸς
582 963 675 1013 περιτομὴν
688 965 757 1012 ἔχοντος
769 970 852 1013 Χριστια-

508 1020 569 1067 νισμάν
584 1018 656 1057 ἀκούειν.
674 1017 748 1057 Philad.
767 1019 786 1057 6.
823 1020 853 1056 τὸν
878 1018 879 1021 “

507 1077 538 1111 τοῦ
558 1077 694 1124 Χριστιανισμοῦ
713 1075 772 1124 λόγον.
792 1072 851 1112 Mart.

507 1127 571 1179 Polye.
582 1141 612 1166 10.

479 1185 585 1234 Χριστιανός.
615 1184 639 1220 ἐνὶ
657 1182 714 1234 κλίηρῳ
729 1183 851 1232 Ἐφεσίων...

505 1242 539 1276 τῶν
555 1241 665 1289 Χριστιανῶν.
686 1238 728 1289 Ign.
749 1236 799 1289 Eph.
820 1250 850 1276 11.

506 1295 522 1330 οἱ
534 1294 679 1343 ἐπαγγελλόμενοι
688 1294 790 1343 ,Χριστιανοὶ
802 1290 850 1332 εἶναι.

508 1360 538 1396 14.
567 1348 589 1396 μὴ
603 1349 654 1396 μόνον
665 1348 754 1385 καλεῖσθαι
767 1354 850 1397 Χριστια-

506 1402 550 1442 νούς.
559 1402 628 1454 Magn.
640 1414 659 1449 4.
688 1404 730 1450 μάνη
744 1406 764 1449 τῇ
778 1409 850 1452 Χριστι-

507 1461 537 1505 ανῇ
546 1459 604 1507 τροφῇ
613 1457 694 1507 χρῆσθαι.
705 1456 764 1495 Trall.
776 1457 795 1495 6.
823 1456 851 1495 ἰ’να
896 1501 898 1503 .

506 1513 528 1560 μὴ
538 1514 589 1560 μόνον
595 1512 672 1562 λέγωμαι
678 1514 785 1562 Χριστιανός.
792 1511 849 1550 Rom.

507 1579 524 1616 3.
565 1568 667 1617 Χριστιανὸς
688 1569 749 1605 ἑαυτοῦ
770 1567 851 1613 ἐξουσίαν

505 1623 535 1660 οὐκ
549 1623 591 1671 ἔχει.
604 1620 667 1672 Ροίγυ.
679 1630 696 1672 7.
726 1623 746 1659 τὸ
760 1625 794 1659 τῶν
807 1628 849 1671 Χρι-

505 1681 578 1715 στιανῶν
591 1676 674 1721 θεοσεβὲς
687 1676 773 1725 σύστημα.
789 1676 848 1716 Mart.

505 1730 547 1783 Ign.
560 1744 576 1770 2.
611 1734 662 1769 τοῦ..
673 1732 776 1777 ,θεοσεβοῦς
790 1732 850 1781 γένους

504 1791 538 1823 τῶν
551 1789 663 1836 Χριστιανῶν.
678 1785 815 1837 Μα1ί.ῬοΙγυ.
830 1799 847 1836 3.

505 1843 607 1891 Χριστιανός
620 1842 660 1888 εἶμι.
674 1854 704 1879 10.
739 1842 850 1891 ὡμολόγησεν

505 1897 564 1933 ἑαυτὸν
582 1897 686 1944 Χριστιανὸν
704 1894 751 1934 εἶναι.
773 1908 803 1934 12.
839 1899 849 1933 ὁ

504 1952 560 2000 πατὴρ
569 1955 603 1988 τῖον
612 1955 723 1998 Χριστιανῶν.
734 1949 759 1989 ib.

112 2007 192 2056 δείγματι.
203 2005 279 2057 Fragm.
290 2005 302 2044 i.
330 2009 351 2053 τῇ
360 2006 450 2052 δεσποτικῇ
478 2004 602 2056 Χριστομαθία.
630 2006 676 2043 ἀλλὰ
694 2007 737 2043 κατὰ
750 2012 848 2056 Χριστομα-

111 2061 199 2110 ἀποφάσει
212 2062 321 2111 χρησάμενοι.
333 2059 358 2099 ib.
386 2058 411 2099 οἷς
424 2061 450 2097 καὶ

505 2062 548 2099 ιι...
558 2059 602 2112 Igu.
613 2059 689 2100 Ραααο.
700 2062 718 2099 8.

110 2116 191 2166 χρώμεθα
200 2117 302 2165 συμμάχοις.
311 2114 368 2154 Mart.
379 2115 420 2167 Ign.
433 2127 449 2152 2.
477 2117 604 2166 Χριστοφόρας.
632 2115 684 2153 Ἐστὲ
697 2116 845 2164 οὗν.,.πάντες,...

56 2203 58 2206 .
110 2170 137 2208 άτι
159 2170 234 2218 τοσαύτῃ
256 2171 324 2218 σπουδῇ
350 2169 448 2219 ἐχρήσαντο.

110 2224 168 2264 Mam
179 2224 242 2276 Polyc.
253 2233 271 2275 7.

84 2281 158 2331 Χρῄζειν.
187 2283 197 2317 ὁ
208 2283 303 2328 Δεσπότης.
312 2311 316 2319 .
325 2281 397 2318 ,οὐδενὸς
408 2279 450 2329 χρῄ-

504 2172 628 2221 Χριστοφύμοι.
639 2169 681 2221 Ign.
693 2169 742 2222 Eph.
754 2183 771 2220 9.
800 2186 848 2208 κατε-

504 2227 573 2276 πείγετο
584 2226 618 2274 γάρ
630 2226 664 2263 ὑπὸ
676 2229 710 2263 τῶν
721 2228 848 2274 στρατιωτῶνὸ

503 2281 631 2330 Χριστοφόρος.
642 2278 699 2318 Mart.
710 2279 753 2331 Igu.
765 2288 782 2328 5.

111 2333 273 2384 (et.Olem.I52.
302 2334 449 2385 Χρῄζωοῦνπρα-
476 2337 601 2385 Χριστύνυμας.
635 2334 715 2382 ἐκκλησίᾳ
719 2364 767 2373 ......
770 2335 807 2382 ἥτις
821 2336 848 2372 καὶ

110 2393 174 2438 Amyros.
189 2389 232 2443 Ign.
248 2389 306 2429 Trall.
323 2403 340 2438 4.
373 2391 403 2436 τῆς
418 2389 449 2437 ἀφ’

111 2447 157 2494 ὑμῶν
166 2446 231 2495 ἀγάπης
239 2446 336 2496 χρῄζοντος·
349 2457 379 2491 12.

502 2390 606 2439 προκάθηται
614 2418 619 2428 .
627 2418 643 2428 ..
652 2391 778 2439 Χριστώνυμος,
803 2389 845 2440 Ign.

503 2444 558 2483 Rom.
570 2443 630 2481 Inscr.

83 2503 208 2550 Χρηματισμάς.
239 2502 257 2538 ἐκ
271 2503 301 2548 τῆς
316 2500 369 2545 βάτον
383 2514 447 2548 χρημα-
475 2501 545 2549 Χρόνος.
574 2499 599 2536 εἷς
610 2497 629 2534 ὃν
637 2498 757 2548 πληρωθέντος
765 2502 796 2535 τοῦ
805 2501 846 2547 χρά

109 2556 291 2604 τισμοῦ...διδομένου.
302 2553 360 2593 Glem.
370 2552 381 2591 I
391 2560 420 2602 17.

82 2610 173 2660 Χρήσιμος.
202 2611 290 2661 Χρίγσιμον
303 2609 332 2647 οὖν
346 2610 393 2647 ἐστὶν
406 2608 448 2656 ὑμᾶς

110 2666 219 2713 ἐν...ἕνάτητι
228 2664 275 2704 εἶναι.
285 2664 328 2715 Igu.
339 2662 387 2715 Eph.
397 2676 415 2710 4.

82 2723 152 2770 Χρῆσις.
180 2720 275 2759 ἐντούτοις
288 2721 354 2769 χρῆσις.
367 2716 447 2756 016μαῖ

110 2783 143 2825 37.
176 2776 196 2812 ού
212 2777 254 2814 κατά
269 2773 332 2824 χρῆσιν
347 2773 391 2811 άλλά
407 2773 448 2809 κατὰ

109 2830 169 2879 φύσιν.
181 2829 223 2882 Ign.
234 2829 317 2868 Trall.1.

82 2886 212 2934 Χρησμοδοτεῖν.
236 2883 447 2935 χρησμοδατηθέντες,πα-

109 2939 183 2989 ρέδωκαν
192 2939 266 2979 ἑαυτούς.
277 2938 337 2978 Olem.
348 2938 358 2976 I
368 2946 398 2986 55.

81 2993 215 3044 Χρηστεύεσθαι.
236 2994 383 3044 Χρηστευσάμεθα
392 2994 447 3030 αὐτοῖς

109 3050 150 3087 κατὰ
157 3045 187 3096 τὴν
194 3050 328 3099 εὐσπλαγχνίαν.
335 3047 394 3088 Olem.
401 3048 410 3086 I
416 3058 444 3094 14.

502 2569 536 2592 νου.
550 2552 610 2591 Olem.
621 2551 632 2590 Ῑ
643 2560 674 2601 25.
703 2554 733 2591 τὰς
746 2553 847 2602 ἀναγραφὰς

501 2612 535 2645 τῶν
548 2610 619 2658 χρόνον.
632 2605 659 2645 ib.
688 2608 706 2645 ἐκ
719 2608 753 2657 γάρ
767 2608 787 2655 δὴ
801 2611 844 2645 πολ-

501 2665 537 2699 λῶν
551 2665 618 2711 χρόνον
632 2662 733 2712 ἐγέγραπτο.
749 2675 780 2710 42.
814 2679 841 2711 μεΙ
892 2661 893 2664 “

501 2717 637 2767 μαρτνρημένους
652 2732 670 2753 τε
685 2719 758 2756 πολλοῖς
772 2719 843 2767 χρόνοις.

502 2784 534 2820 44.
571 2774 589 2809 ἐν
612 2774 665 2822 μικρῷ
688 2774 745 2822 χρόνῳ
768 2772 847 2820 τοιαύτην

502 2826 597 2874 συνήθειαν.
612 2825 654 2877 Ign.
667 2825 716 2877 Eph.
730 2835 749 2875 5.
778 2828 798 2873 ἐξ
813 2828 844 2876 άρ-

500 2882 555 2930 χαίων
569 2881 705 2930 καταγελλομένη
722 2884 792 2931 χρόνον.
809 2881 845 2920 Ρο-

501 2936 536 2987 lyc.
553 2935 600 2974 Phil.
617 2948 632 2973 1.
662 2936 794 2985 ἐφανερὼσαμεν
808 2938 846 2985 ὑμῖν

504 2992 557 3029 ...τὸν
570 2991 638 3040 χράνον.
653 2989 711 3029 Μαυί.
725 2991 770 3043 Ign.
781 3000 798 3041 7.
828 2994 845 3029 ἐν

501 3049 536 3085 τοῖς
549 3046 586 3084 καθ’
599 3046 641 3094 ἡμᾶς
654 3048 727 3095 χρόνοις.
740 3046 797 3086 Mart.
809 3047 845 3086 Ρο-

528 3114 538 3139 Υ
