1931 3420
300 212 576 289 ουυοαυυοκαυπ.
618 286 619 289 ,
746 215 748 219 ’
781 243 822 286 107

86 357 145 406 χεσθε.
161 357 203 408 Ign.
216 357 265 409 Eph.
280 371 311 398 10.
345 361 424 410 Προσεῦ-
480 364 622 411 προαχὼν;..τῆ
645 360 741 410 Σμυρναίων
763 361 820 397 πόλει.

85 412 140 459 χεαθε
154 413 197 461 ὑπέρ
213 414 242 460 τῆς
258 413 348 462 ἐκκλησίας
362 417 392 463 τῆς
407 416 426 454 έν
479 415 537 455 Mart.
548 415 592 468 Ign.
603 428 621 465 3.
644 416 762 465 πρόσεσχετῇ
772 419 819 461 Τροι-

85 464 141 514 Συρίᾳ.
162 478 194 504 21.
228 468 261 503 Καὶ
283 469 322 518 περὶ
344 470 385 514 ἐμοῦ
407 470 426 507 δὲ
479 472 513 508 άδι.
524 479 543 519 5.
571 469 686 520 προσέχοντες
700 471 720 515 τῇ
735 470 765 505 τοῦ
779 472 820 515 Χρι-

84 519 211 568 προσεῦχεσθε,
222 520 279 558 Trall.
290 533 321 561 12.
346 525 398 570 μόνον
407 525 425 561 ῦέ
479 529 522 562 στοῦ
531 526 593 574 χάριτι.
603 523 661 561 Mart.
671 521 735 572 Polyc.
746 533 763 559 2.
806 528 808 532 '

42 614 43 617 Ἴ
84 573 213 622 προσεύχεσθαι
223 576 266 624 ῦπέρ
277 577 335 615 αὐτῶν.
347 576 424 628 Smyrn.
451 579 554 628 Προσῆκειν.
582 579 653 627 καὶγὰρ
664 574 818 628 αἷμίηπροσῆκου·

81 639 103 674 4.
140 631 278 677 προσευχόμενος
295 632 334 680 περὶ
352 633 424 670 πόντων,
479 634 509 670 σαί
517 648 546 680 μοι
556 628 722 686 [ἐκκλησίαι].Ις11.
733 629 788 667 Rom.
800 640 816 677 9.

84 679 142 720 Mart.
153 681 216 733 Polyc.
228 691 244 731 5.
260 688 398 734 προσευχόμενος
407 687 425 723 ἐν
477 688 527 734 τιμὴν
544 688 586 724 κατὰ
604 687 624 722 τὸ
641 687 734 734 προσῆκον.
758 682 817 721 Mart.

84 735 158 783 ὀπτασίᾳ
166 736 267 786 γέγονεὶίο.
296 740 341 788 ὤραν
350 742 393 789 πρὸς
403 742 423 777 τῦ
478 740 542 791 Polyc.
553 752 584 779 10.

82 790 212 838 προσεύξασθαι
226 792 284 831 ἀδεῶς.
302 801 319 842 7.
355 795 423 833 σταθείς
449 798 557 844 Προσηλοῦν.
587 791 818 831 Μελλόντωνδέαῦτῶνκαλ

82 844 198 892 προσηύξατο.
215 844 241 884 ib.
269 847 309 885 ἰδὼν
322 849 363 886 αὐτὸ
377 850 421 885 καιό-
476 851 581 898 προσηλοῦν.
591 847 648 902 Mart.
660 846 724 897 Polyc.
738 858 766 894 13.

81 912 137 946 μενον,
146 902 288 948 προσευχόμενος.
301 914 331 940 12.
447 907 545 953 Προσηνῦς.
569 906 660 953 προσηνῶς
669 902 699 939 τὰς
707 901 778 949 χάριτας
787 899 816 936 οῦ·
844 925 846 928 -

54 951 153 1000 Προαευχῆ.
167 954 198 992 τὰς
206 956 305 1003 προσευχὰς
311 957 356 1004 ῆμῶν
362 960 420 996 όπλῶς
473 961 504 995 τοῦ
512 958 596 996 ἀποδιδοῖ.
607 954 690 995 0161]ιῖ
701 964 731 1003 23¹.

81 1005 177 1055 ἀναφέρειν.
197 1006 258 1047 Glem.
278 1008 300 1047 Π
318 1023 334 1048 2.
370 1011 418 1049 ἔλπέ-
446 1013 559 1061 Πρασκαλεῖν.
588 1013 616 1049 διὰ
629 1014 659 1048 τοῦ
673 1009 771 1056 Πνεῦματος
785 1010 815 1045 τοῦ

82 1061 130 1104 ζοντα
140 1063 161 1107 τῆ
174 1066 262 1110 προσευχῇ
274 1064 320 1110 ὑμῶν
329 1066 418 1114 ἐπιτυχεῖν.
473 1065 530 1115 Ἀγίου
549 1065 602 1105 οὕτως
621 1066 743 1114 προσκαλεῖται
764 1062 813 1110 ἡμᾶς.

81 1112 124 1164 Ign.
139 1113 189 1166 Eph.
204 1127 221 1153 1.
250 1118 271 1153 Εἶ
288 1119 321 1167 γὰρ
340 1120 376 1157 ἑνὸς
393 1121 420 1156 καὶ
474 1118 535 1158 Olem.
546 1119 556 1157 Ῑ
567 1133 598 1158 22.
628 1120 750 1169 προσκαλεῖται
765 1117 814 1164 ῦμᾶς,

80 1168 159 1218 δευτέρου
174 1170 268 1219 πρασευχῆ.
287 1179 304 1219 5.
332 1174 375 1222 πρὸς
390 1174 420 1212 τὰς
474 1173 523 1213 θντος
544 1174 586 1222 μέλη
608 1175 664 1211 αὐτοῦ.
689 1171 733 1223 Igu.
755 1168 814 1208 Trall.

79 1224 194 1271 βλασφημίας
205 1225 260 1261 αὐτῶν
269 1226 315 1271 ὑμεῖς
324 1228 354 1265 τὰς
363 1242 418 1275 προσ·
477 1240 506 1265 11.
551 1226 552 1229 ¹

80 1278 137 1324 ευχάς.
155 1289 187 1316 10.
222 1282 242 1325 τῇ
260 1284 349 1329 προσευχῇ
368 1281 419 1328 ὑμῶν,
446 1285 588 1331 Προσκαρτερεῖν,
609 1284 775 1331 προσκαρτεροῦντες
785 1294 813 1325 νη-

79 1330 99 1377 ῆς
114 1332 180 1380 γένοιτό
195 1347 224 1380 μοι
241 1333 268 1370 ἇεὶ
285 1335 358 1383 μέτοχον
371 1333 418 1372 εἶναι.
473 1336 542 1375 στείαις.
556 1335 619 1386 ΡοΙγο.
629 1334 678 1373 Phil.
688 1343 705 1384 7.
724 1348 812 1384 προσκαρ-

82 1397 112 1422 11.
141 1386 181 1422 Ἐάν
198 1402 220 1435 με
240 1387 335 1435 κατοξιώση
352 1389 419 1436 Ἰησοῦς
472 1390 702 1439 τερῶμεντῆέλπίδιῆμῶν.
713 1391 732 1427 8.

79 1441 154 1488 Χριστῦς
166 1441 311 1490 ε’ντῆπροσευχῆ
322 1444 373 1490 ὑμῶν.
385 1456 417 1481 20.
445 1446 594 1493 Προσκεφάλαιαν.
622 1442 816 1493 εἶδενπροσκεφάλαὶον,

78 1494 106 1531 έπὶ
118 1495 138 1530 τό
151 1495 193 1531 αὐτὸ
206 1495 236 1542 μία
247 1497 341 1545 πρασευχῆ.
352 1496 416 1548 Magn.
472 1499 523 1535 αὐτοῦ
546 1500 579 1537 ὑπὸ
601 1500 654 1547 πυρὸς
677 1498 811 1543 κατακαιόμενον,

79 1555 98 1596 7.
127 1548 244 1596 Μνημονεῦετέ
250 1565 284 1597 μου
293 1551 311 1587 ἒν
317 1554 354 1589 ταῖς
362 1568 417 1601 προσ·
472 1551 531 1591 Mart.
546 1551 610 1604 Polyo.
621 1560 639 1600 5.
666 1554 708 1599 τῆς.
717 1581 721 1590 .
730 1551 768 1588 ,ε’πὶ
782 1552 812 1586 τοῦ

78 1605 135 1650 ευχαῐς
152 1604 204 1650 ῦμῶν.
221 1615 251 1651 14.
288 1607 317 1652 τῆς
334 1606 418 1654 ῆνωμένης
471 1606 612 1655 προσκεφαλαίου
621 1606 709 1644 ὀπτασίας.
722 1617 753 1643 12.

77 1657 124 1704 ῦμῶν
137 1657 155 1693 ἐν
171 1660 209 1708 θεῷ
224 1662 327 1707 προσευχῆς.
342 1658 369 1697 ib.
397 1664 417 1707 τῇ
444 1661 561 1709 Προσκλίνειν,
588 1660 754 1709 προσεκλίθητεγᾶρ
763 1659 811 1695 Ἀπο-

77 1711 112 1757 μετ’
122 1710 202 1758 ἀλλήλων
210 1716 306 1761 προσευχῇ.
317 1713 374 1751 Τιύίλ.
386 1727 416 1751 12.
471 1717 547 1753 στολοις.
557 1714 617 1754 Olem.
627 1714 638 1751 Ῑ
649 1722 681 1762 47.

77 1764 192 1812 Μνημονεῦετε
207 1766 255 1813 ε’ντῇ
269 1771 358 1816 προσευχῇ
372 1769 418 1816 ῦμῶν
444 1770 556 1816 Πρόσκλισις.
584 1770 614 1816 τῆν
629 1769 696 1817 ἀγάπην
711 1768 771 1812 αὐτῶν,
788 1766 811 1812 μῆ

76 1821 106 1865 τῆς
121 1820 139 1855 ἐν
153 1820 204 1868 Συρίᾳ
217 1821 312 1867 ἐκκλησίας.
327 1821 382 1860 Rom.
398 1835 415 1872 9.
470 1823 512 1859 κατὰ
529 1823 648 1872 προσκλίσεις.
668 1820 727 1860 Olem.
747 1819 758 1857 Ι
779 1831 811 1857 21.

77 1871 107 1911 Of.
118 1872 174 1911 Trall.
187 1886 216 1922 13.
245 1875 255 1920 ῆ
269 1876 357 1924 προσευχὴ
372 1877 417 1924 ὑμῶν
471 1877 498 1913 διὰ
512 1878 532 1913 τὸ
546 1879 572 1913 καὶ
587 1879 626 1913 τότε
642 1876 755 1925 προσκλίσεις
769 1875 812 1920 ὑμᾶς

79 1942 125 1974 ...με
133 1928 229 1976 ἅπαρτίσει.
240 1927 314 1967 Philad.
326 1938 345 1977 5.
369 1931 387 1967 ἐν
395 1934 416 1977 τῇ
470 1931 578 1977 πεποιῆσθαι·
590 1930 646 1977 ἀλλ’ἢ
656 1931 760 1978 πρόσκλισις
769 1928 811 1964 ἐκεί-

75 1985 165 2029 προσευχῇ
188 1983 235 2029 ὑμῶν
257 1984 368 2031 δικαιωθῆναι.
396 1986 415 2022 8.
470 2000 495 2031 νη,
507 1992 539 2033 47.
568 1986 608 2033 δίχα
617 1984 737 2033 προσκλίσεως
745 1982 810 2031 ἀνθρω-

75 2034 144 2082 Ἐπειδῆ
158 2037 199 2072 κατὰ
212 2037 243 2083 τὴν
255 2038 353 2086 προσευχὴν
364 2039 415 2085 ὑμῶν.
470 2039 523 2085 πίνης.
535 2047 567 2087 50.

77 2100 106 2127 10.
141 2090 255 2138 Εῦχαριστίος
273 2092 300 2127 καί
318 2095 416 2140 προσευχῆς
442 2095 567 2141 Προσκόπτειν.
597 2095 670 2129 Μᾶλλον
683 2092 777 2140 ἀνθρώποις
790 2089 810 2125 θ·
831 2097 834 2105 ’

74 2143 171 2191 ἀπέχονται.
186 2143 262 2194 Smyrn.
276 2145 294 2182 6.
322 2146 345 2182 ‘H
358 2162 414 2195 προσ·
470 2148 532 2195 φροσι.
541 2178 544 2184 .
554 2148 690 2196 ,προσκόψωμεν
703 2145 713 2193 ἢ
728 2148 751 2195 τῷ
766 2147 809 2194 Θεῷ.

75 2198 116 2245 ευχῆ
130 2199 177 2245 ὑμῶν
185 2199 260 2245 ἀπῆλθεν
273 2200 300 2236 ἐπὶ
313 2201 343 2247 τὴν
357 2201 414 2248 ε’κκλη-
470 2199 531 2239 Glem.
542 2200 553 2239 Ῑ
564 2213 595 2239 21.

75 2252 120 2288 σι’σν.
142 2264 171 2290 11.
206 2251 233 2290 ἵνα
251 2254 269 2290 έν
287 2258 307 2301 τῇ
326 2261 414 2304 προσευχῇ
442 2259 553 2305 Προσκυνεῖν.
587 2257 722 2304 προσκυνοῦντες
744 2252 809 2289 λίθους.

74 2306 120 2352 ῦμῶν
136 2310 180 2343 Θεοῦ
196 2307 277 2356 ε’πιτῦχω.
291 2306 317 2347 ib.
348 2311 415 2357 λιμένος
469 2308 529 2347 (Hem.
544 2308 564 2347 Π
581 2321 597 2347 1.
631 2311 666 2346 ταῖς
683 2309 747 2355 νεκροῖς
765 2306 809 2342 θεοῖς

73 2360 104 2406 ἤδη
119 2360 243 2409 ε’τῦγχανεντῇ
260 2367 349 2411 προσευχῇ
363 2365 413 2411 ὑμῶν.
468 2365 488 2400 οῦ
509 2363 574 2411 θῦομεν,
593 2364 620 2400 καὶ
641 2363 660 2398 οῦ
681 2362 809 2409 προσκυνοῦμεν

73 2412 99 2451 ib.
130 2419 234 2463 προσευχαῖς
249 2419 325 2464 σχόλαζε
340 2418 413 2454 ἀδιολεί-
468 2419 529 2455 αὐτοῖς.
546 2429 564 2465 3.
599 2416 640 2464 μηδὲ
655 2417 758 2463 προσκυνεῖν
773 2415 808 2450 τοῖς

73 2484 126 2506 πτοις.
142 2468 207 2520 Ροίγο,
224 2483 241 2508 1.
275 2471 285 2517 ῆ
300 2472 412 2519 έκκλησίσ.,,
468 2472 517 2509 θεοῖς,
532 2470 590 2508 Mart.
606 2469 669 2519 Polyc.
681 2480 711 2505 12.
744 2470 808 2503 Τοῦτον

73 2522 152 2570 εἷρηνεῦει
161 2552 217 2562 .....
225 2526 252 2561 διὰ
270 2526 300 2572 τῆν
315 2526 413 2575 προσευχῆυ
466 2526 705 2575 μὲνγὰρ...προσκυνοῦμεν.
716 2529 745 2570 17.

72 2577 123 2623 ὑμῶν,
139 2584 157 2626 7.
186 2581 210 2629 τῷ
219 2578 263 2616 οίακι
271 2582 301 2626 τῆς
309 2583 411 2629 προσευχῆς.
440 2581 555 2628 Προσλαλεῖν.
580 2579 675 2628 προσλαλῶ
685 2578 723 2623 ὑμῖν
732 2577 755 2613 ὡς
764 2589 805 2611 συν-

72 2628 213 2682 Mart.1gn.1.
242 2633 272 2671 Ὦς
286 2635 304 2670 δὲ
318 2634 412 2671 κατέπαυσε
467 2633 591 2670 διδυσκαλίτσις
605 2647 643 2678 μου.
660 2629 703 2681 Igu.
720 2629 770 2680 Eph.
787 2641 805 2677 3.

72 2685 102 2731 τῆν
111 2686 215 2734 προσευχὴν.
226 2686 283 2725 Mart.
293 2687 355 2738 Polye.
365 2689 383 2725 8.
466 2690 484 2724 ἒν
497 2686 554 2725 πίστει
567 2687 624 2733 Ἰησοῦ
637 2688 713 2734 Χριστοῦ
727 2685 806 2733 προσλα-

45 2739 146 2787 Προσέχειν,
174 2742 290 2789 προσέχοντες
301 2743 340 2780 τοῦς
350 2744 412 2791 λόγους
465 2743 518 2787 λῆσαι
530 2742 572 2788 ὑμῖν.
583 2740 647 2790 Magn.
660 2752 676 2776 1.
703 2741 743 2777 Ταῖς
754 2739 805 2774 ἀδελ-

71 2794 122 2830 αῦτοῦ
139 2795 227 2842 ἐπιμελῶς.
246 2795 329 2834 ΟΙθῐῐι,Ι
344 2808 360 2833 2.
388 2796 411 2843 μῆ
465 2797 507 2843 φαῖς
515 2809 547 2841 μου
556 2796 658 2843 προσλάλει.
669 2792 732 2843 Polyc.
744 2801 763 2840 5.

70 2848 163 2896 προσέχειν
171 2852 207 2887 τοῖς
219 2851 313 2898 φυσιοῦσίν
325 2866 353 2896 με.
368 2850 409 2900 Ign.
438 2849 585 2899 Προσλαμβάνειν.
613 2848 642 2884 Ἐν
651 2847 707 2897 ἀγάπη
716 2850 804 2897 προσελά-

71 2900 126 2939 Trall.
146 2915 163 2949 4.
197 2907 224 2953 Τῷ
241 2905 327 2955 ἕπισκόπῳ
346 2904 410 2953 προσέ-
464 2901 698 2950 βετοῆμᾶς.(ίῙθΠ1.Ι49.
720 2904 739 2939 οῦ
748 2918 805 2952 προσ-

70 2970 115 3002 χετε.
136 2955 210 2994 Philad.
227 2966 246 3006 7.
282 2960 374 3007 προσέχειν
392 2958 410 2994 δὲ
465 2956 806 3006 ειληφότοςτῆνφαινομένηννεωτερικῆν

69 3011 105 3047 τοῖς
120 3010 226 3059 Προφήταις,
242 3010 318 3062 Smyrn.
331 3020 349 3061 7.
383 3015 410 3061 Τῷ
464 3011 515 3057 τάξιν.
527 3009 646 3060 Ign.Magn.
657 3022 675 3058 3.

69 3063 157 3114 ἐπισκόπῳ
180 3065 281 3113 προσέχετε.
306 3066 370 3117 Polyc.
391 3066 409 3103 6.
437 3068 563 3114 Προσοικειοῦν.
592 3065 685 3113 ὁμολογίαν
700 3068 760 3102 πλεῖον
774 3067 804 3103 αῦ-

465 3130 477 3156 0
489 3131 498 3156 2
