2061 3403
183 186 211 227 18
428 185 449 228 S.
467 184 638 228 CLEMENTIS

182 301 254 354 αὐτοῦ
273 300 343 358 κλεός
362 300 459 366 ἔλαβεν,
481 299 632 367 δικαιοσύνην
649 297 747 369 διδάξας
766 298 825 354 ὅλον
841 296 884 354 τὸν

183 387 282 454 κόσμον,
295 388 334 440 καὶ
345 388 383 441 ἐπὶ
396 387 423 440 τὸ
436 388 511 459 τέρμα
522 390 564 455 τῆς
575 386 665 444 δύσεως
676 384 760 452 ἐλθών,
773 388 811 440 καὶ
823 409 884 455 μοιρ-

182 473 289 543 τνρήσοις
308 475 345 528 ἐπὶ
363 478 412 526 τῶν
430 473 576 542 ἡγουμένων,
597 473 671 530 οὕτως
689 471 823 541 ἀπηλλάγη
841 477 884 527 τοῦ

184 601 189 622 ‘
198 591 270 651 galium
289 597 361 638 Christi
378 598 400 637 in
418 598 522 639 oeaidantis
551 609 594 651 1ο7,
610 598 786 650 8.(1111710110111111
796 596 884 653 [Hom.i‚

168 702 169 705 Ἴ
184 657 274 705 ‘quoque
290 652 376 705 partibus
390 654 521 706 praedicaret?
548 661 594 696 tom.
604 655 619 694 ii
634 668 653 707 p.
665 662 701 704 477
718 654 747 693 ed.
760 651 841 707 Bened]
861 653 885 692 de

184 708 263 748 Hieron.
275 708 298 747 de
308 708 379 748 Eceles.
391 708 460 761 Saript.
476 707 494 764 [ᾗ
503 718 521 758 5,
548 710 636 750 laudibus
657 708 716 757 Pauli,
737 710 771 757 Τὴν
789 709 886 758 οἰκουμένην

184 768 229 804 tom.
247 762 261 802 ii
281 777 299 815 p.
319 766 357 814 823
379 763 408 803 ed.
428 764 519 815 Vallata]
548 766 668 816 προσήνεγκεν,
678 765 705 803 καὶ
712 764 750 814 γῆν,
758 766 785 802 καὶ
794 765 884 812 θάλατταν,

184 818 269 858 ‘Paulus
278 819 384 870 Apostolus
395 849 399 858 .
410 850 414 859 .
426 850 430 859 .
443 825 522 859 voeatus
541 822 577 860 καὶ
585 822 665 867 Ἑλλάδα,
675 822 702 858 καὶ
711 821 805 868 Βόρβορον,
816 821 843 857 καὶ
851 822 884 857 πῖν-

185 878 210 913 ‘a
224 873 314 922 Domino,
329 874 400 914 effusus
418 879 447 914 esi]
466 888 523 926 super
550 893 584 915 σαν
594 876 637 923 ὅσην
648 876 696 924 ἥλιος
710 875 765 924 ἐφορᾷ
778 876 815 924 γῆν,
824 873 886 922 ταύτην

185 928 266 968 ‘faciem
289 928 389 969 universae
412 935 480 979 terrae,
500 934 523 969 111
550 932 625 981 καθάπερ
643 932 737 979 ὑπόπτερος
754 944 779 968 τις
797 931 886 979 γενόμενος

185 983 317 1036 ‘praedicaret
323 984 450 1036 Evangelium
457 985 481 1024 de
487 984 524 1023 Hi-
550 987 613 1035 ἐπῆλθε
626 989 688 1033 πᾶσαν,
698 986 730 1034 οὐχ
744 986 802 1023 ἁπλῶς
816 984 884 1021 ὁδοιπο-

185 1042 190 1061 ‘
199 1038 311 1090 erosolymis
316 1052 376 1091 usque
382 1039 406 1079 ad
412 1039 522 1092 Illyricum5
549 1046 589 1092 ρῶν,
595 1042 640 1079 ἀλλὰ
649 1042 679 1080 τὰς
685 1039 757 1078 ἀκάνθας
763 1040 886 1089 ἁμαρτημάτων

185 1098 219 1134 ‘et
232 1093 341 1134 aedificaret
353 1108 393 1133 non
406 1108 463 1146 super
477 1095 523 1134 alte·
549 1098 635 1141 ἀνασπῶν,
645 1095 672 1134 καὶ
684 1098 714 1133 τὸν
726 1097 779 1144 λόγον
792 1096 821 1142 τῆς
835 1095 884 1131 εὐαε-

186 1149 240 1188 ‘rius
260 1150 412 1199 fundamentum,
430 1149 464 1189 ubi
482 1149 523 1201 jam
549 1152 598 1197 βείας
611 1151 722 1200 ἇνασπείρων,
731 1150 761 1197 τὴν
769 1150 834 1197 πλάνην
843 1148 885 1187 ἅπε-

185 1204 261 1244 ‘fuerat
272 1204 455 1256 praedicatumgsed
462 1217 522 1256 usque
549 1206 621 1253 λαὺνων,
640 1207 671 1253 τὴν
690 1204 769 1253 ἀλήθειαν
791 1205 884 1254 ἐπανάγων.

185 1259 224 1298 ‘ad
238 1258 342 1311 Hispanias
355 1259 458 1308 tenderem
478 1263 522 1298 eta
550 1259 631 1300 WOTT.
659 1258 886 1310 AddasejusdemOhny-

185 1314 250 1353 ‘Mari
260 1314 332 1362 Rubro,
342 1313 402 1352 immo
411 1314 435 1353 ab
445 1313 522 1353 Oceano
549 1314 630 1355 sastomi
649 1314 706 1354 Hom.
721 1327 762 1354 xxv
776 1314 797 1352 in
812 1313 847 1365 Ep.
863 1312 886 1352 Π

185 1373 259 1420 ‘usque
276 1369 301 1407 ad
315 1369 413 1408 Oceanum
431 1372 522 1417 curreret,
549 1370 575 1409 ad
594 1370 636 1409 Gor.
659 1368 735 1421 passim,
760 1372 835 1408 tamn
853 1381 885 1420 pp.

185 1428 190 1462 f
199 1424 277 1463 imitans
283 1423 389 1463 Dominum
397 1437 457 1472 suum,
465 1428 485 1462 et
493 1436 522 1463 so·
551 1425 665 1474 612-617,
681 1429 701 1464 et
714 1424 778 1463 laeum
791 1422 887 1475 insignem

184 1479 237 1519 ‘lem
246 1478 338 1530 justitiae,
348 1479 372 1518 de
386 1492 423 1530 quo
434 1478 521 1531 legimus,
550 1480 574 1519 de
594 1479 692 1519 laboribus
712 1483 732 1518 et
752 1478 887 1518 certaminibus

185 1538 189 1556 ‘
199 1534 299 1573 Αςιιαινιο
309 1533 356 1573 eaelo
365 1533 444 1584 οηιόιιιό
454 1534 523 1585 ejulant
550 1536 571 1574 B.
583 1534 643 1584 Pauli,
653 1533 673 1573 in
683 1533 741 1572 Hom.
752 1533 773 1572 ix
787 1534 807 1572 in
818 1532 842 1572 Π
849 1532 885 1585 Ep.

184 1588 523 1641 ‘oamrsnsajueadsnmmamajua'
550 1590 575 1629 ad
589 1589 637 1629 lim.
653 1592 699 1628 tom.
716 1588 737 1628 xi
760 1602 778 1640 p.
798 1596 836 1639 717
856 1588 886 1627 ed.

184 1648 222 1684 ‘ut
237 1650 282 1683 anta
301 1657 345 1683 eum
360 1648 413 1683 terra
428 1643 522 1692 deficeret,
550 1646 597 1684 Ben.

185 1703 257 1751 ‘quam
280 1699 366 1738 studium
390 1697 523 1750 praedicandi!
580 1713 596 1739 1.
606 1700 648 1738 ὅλον
656 1701 686 1737 τὸν
694 1698 766 1748 κόσμον]
778 1697 789 1737 i.
797 1711 812 1737 e.
823 1701 887 1738 totum

185 1754 246 1803 Idam,
265 1754 372 1793 Comment.
390 1753 411 1792 in
427 1753 492 1792 Amos.
505 1766 523 1802 v,
550 1755 653 1807 imperium
671 1754 785 1802 Romanum,
803 1752 835 1792 vel
855 1765 887 1792 eos

189 1807 216 1864 [8‚
228 1823 246 1859 9,
260 1814 307 1848 tom.
317 1808 342 1856 vi,
355 1822 374 1861 p.
387 1821 423 1858 291
439 1808 467 1848 ed.
479 1808 524 1847 Val-
551 1810 585 1862 qui
601 1813 646 1849 sunt
661 1809 685 1848 ab
699 1808 779 1847 Oriente
793 1808 818 1846 ad
833 1807 888 1847 0οοί-

187 1862 240 1918 lars]
257 1865 277 1901 ‘0
287 1866 306 1901 δὲ
315 1866 396 1914 μακάριος
403 1868 472 1903 Παῦλος
479 1865 524 1901 διδά-
551 1866 629 1904 dentem
642 1876 707 1916 usque,
721 1863 733 1902 i.
742 1876 756 1902 θ.
772 1862 887 1915 Hispaniam

186 1936 223 1958 πκει
233 1921 326 1967 συντόμως,
334 1919 382 1957 ὅσαις
393 1920 460 1956 ἔθνεσιν
468 1934 524 1967 προσ·
551 1924 672 1971 caeterasque
687 1922 754 1970 gentes
771 1917 795 1957 ad
808 1918 887 1957 ultimas

186 1975 254 2023 ενὴνοχε
264 1975 286 2011 τὰ
297 1974 334 2011 θεῖα
347 1974 451 2023 κηρύγματα
467 1975 524 2010 ‘dare
552 1973 684 2013 Occidentales
694 1986 747 2020 oras;
762 1973 786 2011 ab
795 1972 888 2011 Hieroso-

186 2035 191 2051 ‘
201 2046 222 2078 με
233 2031 266 2068 ἀπὸ
275 2029 388 2078 Ἰερουσαλὴμ
397 2031 424 2065 καὶ
433 2027 489 2079 κύκλῳ
496 2027 524 2076 με’·
551 2028 608 2081 lymis
617 2029 642 2068 ad
652 2028 715 2067 (1111165
723 2040 784 2079 usque
791 2057 795 2066 .
803 2058 807 2067 .
815 2059 818 2067 .
827 2057 831 2066 .
839 2029 860 2065 τὰ
869 2029 887 2065 δὲ

186 2092 191 2106 ⁴
201 2100 231 2135 χρι
244 2088 275 2121 τοῦ
288 2084 384 2131 Ἰλλυρικοῦ
398 2083 525 2130 πεπληρωκέναι
552 2086 623 2133 Γάδειρα
632 2086 684 2121 κεῖται
692 2084 723 2131 μὲν
732 2084 773 2120 κατὰ
785 2085 805 2120 τὸ
816 2086 846 2131 τῆς
854 2084 888 2120 Εὖ-

186 2146 191 2162 ‘
200 2142 220 2177 τὸ
226 2139 326 2188 εὐαγγέλιον
331 2142 361 2175 τοῦ
367 2138 456 2187 Χριστοῦ,’
463 2138 524 2175 Ὕστε-
551 2141 608 2189 ρώπης
615 2139 673 2187 τέρμα.
688 2136 819 2177 Philostratus.
838 2135 886 2191 [Viti.

184 2210 216 2244 ρον
228 2194 284 2241 μέντοι
299 2195 325 2230 καὶ
339 2196 368 2241 τῆς
377 2193 450 2231 Ἰταλίας
464 2193 523 2238 ἐπέβην
551 2193 650 2244 Apollonii
663 2193 720 2243 Tyan.
733 2190 780 2246 13]
803 2191 886 2232 WOTT.

185 2251 212 2287 καὶ
230 2250 254 2288 εἰς
271 2249 302 2287 τὰς
316 2249 388 2286 Σπανίας
406 2248 484 2295 ἄφίκετο,
499 2248 525 2284 καὶ
552 2247 617 2299 Lipsio
630 2247 676 2286 haee
685 2247 775 2287 videntur
788 2247 816 2287 sia
827 2247 888 2299 expli-

185 2308 222 2343 ταῖς
231 2305 249 2341 ἐν
257 2306 281 2355 πῲ
293 2304 365 2352 πελάγει
379 2302 488 2349 διακειμέναις
497 2301 524 2349 νή-
552 2302 612 2342 canda
631 2315 671 2342 esse
693 2306 716 2341 nt
737 2302 818 2341 Paulum
838 2307 888 2342 tam·

186 2356 224 2398 σοις
246 2359 277 2406 τὴν
300 2357 385 2407 ὠφέλειαν
402 2356 522 2406 προσήνεγκεν,
552 2371 609 2409 qnam
624 2356 715 2396 Gentium
724 2357 841 2408 Apostolum
855 2357 887 2396 de-

186 2412 256 2452 Theod.
265 2412 284 2451 in
295 2412 325 2451 Ps.
332 2412 380 2451 axvi.
411 2411 437 2450 Et
447 2412 493 2458 ἡνίκα
502 2415 524 2458 τῇ
551 2412 622 2464 signari
630 2413 732 2452 credamus.
747 2413 767 2450 ¹0
774 2416 803 2461 πῆς
812 2413 888 2461 οἰκουμέ-

186 2469 249 2518 ἇφέσει
262 2469 369 2518 χρησάμενος
382 2467 407 2505 εἷς
420 2468 450 2514 τὴν
461 2467 525 2514 Ῥώμην
552 2484 581 2513 νης
590 2469 691 2507 διδάσκαλος
699 2472 728 2507 est
738 2467 759 2506 B.
778 2467 849 2506 Paulus
856 2481 885 2519 ap.

186 2525 220 2562 ὑπὸ
229 2527 259 2561 τοῦ
268 2522 336 2571 Φῆστον
346 2521 468 2571 παρεπέμφθη,
482 2522 525 2559 ἄπο·
553 2521 649 2572 Ohnysost.
661 2522 718 2561 Ham.
729 2522 750 2561 xl
762 2521 783 2561 in
797 2522 832 2574 Ep.
843 2521 887 2561 Iad

185 2580 299 2628 λογισάμενος
313 2580 335 2617 ὣς
348 2578 403 2628 aaa
415 2577 483 2626 ἀφείθη,
498 2577 525 2613 καὶ
552 2575 670 2616 οο1,1ο111,11
678 2576 888 2628 p.385‚etHom.xxiv

186 2635 217 2672 τὰς
225 2635 297 2671 Σπανίας
306 2634 396 2676 κατέλαβε,
406 2633 433 2670 καὶ
442 2632 466 2669 εἰς
476 2631 525 2679 ἔτερα
551 2632 572 2670 in
582 2631 629 2670 (len.
640 2636 685 2671 toni.
694 2632 714 2670 iv
722 2646 739 2683 p.
750 2645 787 2681 ²23
795 2632 824 2670 ed.
833 2631 879 2672 Ben.

186 2690 225 2735 ἔθνη
239 2690 312 2737 δραμών,
328 2688 357 2734 τὴν
371 2690 400 2735 τῆς
414 2687 525 2724 διδασκαλίας
580 2699 596 2724 2.
608 2690 634 2724 καὶ
644 2685 679 2740 ἐπὶ]
697 2686 767 2725 Junius
780 2686 841 2726 literis
852 2688 887 2726 mi-

185 2744 266 2792 λαμπάδα
279 2743 397 2792 προσήνεγκεν.
427 2741 489 2789 Idem,
503 2739 524 2778 in
550 2740 608 2781 nintis
613 2755 619 2790 3
629 2754 678 2793 quae
687 2745 752 2780 tamen
761 2741 781 2780 in
788 2741 846 2782 atsto
855 2743 888 2782 ad-

187 2797 260 2837 Gomm.
270 2797 291 2836 in
301 2796 324 2835 ΙΙ
333 2796 381 2836 Tim.
393 2796 413 2835 iv
425 2805 454 2847 17.
492 2794 523 2834 Sic
550 2796 588 2835 huc
598 2795 717 2835 exhibentur.

187 2852 270 2904 Gyriiius
282 2851 377 2891 Hierosol.
389 2851 465 2890 calech.
476 2849 522 2899 xvii,
578 2851 603 2890 ib.
615 2853 635 2889 τδ
649 2852 701 2901 τέρμα
714 2854 744 2899 τῆς
757 2849 829 2905 δύσεως]
847 2852 888 2891 1111-

188 2912 207 2947 et
223 2906 342 2959 Epiphanius
359 2907 416 2946 Haan
434 2905 488 2945 xxvii
503 2919 520 2957 p.
549 2906 595 2945 liam
613 2906 764 2958 interpretantur
778 2906 848 2956 Fellus,
867 2912 887 2947 et
