2017 3420
142 236 170 278 22

171 345 242 394 ἀπαθής.
253 347 296 399 Igu.
307 346 356 399 Eph.
367 356 386 398 7.
414 348 444 386 τὸν
452 348 514 397 ἀπαθῆ,

171 403 202 439 τόν
211 402 232 440 δι’
242 402 286 451 ἡμᾶς
294 404 375 451 παθητόν,
385 403 449 455 Polyc.
459 416 478 453 3.

145 456 261 497 Ἀπαίδευτος.
290 459 350 509 μωμοί,
367 460 395 497 καλ
412 459 514 497 ἀπαίδευτοι.

173 510 235 552 Olem.
247 512 255 550 Ι
266 524 298 563 59.

146 566 237 606 Ἀπαιτεῖν.
264 569 284 606 ¹0
293 570 350 618 καιρὸς
360 568 427 606 ἀπαιτεῖ
435 584 463 606 σε.
473 569 515 620 Igu.

174 621 238 674 Polyc.
249 635 268 662 α.

383 234 481 279 INDEX
496 234 669 278 VuuBORUM

541 345 635 385 Ἀπίναντι.
668 344 746 383 ἀπέναντι
754 372 759 383 ,
767 372 772 381 .
780 373 785 383 .
793 348 837 383 θεοῦ
860 345 913 394 έσμέν

568 402 669 451 ὀφθαλμῶν.
680 398 745 450 Polyc.
754 398 803 439 Phil.
814 400 834 439 6.

541 456 649 506 Ἀπέραντος.
672 454 750 493 Ὠκεανός
764 455 859 505 ἀνθρώποις
869 455 911 494 ἀπέ-

569 527 635 561 ραντοι.
645 509 707 549 (Ilum.
717 509 727 548 Ι
738 521 770 550 20.

542 567 687 616 Ἀπερίσπαστοα
706 566 831 616 ἀπερισπάστῳ
840 567 911 615 διαιυίη,

570 622 612 673 Igu.
622 619 672 672 Eph.
683 632 715 660 αα.

146 676 282 716 ’ἀπαλλάσσειν
308 677 362 717 οῦτως
378 678 468 729 ἀπηλλάγη
485 681 517 716 τοῦ
542 676 663 726 Ἀπέρχεσθαι.
692 678 727 713 Ποῖ
744 675 774 713 οῦν
789 691 815 714 τις
832 676 911 724 ἀπέλθῃ,-

173 735 246 781 κόσμου.
260 732 321 772 Οίθω.
336 733 345 771 Ι
360 742 379 781 5-
405 733 514 772 τοῦ...ἀνό-

173 803 207 835 μου
216 789 256 832 βίου
265 789 320 826 οὔτῶν
326 788 448 838 ἀπαλλαγῆναι.
456 787 515 829 Mart.

175 842 239 894 Polye.
249 855 268 892 3.

570 730 630 770 OIem.
646 732 698 769 128.
725 729 749 768 ‘H
762 731 852 781 προσευχὴ
866 733 912 780 ῦμῶν

569 787 645 834 ἀπῆλθεν
662 786 691 824 έπί
708 786 739 833 τὴν
755 787 851 834 ἐκκλησίαν.
868 787 910 839 lgn.

570 841 647 893 Smyru.
660 853 688 879 11.
712 841 742 878 ε’ἀν
750 856 776 879 τις
785 842 878 892 ἀπέρχητοι
887 842 912 881 εἷς

146 897 288 947 Ἀπολλοτριοῦν.
313 899 367 941 Ζῆλος
376 897 516 947 ἀπηλλατρίωσεν
569 898 635 945 Συρίαν.
646 895 710 947 Polyo.
718 894 768 934 Phil.
778 907 807 946 13.
821 897 845 936 εἱς
854 897 912 947 ἕτερον

173 954 247 1002 γαμετὰς
273 952 343 1001 ἀνδρῶν.
372 951 432 991 Olem.
459 953 468 991 I
495 953 514 991 6.

569 953 634 1001 χωρίον
642 951 727 989 ἀπελθεῖν,
737 949 795 990 Mart.
805 950 870 1003 Polyc.
878 959 897 1002 7.

174 1008 314 1057 ἀπαλλοτριῶσαι
338 1007 381 1055 ἡμᾶς
405 1011 436 1045 τοῦ
460 1010 516 1047 καλῶς
542 1006 626 1055 Ἀπέχειν.
654 1005 747 1054 ἀλλοτρίας
756 1006 774 1043 ἀί
782 1007 856 1055 βοτάνης
869 1007 911 1046 ἀπέ-

174 1064 291 1111 ἔχονταοι4.

147 1117 273 1166 ’.ἀπαρνεῖσθαι
303 1113 371 1156 τελείως
382 1119 433 1156 αὐτὸν
441 1118 514 1168 ἀσηρνη-

173 1187 205 1210 ται.
216 1171 258 1223 Ign.
268 1170 344 1223 Smyrn.
355 1180 374 1220 5.

145 1226 258 1276 ’ἀπαρτίζειν
286 1229 307 1265 τό
319 1228 419 1277 συγγενικόν
427 1227 478 1278 ἔργον
486 1243 514 1265 τε·

172 1282 223 1321 λείως
241 1282 351 1332 ἀπηρτίσατε.
371 1281 413 1333 Igu.
429 1281 479 1334 Eph.
499 1295 514 1320 ι.

173 1339 221 1375 αθπω
230 1337 334 1387 ἀπηρτισμαι
345 1337 363 1373 έν
372 1337 429 1385 Ἰησοῦ
438 1341 514 1389 Χριστῷ.

151 1420 152 1423 ¹
174 1393 223 1441 3.τά
237 1393 283 1441 παρὰ
292 1394 330 1442 θεῷ
342 1391 471 1441 ἀπηρτισμένου.
486 1405 514 1442 19.

148 1471 150 1474 ⁴
173 1447 183 1494 ἡ
192 1448 281 1496 προσευχὴ
292 1447 350 1495 ὑμῶν,
360 1462 406 1494 ..με
418 1448 514 1497 ἀπαρτίσει.

173 1500 247 1540 Philad.
258 1510 276 1551 5.
301 1502 342 1539 όταν
351 1503 396 1553 αὐτῷ
405 1502 514 1552 ἀπαρτίσητε.

174 1556 237 1608 Polyc.
249 1565 268 1606 7.
296 1559 326 1595 τόν
333 1555 376 1594 ἴδιον
389 1559 451 1607 κλῆρον
460 1558 514 1608 ἀπορ-

173 1612 219 1659 τίση.
229 1612 289 1650 Mau..
299 1611 363 1662 Polyc.
375 1612 393 1651 6.

145 1666 259 1716 Ἀπόρτισμα
287 1669 307 1705 τό
321 1668 340 1704 δὲ
353 1667 453 1717 εῦαγγελιον
461 1667 515 1717 ἀπόρ-

173 1723 226 1769 τισμό
240 1722 287 1759 ἐστιν
299 1722 403 1771 ἀφθαρσίας.
416 1722 460 1773 Igu.
470 1721 515 1761 Phi-

173 1776 211 1815 lad.
224 1790 240 1826 9.

146 1831 231 1881 Ἀπαρχίη.
258 1831 278 1880 ἧς
291 1832 321 1879 τὴν
334 1832 412 1881 ἀπαρχὴν
423 1828 515 1879 ε’παιίησατο

173 1889 203 1924 τὸν
217 1885 284 1935 Κύριον.
294 1885 376 1924 01611κῖ
391 1898 423 1934 24.
450 1886 513 1936 κηρῦσ-

174 1957 239 1985 σοντες,
260 1942 362 1979 καθίστανον
384 1943 415 1979 τὰς
436 1942 514 1992 ἀπαρχὰς

173 1997 276 2043 auruum.

145 2053 217 2098 Ἀπάτη.
245 2051 300 2090 Οὗτος
310 2051 366 2099 (αἰὼν)
376 2053 423 2099 λέγει
436 2052 514 2100 μοιχείαν

175 2104 450 2152 ...καὶάπάτην.(]1θ111.ΙΙό.

144 2160 265 2210 Ἀπαῦγασμα.
294 2159 313 2198 ὃς
328 2160 352 2198 ῶν
366 2159 470 2209 ἀπαῦγασμα
485 2164 515 2209 τῆς

148 2257 150 2260 ,
172 2214 294 2265 μεγαλωσύνης
303 2216 361 2253 αὐτοῦ.
372 2214 432 2253 Olem.
444 2216 452 2253 I
463 2215 494 2264 36.

144 2271 234 2309 ³Ana⁶eiu
254 2272 278 2309 είς
287 2271 307 2308 τὸ
315 2270 466 2319 πληροφορηθῆναι
475 2271 514 2308 τοῦς

171 2326 286 2364 ἀπειθοῦντας.
302 2325 343 2376 Igu.
356 2324 423 2376 Magn.
434 2325 452 2362 8.
480 2325 514 2363 ἀπὸ

171 2386 205 2418 τῶν
231 2379 345 2419 ἀπειθούντων
372 2382 423 2431 αὐτῷ.
450 2378 513 2431 Polyc.

173 2434 222 2474 Phil.
235 2448 253 2475 α.

144 2491 233 2529 Ἀπειλεῖν.
261 2492 336 2540 διωγμὸν
344 2491 433 2538 ὑπομένειν
444 2489 514 2537 ἀπειλη-

144 2571 145 2574 =
171 2561 239 2584 σαντος.
249 2544 308 2584 Mart.
319 2545 362 2597 Igu.
374 2558 392 2583 2.
417 2548 455 2595 Πῦρ
465 2545 514 2583 ἀπει-

170 2604 212 2639 λεῖς.
224 2600 282 2639 Mart.
293 2599 358 2651 Polye.
372 2613 401 2639 11.

144 2656 224 2694 Ἀπεῖναι.
243 2658 301 2706 πόρρω
310 2655 400 2703 ἀπεστινὴ
410 2654 512 2703 δικαιοσύνη.

172 2710 232 2749 Olem.
242 2710 251 2747 I
262 2722 281 2760 3.
296 2711 361 2749 ἀπόντα
372 2727 394 2757 με
402 2713 429 2749 καὶ
437 2712 513 2760 παρόντα

171 2765 275 2816 ἠγαπήσατε.
293 2766 335 2817 Igu.
353 2765 430 2817 Smyrn.
446 2777 465 2815 9.
494 2764 513 2803 ὃς

172 2822 198 2858 καὶ
212 2821 260 2858 ἀπὼν
270 2821 309 2868 ὑμῖν
322 2822 399 2871 ἔγραψεν
412 2822 512 2860 ἐπιστολάς.

172 2875 237 2926 Ροίγο.
247 2875 297 2914 Phil.
309 2888 327 2925 3.

140 2930 225 2979 Ἄπειρος.
254 2931 277 2967 TI
290 2930 340 2969 κῦτος
353 2934 382 2979 τῆς
396 2931 466 2981 ἀπείρου
481 2931 511 2968 θα-

171 2987 246 3031 λάσσης.
257 2984 317 3025 Olem.
328 2985 337 3023 l
349 2997 379 3023 20.

144 3040 270 3089 Ἀπελεῦθεμος.
312 3039 426 3091 ἀπελεύθερος
448 3042 512 3089 Ἰησοῦ.

173 3097 213 3147 Igu.
224 3094 279 3133 Rom.
291 3108 308 3143 4.

568 1062 636 1110 χεσθαι.
649 1061 691 1112 Igu.
701 1058 759 1098 TralI.
770 1061 787 1099 6.
799 1089 801 1091 >
815 1061 911 1111 ’ἀπέχεσθε

568 1120 603 1154 τῶν
620 1120 674 1153 κακῶν
696 1117 778 1160 βοτανῶν.
797 1114 871 1157 Philad.
892 1130 910 1167 3.

569 1171 685 1221 Εὐχαριστίας
702 1171 729 1207 καί
747 1173 846 1221 προσευχῆς
868 1172 909 1211 ἀπέ-

568 1241 634 1275 χονται.
654 1225 730 1276 Smyru
747 1225 764 1264 6.
793 1226 863 1276 Πρέποι
881 1228 911 1266 οῦν

569 1282 617 1319 ε’στίν
630 1280 725 1330 ἀπέχεσθαι
742 1280 875 1320 τῶντοιούτων.
890 1290 909 1333 7.

569 1337 671 1385 ἀπεχόμενοι
686 1337 744 1383 πόσης
758 1336 828 1376 ἀδικίας.
845 1335 909 1389 Polyc.

570 1390 618 1429 Phil.
631 1402 649 1429 2.
678 1392 709 1428 Διά
720 1391 759 1428 δέον
767 1391 863 1440 ἀπέχεσθαι
876 1394 910 1431 ἀπό

568 1447 636 1485 πάντων
658 1446 730 1484 τούτων.
755 1454 773 1495 5.
808 1448 910 1496 ἀπεχόμενοι

568 1502 626 1548 πόσης
641 1501 698 1551 ἀργῆς.
714 1500 732 1538 6.
759 1501 861 1550 ἀπεχόμενοι
876 1508 911 1541 τῶν

569 1557 676 1596 σκανᾶἀλων.
685 1554 711 1594 Ib.
740 1557 760 1593 οῦ
772 1557 837 1604 μακρόν
846 1558 911 1608 ἀπέχον

569 1612 603 1650 ἀπὸ
612 1613 642 1659 τῆς
650 1613 723 1650 πολεως.
733 1610 791 1650 Mart.
802 1610 865 1664 Polyc.
877 1623 894 1663 5.

542 1665 632 1715 Ϊλπεχθίης.
654 1668 719 1716 μακρόν
728 1669 766 1704 ἐστι
779 1670 814 1704 τῶν
822 1668 908 1718 ἀπεχθῶν.

570 1720 630 1761 Olem.
641 1720 717 1773 Fragm.
727 1720 752 1760 iv.

542 1776 621 1825 ’ἀπηνήςΙ
636 1779 656 1814 τὸ
665 1780 767 1825 πῦρ...τῶν
775 1777 843 1824 ἀπηνῶν
850 1781 907 1823 βασα-

569 1835 636 1870 νιστῶν.
646 1830 703 1869 ΜιινίιΙ
714 1830 777 1883 Polyc.
790 1844 808 1870 2.

540 1886 621 1925 Ἀπιένοι.
650 1887 660 1934 ἡ
674 1887 727 1936 ἡμέρα
738 1888 812 1924 ἀπεισιν.
827 1886 908 1927 Olem.I

570 1954 600 1989 24.
628 1941 686 1989 ἀπειμι
695 1942 715 1979 οῦ
724 1942 754 1979 ε’ἀν
761 1942 856 1990 βούλησθε.
867 1952 898 1993 53.

539 1997 654 2045 Ἀπίκραντος.
682 2000 752 2045 Πνεῦμα
765 1998 837 2036 ἔδωκεν.
846 2027 850 2036 .
858 1999 907 2037 ,ἀπί-

568 2066 643 2101 κραντον.
654 2050 713 2090 Olem.
726 2051 803 2102 Fragm.
813 2051 852 2092 viii.

540 2107 634 2144 Ἀπιστεῦν.
649 2107 745 2145 σκάνδαλον
754 2110 789 2145 τοῖς
797 2108 907 2147 ἀπιστοῦσιν.

568 2159 611 2211 Igu.
622 2159 673 2211 Eph.
684 2162 713 2208 18.

539 2216 625 2253 Ἀπιστία.
646 2217 705 2265 ὥσπερ
714 2216 753 2253 οὐδὲ
762 2215 772 2263 ἡ
781 2216 840 2255 πίστις
848 2218 870 2254 τά
878 2219 908 2265 τῆς

568 2270 653 2314 ἀπιστίας,
670 2271 709 2308 οῦδὲ
725 2271 735 2318 ἡ
751 2271 822 2309 ἀπιστία
840 2273 861 2309 τά
878 2274 908 2320 τῆς

567 2325 647 2364 πίστεως.
658 2325 699 2376 Igu.
710 2324 758 2376 Eph.
770 2328 788 2365 8.

537 2378 628 2418 '‘Amoros.
649 2382 665 2418 oI
674 2380 744 2419 ἀπιστοι
752 2384 783 2418 τοῦ
791 2383 857 2429 κόσμου
866 2381 906 2419 τοῦ·

569 2450 604 2471 του.
619 2435 660 2487 Igu.
675 2434 740 2487 Magn.
757 2445 775 2485 5.
803 2437 846 2476 τινές
860 2437 907 2474 ἀθεοι

568 2489 620 2533 ἀνι-ες,
643 2490 732 2528 τουτέστιν
753 2492 829 2530 ἀπιστοι.
848 2490 905 2530 Trull.

570 2556 599 2583 10.
628 2545 687 2595 ῶσπερ
696 2546 766 2584 ἀπιστοί
774 2562 818 2586 τινες
826 2548 906 2597 λέγουσι.

568 2599 644 2651 Smym.
656 2612 673 2638 2.
701 2603 726 2638 Τά
735 2602 754 2639 δὲ
763 2602 838 2650 ἀνόματα
846 2603 906 2645 αὐτῶν,

568 2655 608 2692 όντα
621 2656 690 2694 ἀπιστα.
706 2665 724 2705 5.
752 2657 828 2707 διαφορὰ
843 2657 907 2705 μεταξὺ

566 2713 600 2746 τῶν
618 2710 695 2749 ἀπίστων
713 2713 740 2750 καὶ
762 2716 796 2750 τῶν
818 2713 906 2750 ἐκλεκτῶν.

568 2763 625 2803 Mart.
636 2764 699 2817 ΡοΙγο.
712 2768 742 2805 16.

539 2819 619 2858 ’Λπλοῦα
646 2823 682 2860 τοῖς
699 2821 845 2871 προσερχομένας
861 2822 906 2874 αὐτῷ

566 2876 613 2923 ἁπλῇ
622 2876 691 2925 διανοίη.
701 2875 760 2916 (Ilum.
772 2877 781 2915 I
792 2889 823 2926 23.

539 2929 611 2968 Ἀπλῶς.
639 2932 670 2970 τάς
680 2934 778 2981 προσευχὰς
787 2931 833 2980 ἡμῶν
842 2935 906 2972 ἁπλῶς·

567 2985 662 3034 ἀναφέρειν.
671 2985 733 3025 Clem.
743 2987 764 3025 II
773 2999 789 3026 2.

539 3040 649 3085 Ἀποβαίυειν.
678 3045 706 3093 Τῷ
721 3043 740 3080 δὲ
754 3042 789 3080 κατ’
800 3044 851 3092 εὐχὴν
864 3043 905 3081 ἀπέ-

567 3098 629 3139 βαινεν.
641 3095 699 3135 Mart.
711 3096 752 3149 Igu.
764 3106 781 3146 5.
