1931 3420
301 224 447 271 EPISTOLA
464 227 495 277 ΙΙ,
507 224 543 269 xii.
724 225 767 266 255

71 356 226 402 ruostroruum
251 361 295 394 uos
314 361 371 393 uero
394 341 512 392 diemde
534 340 575 391 clia
598 349 767 407 suspectantes,

70 419 136 476 nihil
153 425 241 474 toruus
263 421 377 472 uidimus.
416 420 539 479 Amantes,
563 428 705 486 comparate
726 436 768 469 uos

16 512 18 517 ’
71 503 173 555 arbori:
193 501 280 553 sumite
297 500 388 551 uitem:
412 497 621 567 primoquidem
635 497 709 564 foliis
726 497 767 548 cle-

63 583 132 650 fluut,
143 599 243 648 parmen
250 579 374 647 posteufit
383 600 390 637 ;
398 587 487 645 postea
499 596 548 629 uua
557 578 654 637 acerba,
663 576 768 645 indeque

33 657 36 660 Δ
71 679 120 712 auu
136 669 243 711 maturo.
277 659 320 708 Itu
336 667 357 708 ct
371 658 484 724 populus
499 674 567 708 meus
582 655 729 722 spirationes
746 666 768 706 et

67 756 201 807 pressuras
212 736 282 794 tulit·
294 735 383 786 detine
395 753 452 786 cero
465 735 530 786 bonu
541 734 651 802 receptet.
672 735 768 801 Itaque,

70 818 158 868 fratres
180 816 235 875 mei,
253 808 334 866 animo
355 832 388 865 ne
408 814 557 873 vacillemus,
577 814 620 864 sed
642 818 768 882 sperantes

70 897 240 954 sustineamus,
251 901 281 944 nt
293 900 318 944 et
331 893 469 944 mercedem
485 899 642 961 reportemus.
677 892 768 943 Fidelis

71 975 136 1025 enim
148 979 191 1033 est,
203 973 246 1040 qui
262 973 385 1041 pollicitus
401 978 477 1023 estse
492 972 624 1040 unicuique
634 972 768 1022 retributu-

70 1071 125 1103 rum
148 1070 249 1120 operum
269 1052 483 1102 remunerationes.
519 1051 546 1103 si
563 1069 620 1119 ergo
640 1051 767 1102 fecerimus

4 1148 6 1152 ’
66 1131 191 1199 justitiam
202 1149 281 1181 coram
293 1132 352 1190 Deo,
363 1131 391 1180 in
402 1148 506 1198 regnum
520 1130 585 1181 illius
596 1130 766 1198 ingrediemur,

71 1215 97 1260 et
108 1209 252 1276 accipiemus
263 1210 440 1277 promissiones,
450 1226 512 1275 quus
520 1209 592 1259 ureris
603 1227 651 1260 recu
660 1208 765 1268 audiuit,
774 1220 877 1274 Bai-upa

70 1306 115 1338 racc
138 1288 220 1337 oculus
238 1287 316 1346 ulula
340 1304 450 1354 quaeque
473 1288 501 1338 in
524 1306 566 1338 eor
587 1288 694 1339 leontinis
716 1266 870 1338 noru¹⁰⁰”'¹¹⁹'

71 1365 239 1416 ascenderant.

105 1443 164 1494 XII.
183 1443 264 1511 Igitur
279 1443 306 1493 in
322 1444 394 1494 horas
410 1461 515 1511 regnum
529 1444 577 1493 Dei
592 1451 766 1511 exspectemus,

70 1523 97 1572 in
108 1522 227 1572 charitate
235 1528 261 1572 et
269 1521 374 1590 justitia,
383 1522 581 1589 quandoquidem
589 1523 637 1573 Dei
645 1523 765 1575 adventus

71 1601 136 1652 diem
146 1601 272 1652 nescimus.
306 1601 478 1669 interrogatus
490 1601 555 1651 enim
566 1619 581 1651 a
594 1602 698 1668 quodam
713 1603 765 1670 ipse

71 1787 144 1827 Russel.
161 1786 246 1827 Gallend.
267 1791 286 1827 et
302 1786 403 1834 Hefelius;
431 1787 475 1836 lina,
491 1787 558 1826 eodem
573 1800 629 1827 sensu
647 1788 709 1840 posita
727 1802 764 1840 quo

71 1841 237 1882 Schoenemannus
252 1856 297 1882 vero
311 1846 330 1882 et
344 1842 403 1881 Dres-
431 1842 507 1893 saepius
525 1843 548 1881 ab
566 1841 665 1894 Apostolo.
693 1843 735 1883 Vid.
753 1858 763 1883 2

71 1896 128 1936 selius
141 1911 180 1936 non
193 1898 244 1936 item.
432 1897 496 1936 Thess.
504 1897 519 1936 ii
527 1900 545 1946 8,
558 1910 566 1935 1
576 1897 650 1937 Timui
658 1910 688 1946 14,
697 1911 707 1936 2
715 1898 762 1938 Tim.

100 1951 402 2007 2.cuplidltsree‘uureds]W0tt0n.
431 1952 482 1995 llo,
501 1952 550 2001 ivl,
565 1955 582 2000 8,
603 1953 641 1992 Tit.
656 1952 710 2004 il13.
745 1954 764 1993 Α

70 2006 131 2046 edidit
141 2009 245 2056 συμβάλητε,
274 2007 371 2047 Constant.
383 2011 403 2046 et
431 2007 764 2059 ScriptoribusEcclesiastieisusur-

71 2060 181 2101 Schoeneia
194 2064 307 2110 συμβάλλετε.
336 2062 404 2102 Codex
430 2066 493 2113 patin,
503 2063 532 2103 uti
547 2067 566 2102 et
578 2059 677 2113 θεοφὲὶιιεια,
687 2064 710 2102 de
719 2063 764 2103 Filii

70 2121 135 2156 autem
150 2117 191 2156 MS.
205 2124 334 2155 ΣΥΜΒΑΛΕΤΕ
349 2130 404 2169 prae-
431 2117 469 2155 Dei
491 2117 627 2167 incarnatione,
645 2131 717 2158 necnon
740 2119 763 2158 de

70 2176 109 2211 stat
132 2171 168 2221 hio,
186 2172 216 2211 uti
239 2177 258 2211 et
276 2172 297 2211 in
315 2172 403 2225 Epistola
430 2172 497 2211 diebus
506 2173 564 2211 sacris
573 2186 610 2225 quo
621 2172 723 2212 Christiani
733 2187 762 2213 ce-

70 2227 143 2278 priori3
157 2226 201 2267 vide
210 2241 228 2278 p.
241 2240 277 2266 100
290 2228 302 2266 l.
314 2229 331 2267 6.
429 2227 529 2267 lebrabaut
543 2228 670 2267 Nativitatem
684 2233 703 2268 et
713 2229 762 2280 Bap-

99 2289 116 2331 7.
127 2284 241 2332 διψυχῶμεν,]
253 2282 304 2332 Quid
315 2282 340 2322 sit
350 2284 403 2333 διψυ-
429 2282 509 2322 tlsmum
518 2282 602 2322 Domini.

70 2338 100 2385 χίιι
115 2341 134 2376 et
147 2339 228 2386 διψυχεῖν
238 2337 275 2377 vid.
286 2351 343 2390 supra
355 2338 364 2389 ξ
376 2350 400 2387 23
456 2337 482 2376 ib.
498 2339 620 2387 Ἐπερωτηθεὶς
633 2340 666 2388 γὰρ
682 2355 697 2377 κ,
707 2355 722 2375 r.
732 2337 758 2392 lu]

70 2392 140 2442 prioris
149 2392 250 2444 Epistolae.
266 2393 346 2432 WOTT.
430 2391 449 2430 A
460 2391 541 2441 Salome,
550 2393 570 2430 in
580 2392 683 2444 Evangelio
695 2406 760 2432 secuu-

100 2459 129 2486 12.
140 2445 237 2501 εῖσὴξομεν]
249 2447 321 2487 Vocem
330 2448 403 2496 εἰσὴκειν
430 2447 477 2485 dum
482 2446 600 2499 Aegyptios;
615 2447 644 2485 nti
653 2447 741 2487 discimus
751 2462 761 2487 e

70 2514 109 2540 nou
127 2507 233 2554 agnoscunt
251 2502 325 2542 Lexiea.
355 2502 403 2542 For·
431 2501 535 2541 Clementis
553 2501 631 2541 alterius
649 2502 718 2541 Strom.
733 2502 759 2541 iii.

70 2568 122 2595 mam
130 2556 226 2608 geminam
238 2558 354 2610 eandemque
366 2557 402 2596 mi·
432 2558 459 2607 [9‚
469 2569 498 2607 13,
511 2570 542 2608 pp.
553 2565 591 2606 539
602 2561 621 2595 et
631 2565 669 2607 553
679 2557 707 2596 ed.
716 2556 761 2597 Pot-

70 2624 106 2650 nus
128 2612 219 2651 usitatam
241 2614 302 2662 ἀφὴξω
321 2617 402 2664 usurpat
430 2613 475 2661 ten]
492 2611 566 2650 Similia
575 2610 688 2662 Aegyptiaci
697 2612 760 2652 Evan-

48 2665 166 2714 *Clemens
185 2668 220 2718 Ep.
235 2668 242 2706 i
261 2668 270 2719 §
289 2670 319 2707 28.
346 2669 402 2716 ἀνήξω
430 2666 475 2719 gelii
485 2666 568 2705 citantur
576 2679 598 2704 ao
607 2671 728 2717 exponuntur
740 2667 761 2706 in

70 2720 176 2766 Cornelius,
194 2722 255 2774 Epist.
273 2723 298 2762 ad
314 2723 402 2766 Fabium,
430 2721 561 2760 Alexandrino
570 2720 688 2772 Presbytero.
711 2722 761 2761 Vide

70 2775 142 2816 Routh.
150 2777 191 2816 Rel.
203 2778 253 2817 Saos.
262 2778 284 2817 iii
296 2792 313 2830 p.
325 2787 348 2829 27
359 2778 372 2817 1.
383 2778 400 2816 6.
430 2776 512 2815 Oracula
525 2775 584 2826 Sibyl.
596 2775 610 2813 ii
622 2784 652 2826 70,
663 2784 694 2826 71.
723 2776 762 2817 sed

99 2844 129 2881 13.
148 2831 205 2886 [uid]
226 2832 282 2872 Hanc
299 2847 365 2873 vocem
381 2832 402 2870 in
429 2829 698 2882 etEvangeliiAegyptiorum
707 2845 760 2872 men-

69 2884 128 2926 Mser>
146 2886 248 2928 desiderari
270 2902 308 2928 non
329 2888 402 2928 indicat
428 2886 457 2925 tio
470 2886 492 2924 fit
504 2886 556 2938 apud
568 2884 762 2937 Origenern‚Hom.i

69 2939 193 2982 Golomesius.
428 2941 449 2980 in
458 2940 536 2988 Lucem,
548 2939 603 2994 [tom.
614 2940 636 2979 iii
649 2955 667 2993 p.
679 2955 703 2993 93
705 2955 716 2992 3
731 2944 760 2984 ed,

99 2998 127 3036 18.
139 3000 168 3045 τῆς
180 2995 284 3052 ἐπιφανείας]
297 2998 341 3038 Vox
350 2997 399 3036 Pau·
429 2994 485 3050 Ben]
505 2995 651 3048 Hieronymum,
661 2996 762 3039 Prooemio
