2017 3420
415 194 513 257 INDEX
527 195 705 240 VERBORUM.

205 304 245 351 πᾶν,
255 302 282 342 ἰ’νιι
291 304 318 341 καὶ
327 302 428 343 ἀναστῶσιν,
442 312 459 354 7.
484 305 547 344 ἀπάντα

206 373 227 406 με
237 359 264 396 καὶ
272 359 348 408 παρόντα
358 358 461 410 ἀγαπήσατε.
479 374 496 411 9.
521 362 547 398 καὶ

206 413 227 451 τά
233 414 289 462 δεσμά
295 429 328 461 μου
335 413 346 451 ἀ
353 413 448 465 ἠγάπησας.
457 414 520 467 Polyc.
529 428 545 455 2.

206 468 274 518 ἀγαπᾶν
283 469 313 507 τὸν
322 469 390 520 Χάρων.
401 479 418 519 5.
443 471 510 522 ἀγαπᾶν
518 473 548 511 τάς

206 523 292 571 ουμβίους
306 524 329 563 ὣς
346 528 355 563 ὁ
371 525 433 576 Χάριος
445 527 476 575 τὴν
489 527 547 573 ε’κκλη-

206 580 250 618 σίαν.
266 578 291 619 ib.
328 582 355 618 καὶ
373 580 463 630 ἀγαπῶμεν
480 581 491 618 ἀ
507 580 548 631 ἠγά-

206 650 267 681 πησεν.
283 635 346 687 Polyss.
357 633 405 674 Phil.
418 648 435 674 2.
455 637 548 686 ἀγάπωσας

206 690 270 729 πάντας
279 691 299 737 ἐξ
308 690 353 730 ἴσον.
370 704 387 739 4.
409 691 429 728 οῦ
437 692 471 741 γάρ
480 692 510 729 τάν
519 695 548 729 νῦν

206 742 298 795 ἠγάπησαν
310 747 365 784 αἶῶνα.
384 758 401 795 9.
429 746 490 795 φθασῇ
504 749 547 796 πρὸς

207 798 227 837 ὃν
236 799 324 849 ἠγάπησεν
333 799 398 850 Κύριον.
410 799 467 839 Μυαά.
476 800 518 851 Ign.
528 809 545 850 5.

206 854 246 894 τοῦς
253 855 272 892 δέ
280 857 372 905 μάρτυρας.
377 855 483 905 ..ἀγαπῶμεν
488 856 546 903 ἀξίως.

206 908 263 949 Mart.
276 910 340 961 Polye.
353 918 383 959 17.

178 963 249 1014 Ἀγάπη.
266 965 308 1032 θτὴν
321 965 388 1058 ἀγάηην
401 966 456 1058 αῦτάην
506 963 546 1034 ’ίσηη

205 1034 230 1057 πα
241 1035 249 1055 ε
262 1035 332 1058 ετωσαν.
382 1032 416 1058 em.
467 1032 498 1057 21.
529 1036 545 1058 τι

205 1035 262 1124 ἀγάπῦ
275 1075 317 1124 ἁγνὴ
331 1076 377 1124 παρὰ
389 1078 413 1126 τῷ
423 1073 544 1126 θεῷ’ἀάναται.

204 1127 229 1167 ib.
258 1128 405 1178 έγκαταλείπωμεν
419 1130 450 1177 την
465 1129 544 1179 ἀγάπην;

205 1195 237 1233 33.
261 1184 285 1220 .¹0
299 1185 344 1233 ἔχων
358 1185 424 1235 ἀγάπην
438 1185 455 1222 έν
469 1187 544 1236 Χριστῷ.

205 1250 236 1289 49.
264 1241 298 1277 Τὸν
310 1240 373 1287 δεσμὸν
388 1242 418 1287 τῆς
434 1241 499 1290 ἀγάπης
514 1243 545 1277 τοῦ

204 1296 253 1332 θεοῦ.
268 1292 294 1332 ib.
323 1295 343 1332 τὸ
359 1293 411 1344 ὕφος,
426 1295 450 1334 εἷς
464 1293 473 1331 ά
487 1295 544 1344 ἀνάγει

203 1348 285 1399 ἡᾶγάπη.
298 1348 323 1388 ib.
347 1349 419 1399 Ἀγάπη,
429 1361 454 1399 49
462 1349 542 1400 ραςςάυι.

189 1403 233 1441 ’Ἔν
247 1404 304 1455 ἀγάπη
320 1406 441 1453 προσελάβετο
455 1405 502 1454 ἡμᾶς.
516 1403 542 1443 ib.

203 1462 240 1498 πῶς
255 1459 300 1509 μέγα
315 1460 343 1497 καὶ
359 1459 457 1506 θαυμαστόν
473 1460 543 1507 εὀτινῆ

203 1513 266 1563 ἀγάπη.
282 1524 313 1563 50.
341 1512 368 1551 ἵνα
383 1515 401 1552 έν
413 1515 469 1564 ἀγάπη
484 1516 542 1563 ζῶμεν.

203 1566 229 1607 ib.
258 1570 274 1606 αἱ
286 1569 304 1606 έν
312 1569 369 1619 ἀγάπη
381 1567 501 1608 τελειωθέντες.
516 1568 541 1608 ib.

203 1624 293 1671 ἐποιοῦμεν
308 1624 326 1661 ἐν
340 1625 408 1673 ὁμονοίᾳ
424 1625 494 1675 ἀγάπης.
516 1623 541 1664 ib.

204 1679 228 1716 εἰς
245 1680 266 1716 τὸ
283 1679 366 1728 ἀφεθῆναι
383 1680 423 1728 ἡμῖν
441 1679 461 1716 δι’
478 1680 543 1728 ἀγάπης

203 1734 233 1772 τάς
249 1735 331 1783 ἁμαρτίας
347 1735 397 1782 ἡμῶν.
418 1733 442 1773 ib.
472 1736 493 1771 Οἱ
508 1736 542 1785 γὰρ

203 1789 246 1835 μετὰ
262 1790 320 1837 φόβου
334 1790 361 1826 καὶ
373 1788 439 1839 ἀγάπης
454 1792 542 1828 πολιτευό-

202 1858 255 1890 μενοι.
271 1852 302 1892 51.
336 1842 360 1881 Ὦ
378 1846 452 1893 μεγάλης
469 1845 541 1894 ἀγάπης.

205 1905 237 1946 53.
265 1899 291 1937 τίς
308 1901 481 1948 πεπληροφορημένος
499 1900 541 1948 ἀγά-

203 1965 250 2000 πης;
265 1961 297 2002 54.
326 1954 397 2001 ἐξῆλθεν
409 1954 429 1991 δι’
439 1954 505 2003 ἀγάπην
513 1958 543 2003 τῆς

204 2009 290 2057 πατρίδος.
309 2016 339 2056 55.
367 2009 542 2057 Ἐκδεχώμεθυ,..την

203 2063 296 2106 βασιλείαν
308 2066 338 2100 τοῦ
353 2067 397 2100 θεοῦ
412 2064 431 2101 ε’ν
445 2064 501 2113 ἀγάπη
515 2065 542 2101 καὶ

203 2116 305 2164 δικαιοσύνη.
321 2116 349 2156 Π.
367 2130 397 2156 12.
433 2118 442 2166 ἡ
459 2119 483 2157 εἰς
499 2121 542 2156 θεὸν

202 2172 292 2221 ἀνθρώπου
302 2173 364 2222 ἀγάπη.
380 2171 457 2224 Fragm.
466 2172 478 2211 i.
500 2174 543 2211 κατὰ

202 2225 262 2265 πίστιν
275 2228 302 2265 καὶ
317 2228 388 2278 ἀγάπην.
408 2227 453 2278 Ign.
463 2226 511 2279 Eph.
525 2241 540 2266 1.

202 2285 226 2333 τῷ
235 2283 254 2319 ε’ν
262 2282 319 2332 ἀγάπη
333 2281 421 2333 ἀδιηγήτῳ.
437 2281 463 2321 ib.
492 2283 541 2330 ε’ξεμ-

201 2338 275 2387 πλάμιον
288 2340 317 2385 τῆς
333 2337 364 2387 ἀφ’
378 2338 424 2385 ῦμάιν
437 2337 507 2386 ἀγάπης.
524 2351 541 2376 2.

201 2393 265 2431 πάντας
275 2394 317 2441 ὑμᾶς
326 2393 367 2430 κατά
377 2393 443 2442 ἀγάπην
452 2391 501 2430 εἶδον.
515 2391 541 2431 ib.

201 2447 212 2494 ἡ
227 2448 284 2497 ἀγάπη
299 2448 329 2484 οῦκ
344 2449 363 2495 ἐᾷ
380 2463 402 2495 με
420 2449 487 2485 σιωπᾶν
503 2449 542 2497 περὶ

201 2504 252 2550 ὑμῶν.
268 2515 286 2551 3.
315 2505 403 2554 συμφώνῳ
412 2503 474 2552 ἀγάπη.
489 2516 507 2549 4.
531 2503 541 2549 ἡ

201 2558 220 2594 δὲ
238 2558 294 2606 ἀγάπη
310 2559 349 2597 ὁδὸς
364 2559 374 2606 ἡ
390 2557 502 2607 ἀναφέρουσα
518 2558 542 2595 είς

201 2614 249 2650 θεάν.
266 2624 284 2661 9.
313 2614 341 2650 ἐὰν
354 2615 423 2652 τελείως
439 2614 463 2651 εἷς
474 2613 543 2659 Ἰησοῦν

200 2669 277 2717 Χριστὸν
290 2669 340 2717 ἔχητε
354 2669 384 2716 τὴν
396 2670 455 2707 πίστιν
471 2668 498 2704 καὶ
512 2668 542 2715 τὴν

200 2722 271 2771 ἀγάπην.
284 2734 314 2770 14.
342 2723 391 2761 τελας
405 2724 424 2760 δὲ
437 2723 499 2772 ἀγάπη.
514 2721 539 2760 ib.

200 2778 240 2815 οὐδὲ
255 2778 322 2827 ἀγάπην
336 2779 434 2826 κεκτημένος
447 2780 499 2826 μισεῖ.
514 2776 539 2815 ib.

200 2833 247 2880 ε’ντῇ
260 2834 312 2870 αὐτοῦ
322 2836 381 2871 πίστει
393 2835 420 2870 καί
432 2834 450 2871 ἐν
458 2836 479 2880 τῇ
489 2834 541 2870 αὐτοῦ

199 2888 264 2937 ἀγάπη.
277 2900 307 2926 20.
330 2889 377 2935 ὑμῶν
385 2890 405 2925 τὸ
415 2887 542 2926 πολυεῦτακταν

601 307 631 353 μία
649 306 703 354 ἐλπίς,
719 305 737 342 ε’ν
752 303 814 354 ἀγάπη.
838 313 855 354 7.
883 305 942 343 πίστει

601 362 628 399 καὶ
637 361 699 411 ἀγάπη.
713 371 742 410 13.
766 361 796 407 τῆς
804 359 887 408 ἡνωμένης
896 361 942 409 ὑμῶν

601 417 619 454 έν
628 418 666 467 θεῷ
678 416 776 465 προσευχῆς
788 415 815 452 καὶ
825 414 897 465 ἀγάπης.
910 427 939 463 14.

601 473 624 509 Τὸ
642 472 675 522 γάρ
694 470 806 520 ε’ξεμπλάριον
824 472 854 518 τῆς
876 467 951 520 ἀγάπης

601 527 651 574 ῦμῶν.
667 523 724 564 ΤιάΙΙ.
736 537 755 574 3.
784 525 814 562 οῦκ
827 525 867 575 ἐγώ,
878 525 940 573 ἀλλ’ἢ

601 581 657 632 ἀγάπη
666 580 723 629 Ἰησοῦ
732 582 812 629 Χριστοῦ.
826 580 844 618 6.
872 580 890 617 έν
899 580 940 630 ἀγά-

601 652 630 685 πη,
645 636 655 673 ά
671 636 718 673 ἔστιν
732 633 772 683 αἷμα
785 634 843 682 Ἰησοῦ
857 638 938 684 Χριστοῦ.

602 692 619 729 8.
648 692 667 729 ε’ν
684 691 740 740 ἀγάπη
758 689 829 728 ἀκοῦσαί
846 705 885 737 μου.
909 702 938 740 13.

601 749 631 794 τῆς
644 745 675 796 ἀφ’
688 747 733 794 ὑμῶν
745 745 814 795 ἀγάπης.
830 743 854 784 ib.
883 744 939 783 ἀσπά-

601 803 646 847 ζεται
654 803 696 849 ὑμᾶς
705 800 716 848 ἡ
725 801 781 850 ἀγάπη
790 800 891 849 Σμυρναίων.
908 812 938 849 13.

601 857 643 893 κατὰ
660 856 727 905 ἀγάπην
740 855 798 902 Ἰησοῦ
815 858 891 904 Χριστοῦ
909 858 939 893 τοῦ

557 926 558 929 ’
601 914 646 948 θεοῦ
654 911 706 959 ἡμῶν.
722 910 777 949 Rom.
788 909 847 949 Inscr.
876 925 939 960 προκα-

600 965 661 1013 θημένη
670 967 700 1013 τῆς
711 965 781 1015 ἀγάπης,
798 963 823 1004 ib.
852 968 939 1013 Φοβοῦμαι

599 1021 633 1070 γὰρ
642 1020 672 1068 τὴν
680 1021 727 1067 ὑμῶν
735 1019 807 1069 ἀγάπην.
824 1031 840 1058 1.
869 1020 887 1057 ἐν
896 1020 938 1070 ἀγά-

598 1090 623 1122 πη
638 1076 690 1125 χαράς
707 1076 797 1124 γενόμενοι.
820 1085 836 1112 2.
865 1073 876 1111 ἀ
891 1075 939 1112 ε’στιν

599 1129 656 1180 ἀγάπη
665 1130 758 1179 ἀφθορτος,
774 1137 791 1179 7.
819 1130 893 1179 Χριστὸς
902 1131 938 1168 εἰοι-

599 1183 683 1232 οκοπίησει
692 1185 719 1222 καὶ
728 1184 738 1232 ἡ
747 1185 793 1232 ὑμῶν
801 1184 862 1234 ἀγάπη.
881 1196 898 1233 9.
927 1186 937 1233 ἡ

599 1240 655 1289 ἀγάπη
664 1244 698 1278 τῶν
706 1239 804 1287 ἐκκλησιῶν.
817 1238 842 1277 ib.
871 1239 910 1276 ἀλλ’
920 1240 938 1277 ἐν

598 1295 655 1344 ἀγάπη
673 1297 718 1331 Θεοῦ
735 1296 808 1344 Πατρός.
830 1292 902 1333 Philad.
920 1306 936 1333 1.

598 1348 851 1398 έξασάευίγοητεέντῇἀγάπη.
867 1349 884 1387 6.
909 1349 938 1387 ε’ἀν

598 1405 616 1442 ἐν
624 1405 680 1454 ἀγάπη
689 1402 785 1451 πιστεῦητε.
797 1416 814 1454 9.
834 1403 937 1450 Ἀσπάζεται

597 1460 640 1507 ῦμᾶς
657 1459 667 1507 ἡ
682 1459 738 1509 ἀγάπη
753 1462 786 1496 τῶν
801 1458 887 1508 ἀδελφῶν.
905 1470 935 1498 11.

597 1518 617 1553 et
627 1513 701 1565 Smym.
715 1525 744 1551 12.
773 1515 797 1552 εἰς
810 1513 830 1551 ὃν
838 1514 937 1560 ἐλπίζουσιν

597 1570 709 1617 ...πίστεη
727 1569 790 1618 ἀγάπη.
813 1567 884 1607 Philad.
905 1581 934 1607 11.

596 1624 719 1674 πεπληρωμένη
733 1623 751 1661 ἐν
761 1625 818 1662 πίστει
832 1625 859 1661 καὶ
873 1624 934 1674 ἀγάπη.

598 1677 673 1730 Smyrn.
690 1677 750 1717 Inscr.
785 1679 900 1728 ἡδρασμένους
918 1679 936 1716 ἐν

596 1734 657 1783 ἀγάπη.
671 1746 688 1772 1.
715 1736 735 1771 τὸ
749 1733 782 1784 γάρ
799 1733 841 1770 άλον
855 1734 893 1771 ἐστὶ
907 1734 935 1772 πί·

596 1804 634 1827 στις
648 1788 676 1827 καὶ
689 1789 751 1839 ἀγάπη.
767 1789 786 1826 6.
814 1789 857 1838 Περὶ
870 1788 936 1838 ἀγάπης

596 1845 616 1881 οῦ
625 1842 674 1892 μέλει
683 1845 745 1883 αὐτοῖς.
755 1841 781 1881 ib.
801 1846 840 1880 οίίτε
848 1843 935 1889 βαπτίζειν

597 1901 636 1936 οὔτε
651 1899 717 1949 ἀγάπην
732 1901 790 1937 ποιεῖν.
808 1899 825 1937 8.
854 1898 935 1947 ἑῦμᾶσθιιι

596 1955 654 1992 πίστει
663 1956 690 1991 καὶ
699 1954 759 2003 ἀγάπη.
773 1965 801 2002 13.
822 1954 889 1990 πάντων
897 1953 934 1990 ἀνέ-

596 2024 629 2056 χου
637 2009 656 2046 ε’ν
664 2009 726 2059 ἀγάπη.
737 2007 801 2060 Polyo.
814 2021 830 2046 1.
858 2008 868 2056 η
878 2008 934 2057 ἀγάπη
1003 2019 1005 2023 “

596 2064 619 2102 ὡς
628 2064 673 2112 δόρυ.
685 2063 702 2101 6.
731 2064 777 2111 ὑμῶν
785 2063 816 2110 τὴν
823 2062 883 2100 ἀοκνον
891 2063 932 2112 ἀγά-

596 2133 635 2165 πην.
651 2128 669 2167 7.
697 2118 719 2155 τὰ
727 2116 812 2166 μιμήματα
823 2120 853 2165 τῆς
861 2118 934 2165 ἀληθοῦς
994 2131 995 2134 ’

596 2172 665 2222 ἀγάπης.
678 2172 740 2223 Polyo.
752 2171 799 2211 Phil.
813 2184 829 2210 1.
850 2172 934 2222 προαγού-

596 2243 628 2275 οης
643 2230 673 2276 τῆς
686 2228 755 2278 ἀγάπης.
772 2241 788 2277 3.
817 2229 875 2277 ὁγὰρ
889 2228 934 2277 ἔχων

595 2282 666 2332 ἀγάπην.
680 2281 706 2321 ib.
733 2283 780 2331 ε’ντη
793 2283 863 2330 δοθείση
876 2283 934 2321 αῦταῖς

628 2338 689 2387 ἀγάπη.
705 2350 722 2386 4.
751 2340 781 2385 τῆς
794 2337 846 2376 άντως
859 2339 883 2376 εἷς
891 2343 932 2387 Χρι-

597 2393 639 2429 στὸν
660 2393 726 2442 ἀγάπης
748 2394 863 2442 ἐφαψάμενος.
888 2391 931 2443 Igu.

595 2446 652 2487 Mart.
665 2459 681 2485 1.
709 2450 794 2495 τελείατη
806 2449 849 2497 πρός
861 2463 883 2485 σε
891 2448 933 2497 ἀγά-

595 2518 623 2549 πη.
638 2514 654 2540 2.
682 2503 712 2551 τὴν
720 2504 763 2553 πρὸς
776 2506 852 2552 Χριστὸν
860 2503 931 2552 ἀγάπην.

596 2570 614 2604 4.
641 2558 671 2605 τὴν
686 2558 703 2595 ἐν
719 2559 775 2609 ἐκείνῳ
793 2560 817 2608 τῷ
835 2559 882 2608 τάπερ
900 2561 933 2595 τῶν

596 2612 676 2662 ἀδελφῶν
684 2612 754 2662 ἀγάπην.
769 2621 786 2661 5.
815 2612 845 2659 τὴν
853 2612 933 2660 ἀληθινὴν

595 2667 664 2716 ἀγάπην.
676 2668 693 2705 6.
722 2669 764 2717 ὑπὲρ
774 2670 803 2715 τῆς
812 2671 845 2704 τῶν
851 2668 933 2716 ἀδελφῶν

595 2722 619 2761 εἰς
634 2722 719 2770 ἀλλήλους
733 2723 803 2773 ἀγάπης.
817 2721 843 2760 ib.
875 2723 932 2771 ἀγάπη

578 2784 580 2787 ’
594 2776 628 2814 ἀπὸ
644 2781 701 2816 Θεοῦ.
716 2807 720 2815 .
736 2777 857 2824 ,πληθυνθείη
872 2776 931 2816 Mam

595 2830 658 2882 Polyc.
674 2831 733 2872 Inscr.
762 2833 828 2882 ἀγάπης
841 2832 875 2882 γάρ
891 2832 932 2879 ἀλη-

595 2886 635 2924 ἀοῦς
643 2889 670 2924 καὶ
678 2889 750 2932 βεβαίας
758 2888 811 2925 ἐστίν.
824 2899 839 2924 1.

200 2945 230 2989 τῆς
245 2944 287 2980 κατὰ
302 2944 345 2980 Θεὸν
359 2943 428 2993 ἀγάπης,
444 2942 509 2994 Magn.
523 2955 538 2980 1.
567 2942 666 2991 Ἀγαπητάς.
690 2943 777 2992 ἀγαπητοί.
792 2940 930 2991 (Hem-197,

200 2998 276 3035 πίστεώς
288 3014 307 3034 τε
320 2999 347 3035 καὶ
356 2998 426 3047 ἀγάπης,
450 2997 475 3036 ib.
491 3001 508 3036 οἱ
521 2998 540 3035 δὲ

200 3052 259 3089 πιστοὶ
266 3053 284 3090 έν
290 3053 346 3102 ἀγάπη
355 3055 452 3103 χαρακτῆρα
459 3057 510 3093 θεοῦ.
521 3062 538 3102 5.

597 3009 627 3041 12,
641 3009 672 3046 ας,
686 3009 711 3046 24
720 2997 754 3046 bis,
769 3006 793 3047 35
804 2996 837 3045 bis,
853 2997 884 3046 36,
899 3009 931 3045 43,

595 3064 626 3102 ιι.
644 3062 670 3101 50
685 3051 718 3101 bis,
736 3062 767 3103 53.
785 3053 809 3102 5⁶
825 3051 858 3091 ἀεὶ
887 3051 931 3103 Igu.
