2061 3403
322 729 470 845 Inoni
506 781 775 847 nnrrrornr

259 963 668 1012 FABRICIO-HARLESIANO'
681 967 835 1011 AUcrloa.

371 1237 389 1280 I.
406 1237 578 1281 CLEMENTIS
594 1238 725 1282 ROMANI.

198 1344 261 1401 1633,
274 1344 353 1397 Oronti,
363 1359 384 1400 4.

282 1415 397 1458 Clementis
410 1415 502 1459 Romani
513 1415 619 1472 Epistolas
633 1416 691 1473 typis
706 1416 787 1472 primns
801 1417 896 1460 omnium

254 1484 408 1542 consignandas
436 1484 518 1530 curavit
546 1486 663 1529 Plrmorns
692 1485 772 1530 Jnrms
800 1487 896 1545 (lestap),

254 1552 452 1607 Scato-Britannus,
462 1554 552 1611 Collegii
565 1554 623 1598 Novi
638 1555 690 1598 olim
701 1555 834 1612 Capellanus‚
844 1561 896 1601 tune

253 1637 301 1666 vero
311 1624 412 1680 temporis
422 1623 564 1668 Bibliothecae
575 1623 654 1681 Regiae
665 1624 762 1677 Curator,
773 1624 807 1668 cui
817 1626 896 1670 scilicet

253 1692 384 1736 concreditus
400 1695 432 1736 est
448 1693 520 1737 Codex
536 1692 699 1746 Alexandrinus,
716 1708 779 1750 quem
795 1710 813 1737 a.
832 1696 895 1749 1628,

252 1777 290 1818 per
301 1762 404 1806 Thomam
418 1763 471 1816 Roe,
485 1762 577 1821 equitem
591 1766 696 1815 auratum,
712 1763 768 1819 apud
780 1763 896 1808 Turonium

254 1831 405 1888 Imperatorem
417 1831 508 1889 Angliae
524 1831 589 1888 Regis
604 1832 707 1889 legatum,
719 1831 775 1875 dono
789 1832 817 1875 ad
831 1833 895 1876 Carc-

253 1900 298 1943 lum
308 1899 321 1942 Ι
333 1899 451 1943 transmisit
466 1900 558 1958 Cyrillus
574 1900 668 1954 Lucanis,
683 1900 777 1957 primum
792 1900 815 1943 in
829 1902 894 1945 Alex-

253 1969 333 2022 andria,
351 1973 424 2026 postea
439 1970 463 2012 in
480 1969 663 2026 Constantinopoli
682 1969 787 2013 Ecclesiae
803 1970 895 2014 Graecae

165 2074 166 2077 ,
252 2038 380 2081 Patriarcha.

281 2108 315 2150 Ex
325 2107 365 2151 boo
375 2108 451 2151 Codice
460 2108 603 2152 vetustissimo
614 2108 694 2151 Graeca
704 2107 819 2152 Clementis
829 2108 895 2152 literis

253 2177 360 2234 quadratis
375 2177 510 2221 exscribenda
526 2193 570 2221 esse
585 2177 653 2235 primo
666 2177 797 2235 judicaverat
810 2177 893 2220 Junius.

252 2247 328 2290 Postea
337 2261 387 2290 vero
401 2246 492 2304 priorem
505 2246 623 2303 Epistolam
638 2245 705 2290 edidit
719 2246 791 2289 addita
801 2246 894 2290 versione

251 2316 337 2369 Latina,
351 2317 449 2372 notisque
464 2316 599 2359 illustratam.
630 2315 727 2373 Syllabas
745 2319 767 2359 et
781 2330 843 2359 voces
858 2316 893 2359 de-

250 2386 350 2443 perditas,
364 2389 387 2429 et
401 2384 472 2428 literas
482 2388 588 2429 vetustate
603 2400 682 2438 exesas,
693 2384 767 2441 spatiis
781 2385 893 2428 accuratis-

250 2455 310 2509 sime,
323 2459 348 2498 ut
363 2456 453 2512 ipsemet
468 2454 492 2497 in
504 2454 636 2498 Praefatione
652 2454 770 2511 profitetur,
785 2454 892 2509 dimensis,

250 2525 363 2584 supplevit,
374 2529 397 2568 et
406 2523 472 2567 minio
482 2523 545 2566 rubro
555 2523 650 2580 signatas
663 2523 807 2579 expressisse
819 2539 832 2577 a
845 2539 892 2581 ger-

249 2611 312 2640 mano
322 2593 439 2638 Clementis
451 2596 513 2636 textu
523 2592 619 2649 dignosci
628 2596 719 2649 possent.

276 2664 312 2708 Ad
327 2663 406 2707 calcem
422 2662 471 2705 libri
487 2661 576 2718 subjecit
587 2661 695 2718 Epistolae
709 2662 829 2718 posterioris
844 2662 891 2707 reli-

248 2734 307 2794 quias
325 2733 405 2776 Graece
422 2734 516 2792 tantum,
532 2745 600 2788 neque
617 2730 673 2774 notis
693 2730 808 2775 illustratas
824 2747 891 2790 neque

247 2803 421 2862 interpretatione
432 2801 533 2853 donatas;
546 2800 605 2843 nulla
615 2815 664 2843 cura
673 2799 700 2844 ad
710 2799 832 2845 lacunarum
841 2817 890 2859 sup-

247 2874 354 2930 plementa
363 2871 515 2929 distinguenda
524 2869 625 2913 adhibita.

193 2944 254 3002 1637,
265 2943 346 2987 Iterata
355 2946 388 2987 est
398 2943 449 2986 haee
459 2940 530 2985 editio.
