2017 3420
154 216 188 260 ‘68

187 330 217 377 τὴν
226 329 269 367 ἰδίαν
278 329 357 378 ἐπεθύμει
370 329 449 379 γενέσθαι
458 327 526 367 τελείω-

188 399 223 423 σιν.
238 383 297 423 Μυνὶ.
308 384 350 436 Igu.
360 384 378 421 6.
397 384 427 421 τδν
434 383 478 421 ’ίδιον
486 386 527 431 κλῆ-

187 454 218 487 ρον
242 439 334 489 ἀπαρτίσῃ.
351 437 410 478 Μαΐὶ.
428 437 493 488 Polyc.
509 439 527 476 6.

188 493 260 531 εὐνοίας,
269 524 272 531 .
284 493 352 532 ,εἰςτδν
358 491 400 531 ίδιον
406 494 487 537 βασιλέα.
496 500 526 542 17.

188 548 218 585 τόν
227 548 299 598 ε’κλατγάς
309 551 389 586 ποιοῦντα
398 548 431 585 ἀπὸ
440 552 473 585 τῶν
483 547 529 584 ἰδίων

188 601 260 640 δούλων.
278 614 309 639 20.

162 655 241 704 ’ἰδιότης
279 658 345 704 ἰδιώτης
372 657 465 706 τυγχάνων,
485 655 540 707 ΙΨ

189 710 290 763 Fragmi.

162 764 237 814 Ἱδρύειν.
266 765 299 803 ἀπὸ
316 768 347 802 τοῦ
367 764 455 814 ἱδρυμένου
472 765 529 803 αὐτοῖς

189 821 248 858 τόπου.
264 818 325 858 olem.
335 820 344 857 1
354 830 386 866 44.

163 874 225 923 Ἱδρώς.
268 875 370 920 σταζόμενον
397 872 427 921 ὑφ’
454 873 528 922 ἱδρῶτος.

190 927 300 979 Marfflgn.
311 934 330 976 7.

162 981 265 1031 Ἱερατεύειν,
286 980 348 1028 ταύτην
359 980 455 1018 ἔκλε’λεκται
468 983 477 1017 ό
487 982 530 1019 θεός

189 1037 213 1075 εἰς
221 1037 241 1073 πδ
251 1034 346 1084 ἱερατεύειν.
362 1033 422 1073 Olem.
433 1034 444 1072 I
454 1047 486 1084 43.

162 1089 228 1139 Ἱερεύς.
259 1092 280 1128 Οἱ
295 1089 325 1126 αόν
338 1091 388 1138 ἱερεῖς
402 1089 530 1128 ε’πισκέπτονται

188 1145 218 1183 τὰς
227 1144 334 1193 ἀναγραφάς.
350 1141 409 1182 Olem.
420 1142 431 1181 I
442 1151 473 1192 25.
498 1142 529 1189 Ἐξ

189 1199 284 1248 αὒτῶνγάρ
294 1199 348 1247 ἱερεῖς.
360 1210 392 1247 32.
411 1200 447 1236 τοῖς
456 1201 530 1247 ἱερεῦσιν

188 1251 230 1292 ἱδιος
245 1255 254 1289 ό
268 1255 326 1291 τόπος,
342 1264 374 1299 40.
402 1253 456 1289 Καλοὶ
472 1253 499 1289 καί
513 1253 529 1289 οἱ

190 1308 243 1356 ἱερεῖς.
258 1306 301 1358 Igu.
313 1305 386 1344 Philad.
398 1319 416 1355 9.

161 1362 218 1410 Ἰερός.
238 1364 275 1400 ταῖς
284 1363 336 1409 ἱεραῖς
344 1361 371 1398 καί
382 1361 457 1409 ἀμώμοις
468 1362 529 1409 χερσὶν

188 1417 270 1453 ἔπλασεν.
289 1413 350 1453 Olem.
365 1414 375 1453 l
390 1426 421 1464 33.
455 1416 473 1452 ἐν
493 1417 530 1453 ταῖς

189 1471 240 1518 ἱεραῖς
248 1470 324 1515 βίβλοις.
340 1480 372 1518 43.
395 1468 490 1507 ἐπίστασθε
499 1470 528 1507 τὰς

190 1525 234 1573 ἱερὰς
243 1524 318 1573 γραφάς.
334 1532 365 1572 53.

161 1578 257 1628 Ἱερυσύνη.
280 1577 331 1625 ζήλου
341 1578 445 1625 ἐμπεσόντος
453 1578 492 1627 περὶ
500 1580 530 1626 τῆς

189 1631 286 1682 ἱερωσύνης.
302 1630 362 1670 Olem.
372 1632 382 1669 Ι
393 1643 426 1680 43.

161 1687 229 1725 Ἱκανός.
248 1688 277 1725 Τίς
290 1687 344 1725 ἱκανδς
354 1686 371 1724 ἒν
381 1688 422 1734 αὐτῇ
432 1686 529 1737 εὑρεθῆναι,-

190 1739 250 1779 Olem.
262 1741 314 1789 150.

162 1795 252 1833 Ἰκετεόειν
272 1793 372 1833 ἱκετεύοντες
384 1795 435 1832 αὐτόν
444 1794 493 1833 ἱλὲως
501 1810 529 1845 γε·

190 1850 254 1888 νέσθαι.
267 1848 326 1888 Olem.
335 1849 344 1887 I
354 1861 370 1887 2.
395 1850 423 1887 ε’πὶ
431 1852 466 1888 τοῖς
475 1852 529 1897 ἁμαρ.

190 1903 262 1951 τίημασιν
271 1905 326 1941 αὐτῶν
338 1904 439 1949 ἐξιλάσαντο
448 1905 477 1941 τόν
487 1905 530 1940 θεὸν

191 1956 310 1995 ἱκετεύσαντες.
326 1965 344 2006 7.
381 1956 482 2005 κλαύσωμεν
497 1960 529 1995 ἱκε-

190 2011 266 2050 τεύοντες
275 2012 331 2049 αὐτόν.
347 2012 377 2058 48.

162 2065 230 2113 Ἱκέτης.
253 2065 303 2103 ἱκέται
312 2066 398 2114 γενόμενοι
407 2068 436 2102 τοῦ
446 2065 527 2103 ἐλέους...

191 2121 248 2157 αὐτοῦ.
264 2119 323 2158 Glem.
335 2119 344 2156 I
355 2131 372 2167 9.

163 2174 225 2222 Ἰκμάς
248 2174 267 2211 εἰ(
275 2175 305 2221 τῆς
318 2174 386 2220 ἰκμάδος
394 2176 425 2210 τοῦ
434 2175 528 2220 τετελευτη-

190 2230 239 2268 κότος
249 2228 297 2279 ζῷου.
313 2226 435 2275 Olem.125.

160 2283 225 2322 Ἷλεως.
249 2282 296 2321 ὅπως
308 2281 360 2320 ἵλεως
372 2283 461 2331 γενόμενος
472 2282 529 2319 ἐπικει-

190 2340 267 2386 παλλαγῂ
277 2337 321 2385 ἡμῖν.
336 2334 396 2375 Olem.
407 2335 418 2374 I
429 2337 459 2384 48.

162 2392 224 2430 Ἰλέως.
248 2390 348 2430 ἱκετεύοντες
362 2392 413 2429 αὐτὸν
424 2391 473 2428 ἱλέως
484 2390 531 2440 γενέ-

191 2447 237 2484 σθαι.
253 2444 313 2484 Glem.
324 2445 335 2483 Ι
346 2457 363 2483 2.

163 2500 241 2547 Ἱμάτιον.
266 2500 369 2549 ἀποθέμενος
382 2502 435 2550 ἑαυτῷ
447 2500 501 2537 πάντα
510 2499 531 2536 τὰ

191 2556 253 2602 ἱμάτια.
268 2553 326 2593 Mam
337 2553 402 2605 Polyc.
413 2566 443 2603 13.

163 2609 286 2646 Ἰνδάλλεσθαι.
307 2610 349 2656 μηδὲ
359 2608 465 2646 ἰνδαλλέσθω
474 2607 484 2654 ἡ
494 2605 530 2656 ψύ-

190 2679 212 2712 χη
222 2664 274 2711 ἡμῶν.
289 2661 350 2701 Olem.
361 2662 372 2700 Ι
383 2675 414 2712 23.

162 2716 264 2764 Ἰουδαΐζειν.
295 2717 372 2756 ’Άτοπόν
390 2719 438 2755 ἐστιν
455 2716 531 2765 Χριστόν

189 2772 257 2819 Ἰησοῦν
265 2774 330 2816 λαλεῖν,
337 2773 364 2809 καὶ
370 2769 472 2817 Ἰουδαΐζειν.
486 2769 529 2821 Ign.

190 2825 255 2877 Magn.
266 2838 295 2863 10.

162 2881 248 2919 Ἰουδαῖος.
274 2880 307 2918 εἰτε
324 2881 341 2918 ἐν
354 2880 446 2929 Ἰουδαίοις,
462 2878 496 2917 είτε
512 2880 530 2916 ἔν

190 2935 261 2972 ἔθνεσιν.
278 2935 320 2985 Igu.
336 2933 411 2985 Smyrn.
425 2947 440 2973 1.
478 2934 530 2971 ἐθνῶν

171 3010 173 3012 v
190 3004 209 3025 τε
224 2989 251 3026 καὶ
263 2988 349 3026 Ἰουδαίων
361 2993 395 3026 τῶν
409 2989 439 3036 τὴν
454 2988 530 3037 Σμύρναν

190 3043 315 3081 κατοικούντων.
340 3042 396 3082 Mart.
417 3042 480 3094 Polyc.
499 3055 528 3080 12.

397 213 495 262 INDEX
510 213 682 258 VERBORUM

578 316 657 377 ’μάλιστα
675 328 761 366 Ἰουδαίων
779 327 877 379 προθύμως.
893 339 922 377 13.

583 385 716 430 ὑποβαλλόντων
728 383 755 420 καὶ
768 383 882 431 ε’νισχυόντεον
891 386 925 419 τῶν

583 437 673 476 Ἰουδαίων.
690 444 720 486 17.
748 436 779 485 τὴν
792 441 826 475 τῶν
838 436 925 475 Ἰουδαίων

582 492 671 542 γενομένην
680 491 790 542 φιλονεικίαν.
804 493 834 530 18.

555 546 665 596 Ἰουδαὶσμός.
687 546 728 584 κατὰ
740 547 807 596 [νόμον]
817 545 925 593 Ἰουδαὶαμδν

573 602 641 650 ζῶμεν.
658 601 699 653 Igu.
715 599 781 651 Magn.
797 602 814 639 8.
854 599 875 635 ‘O
891 600 925 649 γὰρ

583 655 715 706 Χριστιανισμδς
733 657 763 692 οὐκ
778 655 802 694 εἰς
817 654 925 701 Ἰουδαίαμδν

582 710 689 754 ἐπίστευσεν,
701 709 748 747 ἀλλὰ
756 709 887 756 Ἰουδαῖσμός...
893 720 923 746 10.

582 764 624 802 Ἐὰν
639 764 658 802 δέ
671 779 697 803 τις
710 764 817 812 ’Ῑουδαὶσμδν
835 761 923 812 ἑρμηνεύη.

583 818 656 858 Philad.
672 819 690 857 6.
722 818 733 866 δ
750 820 797 868 παρὰ
815 816 924 867 ἀκροβύστου

582 872 693 921 Ἰουδαϊσμόν.
708 871 733 911 ib.

552 926 628 966 Ἱππεύς.
647 929 735 977 διαγμῐται
747 928 774 965 καὶ
787 929 849 966 ἱππεῖς.
865 925 923 965 Mart.

583 981 646 1033 Polye.
658 989 675 1030 7.

551 1035 606 1074 Ἰσυς.
626 1036 656 1083 τὴν
665 1036 731 1085 ἀγάπην
739 1034 863 1082 αὐτῶν...ίσην
871 1049 923 1084 παρε·

582 1090 667 1138 χέτωσαν.
677 1088 741 1139 Olem.
753 1088 764 1126 Ι
776 1102 806 1128 21.
830 1090 925 1138 ἀγαπῶσαι

583 1145 646 1183 πάντας
654 1144 674 1191 ἐξ
682 1143 728 1182 Ιἱσου.
744 1143 809 1194 Polyc.
820 1142 869 1181 Phil.
880 1155 898 1190 4.

556 1198 634 1237 Ἰστάναι.
671 1200 690 1236 οὐ
708 1199 730 1236 τὰ
747 1199 815 1236 ἑστῶτα
833 1196 924 1247 στηρίζειν.

584 1251 643 1291 Ulem.
654 1252 674 1291 ΙΙ
685 1264 701 1291 2.
738 1253 765 1290 καὶ
783 1254 803 1290 τὸ
821 1253 849 1290 ε’πί
867 1253 925 1289 ποδῶν

583 1307 606 1355 μὴ
622 1308 695 1345 ἑστάναι.
712 1305 790 1357 Fragm.
801 1305 840 1345 viii.
874 1306 925 1353 Στῆθι
993 1316 995 1318 ·

580 1362 653 1411 1ἑδραῖος.
668 1361 710 1413 Ign.
721 1360 760 1400 Pol.
771 1374 788 1410 3.
818 1362 860 1398 κατὰ
869 1362 924 1409 πρόσ-

584 1432 630 1454 ωπον
638 1416 680 1463 ἔστη
689 1418 777 1465 Τραϊανοῦ.
788 1413 847 1454 Mart.
853 1413 897 1465 1g11.
906 1427 923 1452 2.

569 1467 571 1469 ¹
583 1471 652 1508 σταθεὶς
660 1469 775 1519 προσηύξατο.
788 1468 847 1508 Μανδ.
858 1468 923 1519 Polyc.

556 1551 557 1554 κ
584 1531 601 1573 7.
629 1525 680 1573 μηνὸς
694 1525 776 1562 Ξανθικοῦ
790 1524 861 1573 δευτέρᾳ
875 1526 923 1561 ἱστα-

582 1578 640 1626 μένου.
656 1590 686 1617 21.

555 1632 635 1683 Ἱστορία,
654 1633 743 1682 ἔγγραφον
756 1633 795 1681 περὶ
809 1633 862 1670 αὐτοῦ
876 1633 924 1669 ἱστα-

582 1688 626 1737 ρίαν,
641 1685 699 1725 Olem.
711 1686 787 1736 Fl'agm.
798 1685 818 1724 ii.

556 1741 635 1790 ’ἰσχύειν
652 1744 669 1778 τί
678 1738 827 1789 ταπεινοφροσύνη
833 1740 880 1790 παρὰ
887 1743 925 1791 θεῷ

583 1795 645 1845 ἰσχύει.
661 1794 722 1834 Olem.
734 1795 744 1833 I
755 1807 786 1833 21.
824 1796 866 1832 κατὰ
881 1796 924 1833 πόν-

583 1866 617 1888 των
629 1851 662 1900 γὰρ
676 1850 707 1887 οὐκ
720 1848 800 1898 ἰ’σχυσεν.
815 1848 874 1887 Marsi.
887 1848 924 1887 Po-

583 1903 620 1954 lyc.
630 1916 649 1953 3.
672 1903 735 1952 ’Ίοχυε
744 1904 771 1941 καὶ
781 1904 864 1952 ἀνδρὶζου.
881 1916 899 1953 9.

556 1959 640 2008 ’Ῑοχυρός
675 1959 695 1995 Ὁ
714 1959 787 2007 ἰσχυρός
804 1958 827 2006 μὴ
839 1960 889 1997 ...ὁ
906 1958 925 1995 δὲ

584 2013 656 2059 ἀσθενὴς
678 2013 771 2061 ε’ντρεπέτω
794 2013 825 2049 τόν
846 2013 924 2061 ἰσχυρόν.

585 2066 708 2116 0111111138.

557 2120 622 2169 Ἰσχύς.
647 2121 666 2167 ἐξ
675 2123 715 2167 όλης
724 2120 786 2169 ἰσχύος
794 2120 847 2168 ἡμῶν.
863 2118 923 2158 Clam.

585 2174 596 2212 I
607 2188 642 2225 33.
665 2175 710 2222 ἢτίς
722 2175 774 2224 ἰσχὺς
785 2178 866 2224 γηγενοῦς
871 2190 877 2217 ,·
892 2186 923 2224 39.

585 2231 606 2266 Εἰ
621 2230 654 2279 γὰρ
671 2229 707 2267 ἔνδς
725 2231 752 2267 καὶ
770 2228 850 2277 δευτέρου
867 2244 925 2278 προσ-

585 2284 626 2331 ευχὴ
644 2281 729 2330 τοσαύτην
750 2283 802 2332 ἰσχύν
820 2284 861 2331 ἔχει.
883 2282 923 2334 [gn.

584 2336 633 2388 Eph.
645 2345 662 2385 5.

553 2391 616 2440 Ἴχνας.
645 2392 665 2428 οἱ
679 2392 745 2443 γε’νοιτό
760 2408 789 2439 μοι
804 2392 837 2430 δπδ
851 2392 873 2429 τὰ
886 2390 925 2441 ’ίχνη

585 2447 676 2496 εὑρεθῆναι,
696 2447 738 2498 Ign.
756 2446 806 2498 Eph.
821 2457 850 2484 12.
889 2447 924 2484 κατ’

584 2499 631 2548 ’ίχνος
639 2531 655 2538 ..
666 2505 709 2539 .τοῦ
727 2502 827 2540 ἀποστόλου
845 2500 923 2538 Παύλου.

584 2553 641 2594 Μυῖἱ.
652 2553 695 2607 Igu.
704 2564 721 2604 5.
747 2556 767 2593 οὗ
775 2557 852 2606 γένοιτο,
861 2584 865 2594 ,
874 2556 925 2603 ,πρὸς

584 2610 606 2645 τὰ
614 2608 652 2658 ίχνη
661 2611 748 2660 εὑρεθῆναι
756 2610 804 2659 ἡμᾶς.
819 2609 878 2647 ΜυΓδ.
889 2608 925 2648 Ρο-

584 2662 619 2713 Ιχο.
630 2675 659 2702 22.

558 2718 650 2767 Καθαιρεὶν.
679 2719 801 2766 καιθαιροῦνται
816 2721 833 2756 αἱ
848 2718 925 2765 δυνάμεις

584 2775 614 2809 τοῦ
629 2777 700 2812 Σατανᾶ.
714 2773 757 2825 Igu.
773 2771 824 2824 Eph.
837 2785 867 2821 13.
905 2772 925 2808 ό1

584 2841 632 2874 γνυια
645 2829 738 2878 καθῃρεῖτο.
751 2838 781 2877 19.
809 2829 852 2875 μετὰ
869 2841 924 2864 σπου-

583 2880 612 2928 δῆς
630 2882 714 2932 καθῄρουν
731 2883 789 2920 αὐτόν.
810 2881 869 2920 Mart.
887 2880 923 2919 Po·

583 2932 618 2984 Ιγυ,
630 2936 647 2974 8.
894 2981 895 2984 Ἴ

557 2989 664 3039 Καθαιρέτης.
687 2993 697 3028 ὁ
706 2995 740 3028 τῶν
749 2991 834 3040 ἡμετέρων
842 2991 886 3028 θεῶν
895 3005 924 3027 κα·

584 3043 667 3093 θαιρέτης,
681 3045 740 3084 Mart.
752 3044 815 3096 Polyc.
824 3057 855 3083 12.
