1919 3395
185 284 209 327 vi
447 281 619 325 MONITUM.
646 348 648 351 Ι

187 419 237 468 qua
263 399 373 450 laborant
399 400 485 450 Patres
509 396 646 465 Apostolioi
670 396 789 464 Codicum
811 414 887 447 manu

187 486 333 553 scriptorum
345 484 453 552 penuria,
465 488 552 550 utpote
565 499 670 548 quorum
687 499 738 531 non
750 481 798 532 nisi
815 481 887 532 unico

189 569 324 621 Clementis
339 569 378 620 uti
393 569 472 627 liceat,
484 573 510 617 et
526 566 619 634 Ignatii
635 585 700 616 nunc
716 567 816 617 demum
826 566 887 616 duo-

180 656 241 715 bus,
253 672 356 722 quorum
373 653 435 703 alter
453 652 503 702 fere
520 650 626 701 alterum
641 650 731 712 reddit,
746 650 818 702 officii
833 668 886 700 esse

188 740 249 791 duxi
268 739 341 789 libros
358 739 493 805 impressos,
509 740 630 803 quotquot
648 742 714 796 sunt,
734 737 766 787 ad
785 753 886 786 menum

189 824 283 882 habere,
304 829 330 872 et
348 822 455 872 maxima
474 838 524 888 qua
545 821 617 888 potui
640 839 698 871 cura
720 821 801 871 denuo
824 838 887 870 oom-

188 925 277 975 parare.

220 1058 399 1109 Adnotationes
420 1075 504 1108 eorum
517 1056 566 1123 'qui
583 1056 649 1106 hisce
667 1056 789 1106 Ecclesiae
803 1055 887 1122 primi-

187 1145 253 1194 tivae
264 1143 374 1209 reliquiis
385 1142 577 1210 interpretandis
590 1160 687 1209 operam
698 1148 756 1192 ante
766 1160 805 1191 me
814 1140 887 1191 dede-

187 1234 253 1287 runt,
265 1227 324 1277 alias
342 1228 448 1277 intactas
464 1226 560 1294 reliqui,
572 1226 632 1276 alias
645 1227 672 1276 in
685 1226 784 1277 brevius
795 1225 886 1293 redegi,

187 1311 305 1379 quasdam
318 1312 460 1362 emendatas
471 1317 497 1361 et
507 1317 592 1361 auctas
609 1310 779 1361 adscribendas
796 1311 886 1369 curavi,

186 1415 263 1448 novas
274 1396 379 1463 denique
390 1397 442 1463 ipse
453 1397 557 1446 subinde
568 1396 651 1462 adjeci.

221 1549 252 1598 Iu
260 1548 411 1600 Clementem
420 1549 518 1598 notulas
527 1549 646 1616 quasdam
655 1548 792 1608 Sanoroftii,
800 1548 886 1598 Archi-

187 1630 294 1697 episcopi
310 1630 368 1680 olim
384 1631 575 1690 Oantuariensis
593 1632 678 1681 inveni
698 1650 711 1681 e
725 1631 886 1682 Reverendis-

187 1714 243 1763 simi
261 1714 339 1781 patris
358 1714 420 1765 iibro
443 1716 469 1764 in
488 1714 634 1765 bibliotheca
654 1706 715 1765 Ooss'j
733 1714 885 1765 Emmanuel.

188 1798 288 1850 Cantab.
307 1797 440 1865 descriptas
458 1799 484 1847 in
501 1800 636 1866 marginem
653 1799 759 1867 exempli
773 1799 887 1849 editionis

187 1879 289 1929 alterius
304 1878 426 1929 Feliianae
446 1880 554 1929 nuncin
574 1879 637 1930 Bibt
656 1879 790 1930 Bodleiano
806 1880 887 1930 adser-

187 1964 246 2013 vati.
266 1962 312 2029 (8⁰.
325 1962 471 2013 Rawlinson.
484 1962 550 2030 441.)
573 1962 648 2013 Mfflii
659 1963 887 2022 animadversiones,

188 2064 292 2113 quarum
303 2051 399 2112 partem
410 2052 508 2096 tantum
519 2047 618 2097 dederat
629 2047 765 2106 Russelius,
777 2047 887 2115 integras

188 2129 357 2197 suppeditavit
371 2129 484 2180 editionis
495 2131 513 2181 J
513 2131 618 2181 unianae
635 2131 765 2198 exemplar.
802 2130 886 2198 (Auot.

108 2237 109 2241 ¹
189 2214 214 2265 S.
230 2232 249 2264 2.
264 2213 312 2280 12.)

223 2367 254 2416 Iu
282 2366 481 2416 adnotationibus
514 2367 546 2416 ad
574 2367 702 2434 Ignatium
734 2367 888 2434 reperientur

188 2451 287 2501 notulae
316 2450 436 2518 quaedam
464 2451 604 2501 Marklandi
626 2451 746 2501 hactenus
773 2451 887 2511 ineditae,

188 2554 292 2604 quarum
321 2552 416 2585 summa
444 2534 596 2602 benignitate
618 2535 713 2602 copiam
741 2535 802 2584 mihi
830 2535 888 2585 fecit

188 2622 227 2671 vir
238 2619 382 2671 venerabilis
400 2619 523 2669 Martinus
535 2619 553 2669 J
554 2620 658 2687 osephus
673 2619 764 2679 Routh‚
783 2620 806 2672 S.
820 2621 846 2670 Τ.
859 2621 887 2670 P.

189 2706 292 2772 collegii
310 2705 337 2755 B.
350 2705 444 2756 Mariae
456 2703 617 2770 Magdalenae
628 2705 734 2755 Praeses.
770 2704 889 2754 Animad-

188 2790 309 2839 versiones
330 2789 417 2857 Toupii
437 2786 567 2838 nonnullas
590 2788 788 2841 subministravit
807 2807 888 2838 exem·
907 2785 911 2791 ’

188 2873 257 2940 plum
285 2874 399 2924 editionis
428 2872 578 2924 Smithianae
606 2873 632 2922 in
656 2874 717 2926 Bibl.
748 2873 887 2925 Bodleiana.

191 2957 233 3024 (4⁰.
246 2957 391 3009 Rawlinson.
408 2958 470 3027 158.)
