2061 3403
188 184 231 227 106
432 183 454 226 S.
470 182 642 227 cuuMuNuls
686 187 688 190 ’

186 297 338 354 πεντακόσια·
366 298 491 369 γενόμενόν
510 323 535 354 τε
557 298 602 367 ἤδη
623 296 684 368 πρὸς
704 296 825 352 ἀπόλυσιν
842 302 885 350 τοῦ

167 379 169 381 ’
188 387 313 441 ἀποθανεῖν
334 384 400 451 αύτό,
421 385 496 454 σηκδυ
514 386 589 458 ἑαυτῷ
606 388 669 439 ποιεῖ
684 384 709 437 ἐκ
727 380 829 447 λιβάνου
846 383 885 436 καὶ

188 471 305 543 σμύρνης,
319 474 358 526 καὶ
375 477 424 526 τῶν
439 476 531 527 λοιπῶν
546 468 683 542 ἀρωμάτων,
695 472 727 528 εἷς
746 468 883 548 δνπληρω-

187 558 267 616 θέντος
286 563 329 612 τοῦ
349 556 437 630 χρόνον
456 559 591 630 εἰσέρχεται,
611 557 650 610 καὶ
672 558 777 628 τελευτᾷ·
803 578 882 623 σηπο-

187 644 259 713 μένης
280 642 305 697 δὲ
326 647 368 712 τῆς
387 644 478 715 σαρκὸς
497 642 601 715 σκώληξ
621 666 657 700 τις
676 648 791 712 γεννᾶται,
812 641 838 701 δς
858 644 905 701 ε’κ5

187 734 230 799 τῆς
244 728 342 798 ἰκμάδος
358 736 400 786 τοῦ
415 729 605 799 τετελευτηκότος
622 727 682 803 ζῴου
696 728 884 802 ἀνατρεφόμενος

186 822 320 891 πτεροφυεῖ·
340 815 389 872 εἶτα
407 824 513 887 γενναῖος
532 816 654 887 γενόμενος
670 816 728 887 α’ίρει
746 815 789 870 τὸν
807 814 884 885 σηκόν

186 905 278 969 ἐκεῖνον,
294 903 354 959 όπου
371 903 401 959 τά
421 906 483 958 όστᾶ
502 910 544 958 τοῦ
564 902 737 975 προγεγονότος
752 903 826 970 έστιν,
845 904 884 956 καὶ

186 996 262 1044 ταῦτα
273 988 411 1059 βαστάζων,
425 989 521 1044 διανεύει
538 989 586 1045 ἀπὸ
602 993 645 1057 τῆς
656 990 786 1061 Ἀραβικῆς
804 990 884 1061 χώρας

187 1077 230 1134 ἕως
247 1079 289 1143 τῆς
309 1076 439 1146 Αἰγύπτου,
459 1079 490 1133 εἰς
510 1074 554 1143 τὴν
571 1076 701 1145 λεγομένην
712 1074 881 1131 Ἡλιούπολιν·
894 1098 918 1124 10
967 1086 976 1097 ⁶

187 1164 226 1216 καὶ
237 1161 332 1231 ἡμέρας,
346 1160 486 1225 βλεπόντων
498 1160 602 1229 πάντων,
615 1161 721 1229 ε’πιπτάς,
735 1164 772 1217 ἐπὶ
787 1163 830 1217 τόν
842 1167 884 1217 τοῦ

186 1249 256 1315 ἡλίου
274 1247 359 1315 βωμόν
379 1248 474 1315 τίθησιν
492 1246 560 1311 αὑτά,
581 1249 620 1302 καὶ
639 1250 713 1307 οὕτως
727 1252 759 1307 εἰς
776 1249 883 1304 τούπίσω

186 1337 291 1407 ἀφορμᾷ.
321 1336 354 1387 Οἱ
366 1333 408 1387 οὖν
420 1336 485 1403 ἱερεῖς
497 1333 676 1388 ἐπισκέπτωνται
688 1334 731 1392 τάς
743 1334 884 1408 ἀναγραφὰς

185 1426 233 1474 τῶν
247 1419 349 1492 χρόνων,
369 1420 408 1473 καὶ
426 1420 577 1489 εὑρίσκουσιν
594 1418 666 1474 αὐτόν
680 1427 884 1476 πεντακοσιοστοῦ

184 1507 250 1565 έτους
268 1504 455 1576 πεπληρωμένου
473 1505 622 1573 ἐληλυθέναι.
894 1534 917 1573 15

68 1612 164 1664 aasume-
223 1590 280 1650 KG'.
303 1592 376 1661 Μέγα
388 1593 426 1645 καὶ
442 1590 583 1660 θαυμαστὸν
595 1593 636 1646 οὖν
651 1593 773 1663 νομίζωμεν
784 1593 850 1661 εἶναι,
865 1598 884 1647 εἰ

75 1659 175 1753 ἀδίδίόίιιε
186 1683 198 1734 ό
211 1676 352 1749 δημιουργός
368 1682 416 1732 τῶν
428 1678 540 1732 ἁπάντων
552 1678 688 1733 ἀνάστασιν
700 1679 823 1749 ποιήσεται
834 1686 883 1736 τῶν

21 1790 23 1794 ·
75 1745 157 1823 {figula-
187 1767 260 1823 ὁσίως
279 1766 343 1837 αύτῷ
368 1763 548 1818 δουλευσάντων
572 1766 597 1819 έν
618 1767 757 1835 πεποιθήσει
781 1768 884 1825 πίστεως

187 1855 286 1922 ἀγαθῆς,
301 1851 360 1906 ὅπου
375 1852 414 1904 καὶ
430 1851 457 1903 δι’
471 1850 552 1921 ὀρνέου
565 1854 682 1906 δείκνυσιν
694 1852 789 1921 ἡμῖντὸ
807 1877 881 1924 μεγα-

156 2064 157 2068 ,
185 2021 298 2070 ἀριθμητικῆς.
326 2018 352 2057 Is.
362 2016 442 2057 Vossius
456 2017 480 2056 de
491 2016 520 2058 Si·
577 2032 593 2058 Ι.
605 2019 690 2058 ἀπόλυσιν
705 2023 735 2058 τοῦ
749 2021 838 2059 ἀποθανεῖν
854 2022 883 2058 ού-

185 2074 263 2126 bylliuis
273 2073 282 2124 ξ
293 2081 311 2122 5,
320 2086 339 2124 p.
350 2085 382 2122 31,
393 2072 454 2111 Oxou.
464 2073 520 2121 1680,
547 2074 575 2122 τό]
591 2073 666 2113 Beisius
683 2074 786 2127 legendum
802 2074 882 2115 arbitra-

185 2129 267 2168 affirmat
285 2127 386 2179 Aegyptiis
405 2131 425 2165 ei
442 2126 521 2166 Judaeis
547 2131 580 2167 tur
593 2131 635 2179 πρὸς
647 2130 737 2174 ἀπόλυσιν,
747 2132 774 2168 καὶ
788 2133 845 2180 καιρὸν
853 2134 883 2169 τοῦ

184 2184 294 2236 symbolum
312 2182 378 2234 Magni
396 2180 448 2219 Anni
463 2181 520 2220 fuisse
547 2184 635 2221 ἀποθανεῖν
648 2185 832 2236 ἀνανδροτάτοις
845 2186 883 2234 ἐξή-

184 2239 300 2279 Phoenieem
314 2251 375 2281 avem,
390 2240 448 2288 atque
462 2235 520 2276 sabel·
547 2254 597 2287 γησις
610 2237 635 2277 sii
645 2239 719 2290 prioris.
748 2240 837 2280 Davisius
845 2241 884 2280 tria

184 2295 223 2334 lam
237 2298 300 2334 iotam
318 2290 447 2344 excogitatam
463 2291 521 2330 fuisse
547 2293 605 2331 verba
611 2298 708 2344 postrema
714 2294 834 2347 glossematis
841 2295 883 2335 loco

183 2350 208 2389 ad
218 2347 355 2401 designandam
364 2349 423 2385 αἰῶνος
433 2358 466 2385 seu
479 2345 521 2385 aevi
547 2346 609 2396 habet,
627 2352 647 2387 et
661 2363 754 2401 reponere
768 2350 825 2402 jubet
840 2353 884 2401 πρὸς

184 2405 309 2444 duuaiionem.
337 2402 394 2441 Idem
407 2400 463 2440 doceis
476 2400 519 2440 Ger.
547 2402 761 2455 ἀπύλυσιν,σηκδνὲουτῷ
769 2409 818 2444 ποιεῖ.

184 2460 214 2499 Je.
230 2459 310 2499 Vossius
326 2458 350 2497 de
368 2455 423 2508 Orig.
439 2459 459 2494 ee
474 2455 520 2494 Pro·
575 2458 592 2495 6.
607 2456 752 2511 τετελευτηκότος]
774 2458 820 2499 eod.
839 2458 882 2500 MS.

183 2528 250 2567 gressu
263 2513 331 2553 Idolel.
345 2512 368 2551 Π
379 2510 433 2555 xlvii,
448 2510 468 2549 iu
481 2509 521 2549 Ad·
547 2517 725 2552 ΤΕΛΕΥΓΗΚΟΤΟΣ,

184 2570 251 2609 dendis
263 2569 287 2608 ad
299 2582 317 2620 p.
329 2569 374 2618 566,
387 2579 416 2615 14.
446 2565 477 2604 De
485 2565 521 2603 hae
575 2573 592 2615 7.
602 2565 684 2620 γενναῖος]
699 2567 784 2614 Veledae,
794 2582 832 2622 quo
840 2582 883 2609 seu-

183 2625 257 2664 uatione
271 2623 383 2675 explicandi,
395 2635 406 2660 a
418 2620 519 2663 Iarehero,
547 2632 570 2659 su
578 2619 700 2660 hanevoeem
708 2628 800 2674 usurpant
809 2624 883 2677 Sopho-

183 2680 286 2719 Μὲιηοόνις
303 2679 326 2718 de
340 2677 441 2725 ίἸαςηίαί,
456 2674 520 2716 alasse
547 2674 590 2723 eles,
606 2673 638 2727 Aj.
657 2679 702 2726 938,
719 2677 747 2716 ed.
763 2678 846 2720 Bruuek.
862 2685 883 2721 ei

184 2734 291 2774 d'He'stoe‘re
300 2740 317 2773 et
326 2734 348 2772 de
356 2733 476 2772 [νίνίὲταιανα
485 2743 520 2769 aa·
547 2729 659 2782 Xenophon,
669 2731 720 2771 Hise.
732 2732 764 2772 Gr.
775 2734 794 2773 V
802 2735 823 2776 iv
833 2743 863 2785 17.

184 2790 254 2840 αιὀααα,
264 2789 323 2828 Teme
336 2788 350 2837 i,
363 2801 395 2840 pp,
408 2787 519 2836 166-307,
575 2797 592 2835 9.
612 2784 689 2840 διανεύει]
714 2786 802 2839 Clericus,
824 2803 882 2843 quem

184 2844 242 2884 Paris
255 2845 312 2893 1815,
328 2842 442 2895 improbata,
453 2841 520 2882 viden·
547 2843 652 2892 sequuntur
666 2841 727 2883 Hefel,
739 2848 758 2883 ei
769 2843 881 2896 Dresseiius,

183 2900 219 2938 dus
226 2898 303 2939 omniuo
310 2898 455 2942 estOreuzerus,
462 2897 518 2948 δγτη-
546 2895 612 2935 mullei
629 2896 695 2947 διανῦει,
713 2898 725 2938 i.
745 2912 760 2938 e.
779 2914 819 2940 ααο
833 2914 881 2953 ,υτο-

183 2954 304 3004 holilai438
314 2967 340 3006 sq.
546 2963 612 3001 ηκουσα
628 2950 700 3002 firm,
718 2961 769 2994 τουτο
790 2956 842 2996 eolat
858 2957 882 2996 ιἰι
