1958 3490
317 225 360 268 AD
376 221 570 274 CORINTHIOS,
585 221 627 264 xvi.
795 217 824 262 63

123 311 289 402 muteseuute
276 337 454 407 etela'sperolut
445 336 599 388 tDouae'uus
616 335 735 386 uniuersa
754 334 824 385 latta

124 426 214 481 dolosa,
235 429 255 471 et
274 420 391 484 liaguuua
410 416 615 482 magniloquum
633 413 677 480 qul
697 412 823 472 eliserunt,
833 423 934 466 Paula-6,

123 505 248 568 Linguam
267 506 380 548 uestrum
400 493 593 561 mugraa'fieemus,
611 491 680 543 lubia
699 500 788 542 austra
808 509 825 541 u

123 579 192 631 uobis
213 585 275 635 suerat,
299 574 357 641 quis
380 583 462 624 auster
485 571 601 622 domiuus
624 572 682 622 est?
711 571 825 636 Propter

122 655 251 708 miserium
271 652 384 719 inopum,
406 660 427 701 at
447 649 566 717 gemitum
585 666 739 717 puerperam,
757 666 824 698 aurae

123 727 260 799 exsurgam,
286 730 351 781 elicit
373 729 507 789 Dominus,
526 747 623 796 porrum
651 728 679 779 lu
707 727 823 787 salutari,

115 810 273 879 fiducialiter
290 827 368 875 ομοοο
385 808 414 859 ela
431 826 464 859 ον.

155 889 224 940 XVI.
242 887 358 940 Christus
379 886 445 937 enim
465 903 549 936 earum
569 890 613 944 est,
633 885 677 952 qui
696 884 824 935 humiliter

121 968 152 1018 de
174 986 200 1017 se
222 966 341 1025 sentiunt,
363 983 415 1015 non
438 964 481 1031 qui
504 982 559 1014 aum
581 963 648 1013 fastu
671 981 747 1030 supra
770 963 824 1031 ejus

119 1130 143 1169 ia
151 1143 176 1169 eo
191 1128 238 1169 (laet
230 1133 281 1169 erae
286 1142 385 1169 versrones
391 1141 457 1168 omnes
485 1126 539 1166 ‘rius
549 1125 599 1167 erit'
594 1129 623 1166 mi
624 1140 644 1166 er
614 1125 745 1166 thomines
758 1139 823 1178 aspec-

119 1198 159 1224 non
167 1188 271 1237 agnoscunt
283 1186 425 1241 παρρησιάσομαι
439 1186 457 1222 ἐν
485 1185 530 1222 ‘tus
539 1182 585 1234 ejus,
595 1195 633 1221 non
646 1195 685 1234 quo
699 1180 799 1221 formae'
784 1195 823 1245 sig-

119 1241 168 1291 αὐτῶ.
192 1238 287 1278 WOTT.
311 1237 372 1291 Apud
395 1237 455 1278 (llam.
485 1235 735 1286 ‘nifieetfoedrtaem,sed
749 1236 823 1289 quoin

109 1292 175 1332 ¹Aleu
186 1293 361 1346 legimusuumplg
484 1291 606 1332 ‘humilitate
619 1291 693 1332 venerit
706 1296 727 1332 et
740 1305 822 1344 pauper-

146 1348 191 1387 rb.
182 1364 200 1386 εν
203 1327 261 1403 auru]
279 1348 329 1388 Se,
320 1365 339 1387 εν
347 1365 372 1400 τῳ
385 1351 455 1400 πτωχῷ.
484 1346 633 1387 ‘tate....de
644 1360 681 1399 quo
695 1350 714 1386 et
725 1346 821 1396 Clemens,

119 1401 224 1455 Singularis
241 1402 340 1443 collective
359 1416 395 1455 pra
413 1402 455 1454 plu·
484 1401 663 1454 ‘uirApostolieus
677 1401 712 1454 qui
725 1406 770 1454 post
785 1402 821 1441 Pe-

118 1457 159 1497 rali.
169 1457 313 1498 HEFELIUS.
484 1459 551 1496 ‘trum
564 1457 671 1496 Romanam
687 1457 740 1497 rexit
755 1456 821 1496 Eccle-

147 1526 164 1563 9.
174 1516 197 1550 Τὸ
211 1516 296 1562 σκῆπτρον
308 1515 339 1561 τῆς
353 1512 455 1562 μεγαλωσύ-
482 1512 550 1557 ‘siam
565 1511 631 1551 scribit
649 1511 673 1550 ad
692 1511 819 1551 Corinthios:

118 1582 146 1614 νης
156 1584 171 1605 κ.
178 1583 193 1606 τ.
201 1564 227 1621 lt]
242 1567 328 1619 Respicit
338 1567 363 1606 ad
373 1566 402 1606 Ps.
413 1566 455 1605 xliv
482 1569 487 1589 ‘
497 1566 598 1619 Saeptrum
607 1566 649 1615 Dei,
659 1566 756 1606 Dominus
762 1566 776 1605 J
777 1579 821 1606 esus

119 1622 137 1671 6,
147 1622 211 1671 ῥάβδος
224 1622 314 1670 εὐθύτητος
324 1623 334 1671 ἡ
348 1622 414 1672 ῥάβδος
425 1624 455 1668 τῆς
481 1624 487 1643 ‘
497 1620 590 1671 Christus,
599 1634 638 1660 nan
646 1621 732 1661 venitin
743 1622 820 1674 jaetan-

117 1678 207 1720 βασιλείας
221 1693 259 1725 σου,
272 1690 329 1729 quem
342 1677 406 1715 locum
420 1676 453 1714 atl-
482 1676 524 1716 ‘tia
531 1676 635 1727 superbiae,
641 1690 701 1728 quum
710 1676 772 1728 possit
779 1690 820 1716 om-

118 1730 171 1770 ducit
188 1730 264 1770 Author
280 1732 305 1771 ad
320 1731 371 1770 Heb.
382 1731 389 1769 i
400 1733 417 1779 8,
430 1730 455 1769 ad
483 1730 535 1781 ‘nia
544 1731 578 1771 sed
591 1731 612 1769 in
622 1731 744 1771 humilitate?
759 1731 819 1783 [Opp.

118 1784 191 1825 divinas
214 1784 286 1825 Christi
309 1785 455 1838 praerogativas
482 1790 528 1825 tom.
548 1786 568 1825 iv
585 1799 604 1838 p.
622 1787 659 1825 612
679 1786 708 1825 ed.
729 1784 822 1841 vallars]

118 1839 266 1890 stabiliendum,
283 1854 322 1893 quo
336 1839 396 1880 etiam
409 1853 454 1892 pro·
482 1840 565 1880 Videtur
578 1840 638 1893 igitur
651 1840 720 1893 legisse
734 1844 822 1891 Σκῆπτρον

117 1894 162 1943 lato,
172 1895 267 1935 concludit
281 1895 372 1934 lustinus
384 1895 411 1934 M.
422 1895 455 1934 ad·
482 1899 513 1934 τοῦ
531 1899 575 1934 θεοῦ
594 1894 672 1950 (omisso
689 1899 720 1944 τῆς
743 1899 821 1947 μεγαλω-

117 1962 182 1988 versus
192 1950 313 2002 Tryphonem
323 1951 350 1988 ὅτι
361 1950 389 1988 rui
399 1966 455 1998 προσ·
483 1951 543 2000 uiuus)
562 1954 571 1988 ὁ
586 1950 647 2001 Κύριος
662 1951 730 2000 Ἰησοῦς
746 1953 822 2001 Χριστὸς

117 2007 186 2052 κννητός
201 2006 243 2054 ἐστι,
260 2007 285 2044 καὶ
304 2008 352 2049 θεός,
370 2007 397 2042 καὶ
412 2011 454 2055 Χρν-
484 2006 545 2055 (omis.
554 2006 600 2054 ἡμῶν
609 2010 652 2057 post
662 2006 730 2056 Κύριος,
741 2009 761 2046 et
769 2007 820 2045 lecto

117 2062 164 2098 στός.
180 2056 198 2113 [ξ
214 2060 244 2110 63,
258 2074 276 2112 p.
291 2061 330 2099 160
347 2059 376 2099 ed.
395 2057 452 2114 Bell]
482 2062 548 2109 Ἰησοῦς
562 2064 636 2111 Χριστός
648 2074 683 2113 pro
698 2063 774 2110 Χριστὸς
787 2062 820 2109 Ἰη-

117 2113 143 2153 Et
153 2114 230 2166 quidem
239 2128 261 2154 eo
270 2114 345 2154 felicius
355 2114 380 2153 ad
389 2118 455 2154 retun-
483 2115 532 2169 νοῦς)
549 2117 579 2153 οὐκ
595 2116 645 2162 ἦλθεν
661 2117 678 2154 ἐν
692 2118 752 2168 κόμπῳ
767 2118 820 2166 ὑπερ-

116 2168 455 2222 dendamJudaeorumpertinaeiam
481 2172 554 2220 ηφονίας
572 2169 633 2224 (umis.
657 2172 761 2217 ἀλαζονείας,
780 2173 821 2209 οὐδὲ

116 2223 217 2264 adducitur·
230 2224 261 2264 hie
274 2228 347 2275 textus,
359 2225 455 2277 siquidem
481 2229 525 2277 post
541 2227 558 2263 ἐν
574 2223 640 2278 κόμπῳ)
657 2228 684 2264 καὶ
699 2229 756 2264 πάντα
771 2228 820 2264 δυνά-

116 2278 141 2317 ad
153 2279 242 2319 Messium
257 2280 356 2332 pertinere
369 2280 401 2319 vel
417 2279 454 2332 ipsi
481 2297 531 2329 μενος
549 2279 615 2334 (vertit
631 2280 682 2320 enim
698 2294 744 2320 οομο
758 2281 821 2332 pouit

116 2333 200 2373 fatentur
212 2335 300 2383 Rabbini,
310 2335 351 2375 scil,
362 2334 453 2386 Tagum,
481 2333 556 2387 amala)
566 2337 611 2373 ἀλλὰ
620 2338 762 2386 ταοεινοφρονῶν.
781 2335 821 2376 Hie

117 2388 265 2439 Kimehi,Abe11
279 2390 336 2440 Ezra,
348 2394 368 2429 et
383 2390 453 2430 Salem.
482 2404 532 2430 unus
545 2390 597 2429 loeus
610 2389 691 2430 sufficiat
699 2391 725 2430 ad
734 2390 820 2430 refutan-

115 2442 186 2483 Jarehi.
224 2445 280 2485 Oerte
304 2445 394 2485 Christus
416 2445 456 2485 Dei
482 2445 528 2484 dam
546 2444 610 2485 Phutii
630 2445 763 2497 objectionem,
779 2445 820 2484 Ὅτι

115 2506 213 2550 sceptrum,
225 2500 277 2552 quod
290 2500 390 2552 potentiae
403 2513 454 2552 sym-
481 2501 570 2551 Ἀρχιερέα
585 2502 610 2538 καὶ
625 2503 724 2550 προστάτην
739 2502 769 2538 τὸν
784 2500 819 2538 Kt—

115 2553 186 2604 bolum,
193 2555 298 2595 rectissime
308 2555 386 2604 dicitur,
397 2555 455 2606 slqul-
482 2571 518 2606 ριον
533 2557 579 2604 ἡμῶν
593 2556 658 2603 Ἰησοῦν
672 2557 749 2605 Χριστὸν
761 2557 819 2603 ἐξονο-

115 2608 393 2661 dempereumomltiasaclu
401 2617 453 2660 swul,
481 2613 542 2660 μάζιον,
561 2612 600 2648 οὐδὲ
617 2612 647 2649 τὰς
669 2611 770 2660 θεοπρεπεῖς
791 2612 819 2648 καὶ

115 2664 276 2716 quaefaelusultl.
285 2665 379 2706 S.J0ha11.
387 2665 394 2704 i
403 2678 420 2713 2,
428 2669 453 2714 el,
481 2665 588 2716 ὑψηλοτέρας
601 2665 656 2714 ἀφῆκε
667 2666 707 2715 περὶ
719 2666 771 2702 αὐτοῦ
780 2667 818 2714 φὼ-

114 2722 138 2758 ut
146 2719 174 2759 ait
182 2719 258 2760 Arithor
267 2721 292 2760 ad
301 2720 409 2769 Hebraeos,
414 2722 454 2760 τοὺς
481 2737 515 2760 ναο.
544 2719 595 2760 Satis
604 2719 655 2758 enim
666 2722 733 2770 aperte
746 2718 783 2758 hoe
797 2719 818 2759 in

115 2776 174 2825 αἰῶνας
189 2777 272 2824 ἐποίησεν.
288 2775 364 2815 FELL.
399 2775 454 2814 Haec
480 2776 522 2814 loeo
531 2773 655 2826 distinguitur
663 2773 819 2825 interduplieem

114 2828 198 2878 citantur
213 2843 224 2869 a
240 2831 261 2870 B.
277 2830 405 2882 Hieronymo,
420 2830 453 2883 qui
482 2829 553 2870 Ohristi
560 2828 687 2870 conditionem
695 2833 817 2879 etnaturam,

114 2883 135 2923 in
144 2886 286 2926 commentariis
293 2885 334 2926 suis
340 2886 361 2924 in
369 2885 453 2935 Esaiam,
481 2898 562 2937 quarum
574 2884 653 2924 alteram
664 2897 725 2936 quum
738 2898 750 2923 a
760 2884 818 2925 Patre

114 2952 154 2992 cap.
162 2939 196 2990 liii,
206 2940 229 2979 de
238 2941 307 2980 humili
317 2939 400 2980 Messiae
409 2953 454 2979 eon·
481 2939 577 2988 derivarit,
593 2942 613 2978 et
628 2938 648 2984 in
663 2952 685 2978 ea
699 2952 746 2979 eum
760 2939 818 2981 Patre

114 2994 187 3036 ditione
200 2995 246 3036 haec
259 2996 318 3037 habet
333 2996 454 3048 ...ungit
481 2993 631 3045 communicarit,
649 2993 721 3035 dieitur
740 2997 760 3034 τὸ
776 3000 818 3045 σκῆ-
