2061 3403
185 158 214 203 οι
383 215 385 219 ,
430 158 452 201 s,
468 155 640 201 υουΜυΝοῑε

186 272 337 332 συνελεύσεις
349 273 428 329 αὐτῶν
443 277 468 329 ἐν
487 274 565 346 εἰρήνῃ
584 275 623 328 καὶ
640 272 738 344 ὁμονοίᾳ
751 277 881 327 ποιοῦνται;

186 363 270 414 Ταῦτα
281 359 360 415 πάντα
373 362 386 415 ὃ
403 361 477 432 με’γας
493 359 634 432 δημιουργὸς
646 361 685 413 καί
702 356 819 426 δεσπότης
829 361 884 412 τῶν

187 445 298 501 ἁπάντων
318 448 343 501 ἐν
362 446 441 520 εἰρήνῃ
463 450 502 503 καὶ
528 447 624 519 ὁμονοίᾳ
647 444 797 517 προσέταξεν
816 442 882 510 εἰναι,

186 532 312 603 εὐεργετῶν
333 533 364 587 τοὶ
384 533 470 601 πάντα,
486 537 690 606 ὑπερεκπερισσῶς
708 530 732 584 δὲ
750 532 811 599 ἡμᾶς
830 529 884 587 τοὺς

186 617 400 692 προσπεφευγότος
418 626 468 679 τοῖς
487 625 612 692 οἰκτιρμοίς
628 618 707 685 αὐτοῦ,
720 617 758 672 διὰ
776 624 818 673 τοῦ
832 621 905 678 liv-5

186 706 238 776 ρίου
250 706 317 773 ἡμῶν
329 707 413 775 Ἰησοῦ
431 712 550 779 Χριστοῦ,
562 705 581 780 ᾧ
594 707 608 775 ἡ
622 704 682 776 δόξα
694 707 731 760 καὶ
744 705 759 772 ἡ
771 711 885 773 μεγαλω-’

187 791 250 860 σιίνη
263 795 294 850 εἰς
306 791 362 851 τοιίς
374 797 461 852 αἰῶνας
473 800 522 849 τῶν
533 793 632 848 αἰώνων.
670 791 756 860 Ἀμήν.

75 886 168 920 ADeibo-
226 875 289 934 KA'.
303 880 401 950 Ὁρᾶτε,
412 881 540 949 ἀγαπητοί,
553 878 586 947 μὴ
598 882 623 933 αἱ
633 877 763 949 εὐεργεσία
775 877 848 932 αὐτοῦ
860 879 884 930 αἰ

75 932 129 964 nitate
137 933 154 963 et

75 975 168 1018 omniprae-
186 966 279 1019 πολλοὶ
291 964 404 1034 γε’νωνται
417 970 449 1023 εἰς
464 967 536 1036 κρίμα
551 970 627 1020 πᾶσιν
638 965 700 1033 ἡμῖν,
712 963 753 1018 ἐὰν
765 963 798 1032 μὴ
811 962 885 1034 ἀξίως

75 1022 134 1061 sentia,

75 1064 154 1141 iiiiii?
187 1052 260 1105 αὐτοῦ
277 1050 453 1120 πολιτευόμενοι
472 1051 503 1106 τὰ
521 1049 585 1106 καλὰ
602 1053 640 1105 καὶ
657 1049 772 1122 εὐοίρεστα
785 1049 884 1105 ε’νῶπιον
895 1071 920 1098 10

110 1133 115 1149 ι

75 1152 179 1204 γοηνοίΰοίν
186 1138 259 1191 αὐτοῦ
266 1141 371 1204 ποιῶμεν
378 1139 428 1204 μεθ’
438 1138 555 1206 ὁμονοίας,
567 1137 638 1206 Λέγει
646 1136 694 1208 γοίρ
702 1161 759 1204 που,
768 1145 781 1170 “
787 1141 885 1203 Πνεῦμα

73 1207 164 1282 iffi
189 1229 207 1255 “
223 1223 313 1293 Κυρίου
326 1221 417 1294 λύχνος
430 1224 529 1294 ἐρευνῶν
541 1222 571 1277 τὰ
586 1228 676 1293 ταμιεῖα
694 1226 736 1291 τῆς
754 1220 884 1292 γαστρός.”

75 1288 160 1370 ίῶίἰιίἰίἰ
181 1307 283 1376 ’Ίδωμεν
306 1313 358 1367 πῶς
382 1308 455 1379 ε’γγιίς
479 1310 553 1375 ἐστιν,
574 1310 613 1362 καὶ
638 1308 673 1363 ὅτι
695 1308 761 1363 οὐδὲν
783 1307 885 1376 λε’ληθεν

186 1395 258 1450 αὐτὸν
276 1400 324 1449 τῶν
341 1396 436 1450 ἐννοιῶν
451 1394 528 1464 ἡμῶν,
543 1394 595 1449 οὐδὲ
611 1399 660 1449 τῶν
672 1397 837 1464 διαλογισμῶν
851 1393 885 1448 ῶν

186 1481 320 1550 ποιούμεθα.
359 1483 458 1537 Δίκαιον
471 1483 512 1536 οιίν
525 1483 590 1536 ἐστιν
602 1479 636 1549 μὴ
652 1486 812 1536 λειποτακτῶν
825 1481 885 1549 ἡμᾶς
896 1505 920 1546 15

215 1662 234 1698 3.
250 1650 268 1687 ἐν
283 1649 338 1699 εἰρίγιη
353 1650 380 1686 καὶ
398 1645 473 1702 ὁμονοίᾳ]
491 1648 523 1687 Ita
577 1648 595 1686 6.
614 1645 629 1699 ᾧ
643 1648 654 1695 ἡ
670 1648 712 1695 δόξα
729 1663 744 1685 κ.
757 1664 773 1685 τ,
787 1648 814 1697 λ.]
838 1646 885 1686 Non

187 1702 234 1743 eod.
245 1702 320 1743 MStus‚
335 1702 446 1742 Gallandius
456 1707 475 1742 et
483 1703 523 1742 He·
549 1706 626 1741 tantum
634 1701 654 1741 in
663 1701 706 1751 fine,
715 1702 749 1741 sed
762 1703 782 1741 in
795 1701 852 1742 initio
866 1705 886 1741 et

186 1757 227 1797 felii
244 1757 303 1798 editio
323 1757 386 1810 prima
404 1762 424 1797 et
441 1757 524 1797 secunda
549 1757 613 1796 medio
623 1757 753 1809 Epistularum
766 1770 849 1802 suerum,
859 1756 884 1795 D.

188 1812 279 1852 exhibent
288 1815 305 1851 ἐν
314 1816 381 1861 ὁμονοίᾳ
390 1815 417 1851 κοὶ
425 1813 486 1863 εἰρήνη.
551 1812 624 1862 Paulus*
630 1813 729 1862 δοξολογίον
735 1816 820 1864 usurpat,
829 1825 886 1865 quem

216 1880 233 1916 4.
240 1870 336 1918 ,εὐεργετῶν
345 1870 366 1905 τὰ
379 1871 433 1906 πάντα
442 1884 458 1906 κ.
468 1884 484 1906 τ.
494 1868 522 1917 λ.]
551 1866 639 1906 Clemens
652 1866 760 1919 discipulus,
769 1872 792 1907 ut
803 1867 824 1906 in
838 1867 886 1916 aliis,

189 1921 298 1962 OflITim.
309 1922 329 1961 iv
340 1923 409 1971 10,“05
418 1925 456 1960 ἐστι
466 1923 524 1971 Σωτὴρ
550 1921 607 1960 sicin
615 1921 720 1961 hocetiem
734 1921 826 1962 imitatur.
855 1921 887 1961 Sic

188 1979 256 2016 πάντων
264 1978 360 2028 ἀνθρώπων,
368 1979 443 2025 μάλιστα
452 1982 524 2015 πιστῶν.
551 1975 682 2027 Hieronymus
697 1977 717 2014 in
731 1976 791 2016 Praef.
803 1977 824 2015 in
833 1976 885 2016 Psal-

217 2040 235 2081 5.
247 2032 411 2082 προσπεφευγότος]
427 2031 525 2070 Russelius
551 2044 594 2070 mos
606 2031 676 2081 probat
687 2044 747 2069 uuum
757 2035 834 2071 tantum
847 2044 887 2071 esse

187 2089 340 2137 προοπεφυγότοο.
552 2085 671 2124 Ροοίιιιοιυοι
676 2085 771 2135 volumen,
778 2086 823 2126 licet
832 2086 887 2138 quin-

216 2141 242 2181 ib.
258 2143 285 2179 διὰ
298 2144 329 2179 τοῦ
338 2141 401 2190 Κυρίου
415 2140 461 2187 ἡμῶν
469 2140 526 2188 Ἰησοῦ
552 2139 606 2191 quies
619 2144 705 2179 occurrat
717 2140 765 2179 illud
778 2143 849 2192 γένοιτο,
857 2142 887 2192 γε’-

188 2196 274 2247 Χριοτοῦ]
293 2195 376 2235 Videtur
398 2193 478 2233 Photius
501 2194 526 2233 ed
552 2210 603 2239 νοιτο,
613 2194 624 2233 i.
636 2207 650 2233 e.
665 2194 733 2241 Αυιιη,
745 2195 821 2236 Amen:
836 2197 887 2236 unde

187 2250 234 2291 haee
249 2264 319 2303 parum
334 2248 452 2298 attendisse3
466 2262 526 2299 quum
552 2248 630 2300 quidam
638 2248 658 2288 in
671 2250 753 2302 quinque
767 2250 826 2291 libros
839 2252 887 2292 ‹livi-

188 2306 269 2346 suffleiat
283 2319 334 2345 unus
346 2305 378 2343 hie
391 2304 445 2343 locus
458 2303 483 2342 ad
496 2316 525 2342 re·
553 2304 598 2342 dere
607 2304 673 2354 solent,
679 2309 699 2344 et
708 2307 762 2354 ἂλλην
770 2309 888 2357 Πεντάτευχον

187 2361 289 2401 filtandum
314 2359 366 2399 illius
393 2358 526 2410 objectionem,
552 2358 630 2408 faciunt,
643 2364 665 2399 ut
678 2359 763 2412 loquitur
775 2361 853 2402 Nicetes
866 2362 887 2401 in

185 2416 225 2455 ’Ότι
236 2419 266 2454 τὸν
278 2417 340 2467 Κύριον
353 2416 399 2464 ἡμῶν
408 2415 474 2461 Ἰησοῦν
485 2420 526 2464 Χρι-
553 2413 613 2452 Praei.
622 2414 643 2452 in
652 2414 745 2454 Oatenam
753 2429 812 2456 suam.
825 2416 886 2456 JUN.

188 2473 231 2509 στὸν
239 2473 348 2520 ἐξονομάζων,
358 2471 397 2508 οὐδὲ
411 2470 441 2508 τὰς
455 2469 525 2518 θεοπρε-
553 2467 662 2507 Alticulum
673 2474 717 2510 ante
727 2472 839 2521 μεγαλωσῦνη
848 2471 887 2523 pri-

188 2530 226 2565 πεῖς
243 2528 270 2564 καὶ
288 2527 397 2575 ὑψηλοτέρας
414 2525 471 2572 ἀφῆκε
487 2524 527 2573 περὶ
553 2535 595 2561 mus
605 2523 668 2564 60011.
676 2524 734 2565 MSto
743 2526 888 2567 restituitWot-

188 2582 240 2619 αὐτοῦ
249 2583 312 2631 φωνάς.
326 2581 351 2619 In
360 2581 396 2619 hae
405 2578 457 2617 enim
466 2577 526 2616 ιίοκο-
553 2582 615 2617 tonus.

188 2635 244 2687 logie,
259 2649 307 2688 quae
320 2635 357 2680 nisi
371 2634 414 2674 Deo
424 2647 476 2682 vero,
485 2632 525 2682 uni,
582 2645 612 2671 11.
627 2634 676 2684 Λέγει
687 2636 720 2684 γάρ
734 2636 776 2686 που]
787 2635 841 2676 Ηαοο
855 2650 888 2676 ex-

188 2695 246 2741 atque
255 2703 349 2742 supremo,
358 2701 444 2729 summae
457 2688 525 2740 impie·
553 2686 620 2726 scribit
629 2687 716 2727 Clemens
724 2688 779 2729 Alex.
789 2704 850 2743 usque
863 2692 888 2731 ad

188 2745 235 2785 tatis
257 2750 286 2786 est
306 2754 326 2785 et
343 2743 471 2797 blasphemiae
489 2742 525 2783 tri·
552 2742 611 2781 finem
619 2742 687 2794 eapitis
696 2744 742 2789 xxii,
750 2744 819 2786 δηΐοιο.
827 2747 887 2797 ἰνιη,

188 2801 252 2848 buere,
267 2813 279 2840 α
295 2800 313 2840 S.
324 2800 381 2840 Patre
396 2799 473 2839 Christo
488 2799 524 2837 im·
552 2810 570 2849 p.
583 2798 620 2835 611
632 2797 660 2837 ed.
671 2797 742 2838 Potter.

188 2856 299 2907 pertiuntur
308 2855 369 2907 gloria
378 2859 398 2894 et
406 2854 496 2906 majestas
505 2853 526 2892 in
579 2851 605 2892 ibv
626 2857 695 2900 Πνεῦμα
717 2855 779 2905 Κυρίου
797 2871 812 2894 κ.
827 2873 843 2896 τ.
857 2858 885 2908 λ.]

189 2910 263 2950 saecula
271 2910 393 2950 saeculorum.
408 2909 492 2950 WOTT.
553 2906 633 2948 Dictum
641 2911 670 2948 est
680 2907 790 2960 Salomonis,
798 2911 853 2952 Prov.
860 2925 887 2951 xx
