1958 3490
324 234 364 278 AD
380 234 568 288 CORINTHIOS,
583 235 625 279 xlv.
776 232 819 280 167

121 353 243 423 ipsisloco
254 368 296 400 eos
309 351 448 402 transferat.
483 350 603 401 Videmus
619 351 685 401 enim
698 350 764 417 quod
774 369 818 401 vos

121 430 250 484 nonnullos
263 429 365 479 honeste
381 429 500 489 viventes,
517 429 548 479 ab
564 429 640 480 officio
660 428 726 496 quod
742 428 818 478 incul-

120 517 178 579 pate
190 515 216 560 et
226 526 283 558 cum
293 507 384 557 honore
396 507 593 574 exsequebantur
604 506 740 557 dimovetis.

154 587 232 639 XLV.
245 585 400 656 Contentiosi
411 585 477 645 estis,
489 586 584 646 fratres,
596 592 622 637 et
632 586 659 636 in
670 585 743 636 rebus
754 603 818 652 quae

120 668 152 719 ad
164 666 269 718 salutem
279 683 329 715 non
340 665 466 733 pertinent
477 665 570 715 accensi
586 665 643 716 zelo.
679 664 817 732 Scripturas

120 745 251 813 diligenter
262 743 381 811 inspicite,
393 759 456 811 quae
469 743 576 811 Spiritus
589 744 673 795 Sancti
683 762 742 804 uera
758 749 818 794 sunt

120 816 221 875 oracula.
256 823 288 873 In
302 822 350 873 illis
365 822 427 872 nihil
444 822 565 890 injustum
581 841 660 890 neque
675 840 817 891 perversum

120 902 244 961 contineri,
265 901 366 963 discite,·
394 902 528 952 nonenim
551 921 566 952 a
585 903 644 953 viris
667 901 757 953 sanctis
779 901 816 950 in-

119 981 223 1031 venietis
231 980 312 1047 justos
324 980 435 1048 dejectos.
470 981 666 1032 Perseoutionem
676 980 742 1048 passi
757 986 816 1030 sunt

103 1086 105 1090 ·
115 1060 185 1128 justi,
204 1059 247 1110 sed
266 1059 297 1109 ab
316 1060 413 1126 impiis3
431 1060 457 1110 in
474 1078 593 1111 carcerem
612 1059 721 1127 conjecti,
738 1059 781 1109 sed
800 1078 815 1109 a

118 1138 241 1206 profanis3
267 1137 388 1205 lapidibus
408 1139 490 1189 obruti
507 1146 572 1199 srmt,
591 1139 634 1189 sed
653 1139 684 1190 ab
706 1138 797 1205 iniquis
806 1158 813 1199 ;

119 1309 197 1359 lienum,
211 1308 293 1358 libriii,
307 1322 325 1361 p.
337 1322 375 1360 243
387 1309 412 1359 D,
426 1310 452 1348 ὅτι
479 1310 551 1350 Russel.
572 1310 634 1350 Hefel.
654 1309 773 1362 Reithmayr.
793 1314 813 1349 et

119 1364 162 1416 ζῴου
176 1365 238 1403 παντὸς
253 1364 369 1414 ἀσεσχὴμεθσ,
383 1366 452 1403 καὶτὸν
479 1365 575 1405 Dresselio
585 1379 592 1415 ,⁵
613 1370 671 1418 utque
691 1364 720 1405 ita
742 1365 812 1404 caeteri

91 1433 93 1437 ⁴
119 1423 149 1457 τοῦ
162 1421 262 1468 Πυθαγόρου
276 1419 385 1468 τετιμήκαμεν
393 1422 449 1470 λῆρον.
479 1420 527 1459 Edd.
537 1420 562 1460 ad
571 1434 623 1459 oram
636 1420 685 1469 libri,
696 1433 812 1472 quamquam

119 1472 239 1513 Clementiae
249 1473 321 1513 Homil.
331 1474 358 1524 iii,
368 1487 407 1526 cap.
419 1483 450 1525 59,
477 1475 498 1523 in
511 1480 602 1515 contextu
615 1476 699 1515 retinent
710 1475 812 1515 lectionem

119 1530 208 1577 Μηδέπστε
221 1530 240 1566 τό
253 1531 283 1577 τῆς
293 1530 391 1579 Μοναρχίας
402 1530 450 1578 τιμή·
477 1529 530 1570 MSti
542 1530 598 1583 plane
611 1530 701 1570 villosam
714 1531 809 1569 ἐπίτασθαι.

119 1600 179 1623 σαντες
200 1583 268 1633 ἀγαθόν.
296 1583 335 1623 Eos
353 1583 449 1636 intelligit,
478 1584 601 1625 Constantius
623 1585 679 1625 aliter
699 1598 721 1623 ac
741 1584 810 1637 reliqui

118 1638 151 1689 qui
167 1637 281 1677 sententiam
293 1638 316 1677 de
330 1638 403 1678 unitate
413 1638 450 1677 Dei
476 1639 527 1678 hunc
536 1640 599 1679 locum
612 1639 640 1680 ita
652 1639 759 1691 distinguit,
769 1640 810 1690 Ἐγ-

118 1692 176 1731 fixum
194 1696 293 1744 ratamque
312 1706 351 1732 non
367 1697 448 1733 servant.
476 1694 547 1733 κόπτετε
556 1696 811 1746 εἷςτὰςγραφάς,τὰςάληθεῖκ

118 1746 211 1787 Similiter
219 1747 271 1798 apud
280 1748 380 1787 Platonem
388 1751 450 1798 φοβεῖ·
476 1749 535 1800 ῥήσεις
547 1749 645 1798 Πνεόρατος
660 1754 691 1788 τοῦ
700 1750 759 1800 Ἀγίου
774 1751 810 1788 ἐσί-

118 1803 159 1840 σθαι
168 1804 219 1849 δόξαν
227 1802 280 1841 idem
288 1803 339 1842 valet
348 1816 370 1842 ac
379 1804 450 1842 ἕπεσθαι
477 1805 536 1842 vaste·
552 1804 596 1854 [sic]
609 1806 657 1843 οὐδὲν
666 1821 680 1843 κ.
687 1821 703 1842 r.
709 1807 726 1843 λ.

118 1858 164 1904 δόξῃ.
187 1856 237 1896 Vide
246 1856 392 1907 Theodoretum‚
402 1857 451 1897 The-
507 1872 536 1898 10.
553 1860 702 1909 ἐφυλακίσθησαν]
719 1859 751 1899 lta
763 1858 810 1898 Ood.

116 1924 157 1963 rap.
167 1911 186 1960 ii,
195 1925 214 1963 p.
226 1920 256 1962 27.
271 1911 360 1953 DAVIS.
477 1913 551 1963 Mstus,
565 1913 595 1953 uti
608 1914 682 1954 Millius
692 1918 744 1953 recte
754 1913 809 1954 vidit.

145 1975 162 2015 5.
186 1968 279 2014 ἀνηκόντων
301 1969 325 2007 εἷς
347 1965 446 2021 σωτηρίαν]
477 1968 523 2008 Fell.
537 1969 597 2008 Cotel.
611 1968 811 2021 Golom.Ittig.Uou-

117 2021 210 2060 Eamdem
224 2021 340 2062 locutionem
353 2022 405 2074 legas
419 2036 449 2075 ap.
476 2028 533 2063 stant.
558 2024 668 2064 Schoenem.
692 2024 809 2063 Horneman.

117 2074 137 2116 S.
153 2076 251 2115 Barnabae
267 2077 328 2129 Epist.
346 2077 355 2129 §
373 2085 403 2128 17,
417 2083 451 2116 τῶν
477 2078 809 2131 etReithmayrus,Juniumseouti,

116 2132 209 2179 ἀνηκόντων
215 2133 253 2180 ὑμῖν
259 2134 282 2171 εἰς
290 2134 378 2182 σωτηρίαν,
385 2146 451 2172 eorum
476 2134 544 2186 legunt
553 2136 681 2184 ἐφυλάχθησαν.
711 2133 742 2174 Sic
751 2134 810 2174 etiam

117 2198 166 2236 quoe
179 2186 298 2226 adventrum
308 2188 389 2227 sulutem
400 2202 449 2240 spec·
477 2189 563 2241 Freyius,
576 2189 609 2241 qui
622 2194 687 2229 tamen
701 2189 726 2228 ad
740 2190 810 2228 calcem

117 2247 165 2280 tout.
194 2240 363 2295 OlS.Ignat.ad
373 2242 449 2295 Smyrn.
477 2244 558 2296 paginae
565 2245 638 2296 profert
647 2246 809 2294 ἐνεφυλακίσθησαν,

83 2301 84 2304 ’
118 2296 157 2347 §8.
478 2300 529 2350 quod
543 2304 587 2351 post
596 2300 709 2340 Wottonum
719 2299 810 2339 exhibent

144 2351 168 2390 ib.
176 2351 303 2406 Ἐν[κίστετε]]
313 2353 345 2393 Ita
351 2367 395 2393 cum
402 2352 448 2393 (lod.
477 2354 549 2394 Russel.
561 2354 646 2394 Galland.
655 2354 717 2393 Hefel.
725 2359 745 2393 et
752 2355 809 2393 Dres-

117 2404 174 2446 MSto
184 2406 269 2447 Wotton.
283 2408 369 2448 Galland.
383 2409 450 2448 Reith-
476 2409 538 2449 selius.

116 2474 175 2513 mayr.
186 2461 298 2502 Dresselius.
322 2463 397 2504 (laeteri
406 2477 450 2503 oum
506 2477 535 2504 11.
544 2466 576 2503 ὑπὸ
584 2461 718 2518 πα[ραν]όμων.
729 2493 733 2502 .
746 2493 750 2501 .
761 2492 765 2501 .
776 2465 808 2502 ὑπὸ

116 2514 315 2572 ιῙυΠίοἘ[γκόπτετ]ε.
339 2519 448 2559 Literaex·
477 2524 510 2557 τῶν
524 2517 595 2572 μιαρῶν]
616 2518 686 2557 :lunius
702 2517 808 2569 caeterique

115 2575 178 2610 trema
186 2571 243 2623 hujus
249 2573 301 2613 vocis
309 2588 366 2626 quam
375 2574 450 2627 legebat
477 2578 554 2614 censent
562 2587 628 2613 vocem
637 2574 675 2611 ἀλλ’
684 2572 806 2624 interponen-

116 2625 219 2666 Wottonus
225 2627 300 2679 jamdiu
309 2629 371 2681 periit.
394 2629 448 2669 Oonf.
476 2629 521 2668 dam
534 2642 579 2678 esse,
588 2632 667 2680 propter
675 2627 808 2680 praecedentia

116 2680 126 2730 ᾗ
137 2693 168 2730 40,
178 2683 290 2733 ἐγκεκυφότες
299 2687 322 2724 εἷς
333 2687 354 2722 τὰ
365 2687 411 2733 βάθη
420 2688 449 2733 τῆς
476 2685 514 2722 ἀλλ’
524 2686 556 2722 ὑπὸ
570 2685 634 2732 ἀνόμων
647 2687 667 2723 eb
679 2683 718 2720 ἀλλ’
727 2684 760 2721 ὑπὸ
769 2684 807 2720 ἀνο-

116 2736 161 2774 θείας
174 2738 257 2786 γνώσεως.
287 2739 306 2779 S.
316 2740 382 2780 Jacob.
397 2740 404 2779 i
417 2749 448 2789 25,
475 2740 523 2777 σίων.
552 2737 590 2777 Sed
605 2738 653 2776 nihil
668 2741 728 2785 muto,
747 2751 807 2789 quum

115 2791 156 2828 ὁδὲ
169 2792 272 2841 παρακύψας
285 2795 308 2834 εἷς
321 2798 372 2844 νόμον
382 2796 449 2833 τέλειον
474 2798 555 2844 utraque
574 2792 690 2832 constructio
710 2805 755 2831 sana
775 2792 806 2842 sit,

115 2846 294 2898 τὸντῆςέλευθερίας.
321 2849 446 2889 OonlIPet.
474 2847 639 2900 nequeaPatrum
647 2847 806 2887 usnautaNovo

114 2898 122 2937 i
134 2912 163 2938 12.
474 2904 595 2943 Testamento
608 2902 680 2942 alienae
694 2901 733 2941 sint
741 2902 807 2956 hujus-

144 2964 160 3004 7.
170 2956 285 3012 Ἐπίστασθε]
303 2959 335 3000 Ita
347 2960 390 3000 dedi
405 2974 448 2999 oum
474 2958 526 2998 modi
537 2957 655 2997 variationes.
670 2957 751 2998 Worr.
