1975 3455
296 236 338 282 AD
353 236 548 290 CORINTHIOS,
558 238 616 281 xlvii.
763 234 805 289 175

111 369 184 411 natas
200 374 249 408 ooo
263 355 361 423 saissa,
373 371 449 420 qaam
462 363 488 404 ia
504 371 583 404 auaui
599 371 629 404 aa
648 353 728 404 electis
737 352 805 404 'areis

111 434 309 489 scandalizaret.-
334 431 421 482 melias
440 440 495 482 erat
516 440 543 482 al
566 430 589 481 ei
610 431 677 481 uiola
699 429 915 481 circuirinuuxai.

109 522 249 584 poneretur,
275 520 297 561 ol
322 511 503 577 demerperelar
525 509 554 560 ia
579 527 655 569 aare,
682 526 758 584 quara
779 519 806 560 at

110 599 193 644 auaui
209 590 240 641 de
258 589 362 657 pusillis
383 588 445 640 meis
466 588 653 640 scandalizaret.
696 587 806 639 Schisma

110 677 221 722 vestrum
242 669 334 719 mullos
355 667 482 736 pervertit,
504 667 596 717 mullos
618 667 645 717 in
667 666 742 717 animi
764 667 805 717 de-

105 750 244 817 jectionem,
272 748 363 798 midias
390 748 417 797 in
438 746 623 806 mellationem,
650 764 734 797 omnes
760 764 805 796 nos

108 820 136 877 in
157 826 286 877 iristiliam
307 825 426 893 conjeoih3
456 831 482 876 el
507 825 586 876 adhue
613 823 700 875 seditio
722 828 806 874 veslre

110 906 249 1034 dullaliVII.
267 983 403 1051 Epistolum
418 983 484 1034 beati
500 979 571 1034 Pauli
582 981 695 1050 Apostoli
711 981 738 1031 in
754 999 805 1030 ma-

109 1081 156 1113 nus
173 1062 268 1113 sumite.
304 1061 370 1125 Quid
386 1062 493 1130 primum
503 1061 572 1113 vobis
589 1060 675 1111 slahim
689 1060 716 1110 in
732 1059 804 1110 initio

108 1228 202 1280 legantur,
218 1228 252 1268 sed
267 1225 326 1268 etiam
343 1228 363 1267 in
377 1232 442 1268 velere
468 1227 529 1277 duxit,
546 1240 607 1279 neque
623 1225 681 1267 (ilem.
697 1225 752 1266 Alex.
769 1226 803 1278 qui

109 1282 213 1334 exemplari
228 1283 301 1323 Graeco
313 1283 393 1336 vestigia
406 1283 442 1322 hu·
468 1283 514 1323 haec
526 1281 632 1334 exscripsit,
641 1285 747 1335 agnoscunt
759 1285 802 1331 μᾶλ-

106 1337 139 1390 jus
154 1337 242 1378 lectionis
259 1342 340 1387 exstant,
357 1344 376 1378 et
390 1338 441 1378 inter
467 1341 503 1377 λον,
520 1336 655 1377 alaman,

109 1391 204 1431 vadantes
226 1392 252 1432 N.
269 1392 290 1432 Τ.
314 1393 439 1445 proferantur.
504 1405 522 1441 4.
537 1392 586 1441 ἢὲνα
595 1397 629 1431 τῶν
637 1397 700 1442 μικρῶν
708 1408 741 1440 μου
750 1407 804 1438 ινναν-Ἰ

110 1445 303 1488 SOHOENEMAN.
346 1447 441 1488 Pearsono
468 1445 551 1501 euleu]
564 1446 623 1486 Olem.
633 1445 690 1486 Alex.
702 1447 712 1495 ἢ
726 1448 755 1484 ἕνα
768 1452 802 1485 τῶν

106 1501 175 1554 judice,
181 1502 258 1542 ventui
267 1502 328 1554 magis
337 1516 441 1542 consonum
467 1504 549 1541 ἐκλεκτῶν
557 1517 589 1550 μου
600 1501 710 1551 διαστρέψαι.
738 1506 802 1550 μικρῶν

109 1560 138 1595 esi
147 1557 171 1596 ab
177 1556 275 1609 Apostolis
281 1557 327 1609 ipsis
334 1562 368 1598 aul
375 1571 441 1597 eorum
467 1557 538 1609 legitur
550 1557 601 1608 apud
615 1568 681 1596 omnes
690 1555 801 1608 Evangelia·

108 1610 205 1663 discipulis
223 1611 269 1651 haec
286 1613 379 1664 accepisse
399 1611 441 1652 Ole-
467 1616 502 1652 tas.
517 1610 599 1651 WOTT.

108 1670 197 1718 mentem.
229 1666 303 1706 Vindia.
314 1666 377 1719 Ignul.
388 1667 409 1706 P.
419 1666 439 1716 il,
494 1680 513 1717 9.
535 1667 553 1704 ἐν
570 1667 614 1717 ἀρχῇ
634 1670 665 1704 τοῦ
683 1663 798 1720 Εὐαγγελίου]

108 1733 148 1772 cap.
160 1733 177 1770 9.
466 1720 572 1771 Εὐαγγέλιον
588 1720 625 1760 hoe
647 1720 689 1760 loeo
712 1719 751 1760 lae
769 1733 802 1759 su·

137 1787 153 1812 1.
166 1777 217 1813 καλὸν
230 1773 257 1829 ἦν]
273 1775 318 1816 Post
332 1777 394 1827 ἐκείνῳ,
405 1776 439 1815 Ju-
466 1775 532 1825 milui,
546 1779 567 1815 el
577 1774 716 1827 Apostolorum
730 1775 802 1827 scripta

107 1828 155 1876 nius,
165 1829 245 1879 Boisius,
255 1830 346 1870 elFellus
354 1830 439 1883 interpo-
467 1830 617 1883 comprehendil,
628 1834 651 1869 ul
665 1830 716 1882 apud
729 1830 801 1882 Nysse·

107 1884 191 1923 nendum
205 1897 245 1925 esse
261 1886 372 1925 censuali
385 1886 405 1923 οὗ
418 1887 440 1924 τὰ
466 1899 518 1935 num,
534 1884 567 1937 qui
585 1889 652 1925 eontra
669 1884 801 1937 Apollinarem

107 1940 193 1976 σκάνδαλα
208 1941 280 1989 ἔρχεται,
296 1953 322 1979 ex
335 1940 440 1992 Evangelio
466 1940 530 1979 locum
548 1953 573 1980 ex
590 1940 651 1992 Epist.
668 1939 687 1979 S.
706 1940 801 1980 Johannis

107 1991 125 2032 S.
133 1993 232 2033 Matthaei.
259 1993 325 2043 Quum
333 1999 399 2035 aulem
407 2008 440 2034 ne·
466 1995 551 2045 laudans,
561 1994 632 2044 seribii,
642 2025 646 2034 .
658 2026 662 2035 .
673 2026 677 2034 .
688 1997 742 2035 καθώς
755 2001 801 2045 φησι

106 2060 143 2098 que
158 2047 204 2087 Ood.
218 2047 260 2088 MS.
274 2063 336 2101 neque
351 2049 439 2090 Clemens
465 2052 485 2089 τὸ
499 2050 609 2101 Εὐαγγέλιον,
623 2051 665 2089 ὅλον
678 2053 716 2089 τότε
730 2052 759 2089 τὸν
772 2055 800 2088 κό-

106 2101 161 2142 Alex.
171 2103 238 2155 quiex
248 2109 315 2144 nostro
329 2118 351 2144 ea
363 2104 438 2157 pelivil,
466 2121 511 2153 σμον
524 2106 576 2157 ἐντῷ
589 2109 656 2157 πονηρῷ
670 2106 741 2146 κεῖσθαι,
768 2103 801 2159 [ad

105 2156 152 2197 haec
165 2163 274 2210 agnoscant,
283 2160 333 2199 hanc
344 2172 384 2199 esse
397 2156 444 2199 clei
466 2159 598 2213 Theophilum,
614 2160 662 2213 Opp.
682 2160 703 2199 iii
721 2174 739 2213 p.
760 2163 798 2212 263

106 2212 176 2252 mentis
188 2213 250 2252 nostri
260 2227 326 2254 veram
339 2228 361 2254 ac
373 2215 439 2267 genui-
466 2214 609 2270 Paris.1638.]
641 2215 672 2255 Sic
690 2215 748 2268 Legis
766 2228 800 2256 no-

105 2280 151 2305 nam
172 2267 274 2308 lectionem
299 2283 338 2310 non
365 2270 437 2311 dubito.
465 2271 517 2310 mine
534 2284 574 2310 non
589 2274 666 2310 lunium
683 2273 800 2320 Πεντάτενχος

105 2320 186 2363 WOTT.
466 2326 544 2378 Moysis,
552 2326 585 2374 sed
592 2325 731 2378 Prophetarum
740 2325 798 2365 eliam

131 2377 157 2416 ib.
177 2380 191 2416 εἰ
209 2380 239 2417 οὐκ
257 2377 350 2434 {pevilla}
373 2383 439 2428 μᾶλλον
465 2380 636 2433 interpretationes,
650 2384 670 2420 el
682 2380 751 2432 reliqui
760 2380 797 2420 Ve-

104 2430 265 2484 interponendum
280 2447 320 2474 esse
336 2438 380 2486 posi
393 2437 439 2487 αὐτῷ
465 2436 512 2476 teris
528 2434 644 2475 Testamenti
664 2435 707 2475 libri
725 2434 796 2474 inlelli-

105 2492 183 2528 censent
195 2488 271 2539 lunius,
283 2488 353 2539 Fellus,
367 2494 386 2530 a
401 2490 438 2530 Oo—
464 2494 540 2543 guntur.
565 2489 622 2530 Unde
631 2489 723 2529 lobannis
732 2503 772 2541 cap.
782 2504 796 2529 x

103 2540 198 2582 lomesius.
232 2544 313 2584 Minime
330 2557 375 2586 sane
392 2559 437 2598 pro·
466 2559 491 2596 34
506 2546 559 2585 locus
573 2544 688 2593 Psalmistae,
702 2546 736 2595 ἐγὼ
751 2544 796 2594 εἶπα,

104 2595 167 2636 banda
177 2601 206 2637 est
214 2597 261 2638 haec
275 2600 396 2650 emendali05
410 2600 438 2639 di-
465 2602 501 2639 θεοί
509 2603 554 2649 ἐστε,
560 2600 642 2652 seriphus
651 2613 691 2639 esse
700 2599 770 2639 dicilur
779 2601 797 2638 ἐν

104 2650 154 2690 citur
163 2652 215 2692 enim
224 2653 350 2694 Helleniscieo
362 2669 415 2695 more
426 2669 438 2694 a
464 2659 488 2707 τῷ
497 2658 547 2707 νόμῳ·
561 2660 581 2695 el
589 2668 630 2706 cap.
640 2668 667 2694 xv
677 2663 701 2703 25
711 2654 797 2706 ejusdem

105 2704 124 2744 S.
135 2705 206 2754 Palre3
216 2707 302 2762 ideoque,
311 2709 361 2750 sicut
370 2710 390 2749 in
397 2710 438 2750 He·
464 2709 569 2762 Evangelii,
585 2710 611 2748 ὅτι
626 2711 710 2757 ἐμίσησάν
723 2726 744 2756 με
757 2711 795 2754 Ἰδω-

103 2760 161 2799 hraea
178 2761 249 2815 lingua,
264 2765 381 2817 comparatio
399 2778 437 2805 non
463 2768 509 2816 ρεάν,
522 2778 570 2816 quae
584 2765 642 2804 verbu
656 2768 701 2803 sunt
715 2763 795 2803 Psalmi-

104 2813 127 2853 fit
135 2814 172 2854 nisi
181 2830 216 2868 per
225 2822 240 2867 i·
258 2819 340 2872 WOTT.
368 2820 437 2873 Neque
463 2824 510 2869 stac,
524 2819 553 2859 Po.
565 2818 626 2858 xxxiv
637 2832 667 2869 19,
681 2820 700 2857 ἐν
712 2823 737 2871 τῷ
750 2821 796 2870 νόμῳ

103 2868 175 2909 Toxius
194 2871 256 2922 Sacer,
276 2875 294 2914 S.
315 2874 370 2915 Mali.
389 2875 437 2916 xxvi
463 2875 534 2927 scripio
551 2887 591 2914 esse
609 2873 714 2923 dicuntur,
734 2878 754 2914 et
768 2874 796 2914 ‘ad

104 2935 135 2972 24,
144 2925 195 2964 uude
209 2932 284 2978 partem
298 2929 347 2969 hanc
361 2935 436 2970 senlen—
464 2928 550 2970 Corinth.
560 2929 572 2968 I
581 2929 614 2969 xiv
627 2942 650 2968 21
661 2929 714 2969 loeus
728 2929 797 2970 Esaiae

102 2978 140 3018 liae
156 2979 245 3022 Clemens
263 2985 388 3035 proculdubio
404 2986 435 3026 de·
463 2985 487 3024 ab
505 2984 598 3038 Apostolo
617 2986 695 3037 ἐννόμῳ
713 2984 796 3037 scriptus
