1958 3490
176 270 177 273 ,
261 239 301 281 DE
317 239 339 282 S.
355 240 476 283 IGNATII
491 239 651 283 EPIS'POLIS.
784 240 806 282 lv

136 354 210 399 Versio
220 354 373 408 Armeniacae
389 355 474 414 Syriaca
488 355 613 412 antiquiore,
628 355 709 399 saeculo
724 354 806 411 quinto,

106 426 132 479 si,
142 428 167 468 ut
176 440 214 482 par
224 428 263 478 est,
274 424 348 469 ducem
358 441 469 483 sequamur
479 425 624 469 doctissimum
634 426 806 478 Petermannum,

105 494 216 548 translata,
226 510 252 538 ex
267 494 358 553 quinque
369 496 434 539 Oodd.
446 496 512 539 MSS.
524 496 612 548 collatis,
623 493 805 551 Constantinopoli

106 563 164 622 typis
173 564 273 608 mandata
283 568 321 618 est,
328 582 346 609 a.
357 566 419 622 1782.
440 566 558 623 Utramque
566 565 690 608 Versiouem
700 563 805 620 integram

106 634 129 677 in
139 633 203 677 Notis
217 634 326 691 proposuit
336 636 494 688 Petermannus,
505 634 632 678 accuratiore
646 634 702 676 inter
713 649 735 676 se
748 648 805 676 com-

105 703 214 760 paratione
228 703 328 747 instituta
334 722 340 757 3
356 721 380 748 11
390 706 519 762 Fragmenta
533 705 619 762 Syriaca
629 719 681 761 quae
692 702 724 746 vir
733 702 769 745 ille
779 703 805 746 de

107 772 184 815 Litoris
201 773 343 817 Orientalibus
356 774 435 831 optime
450 774 544 827 meritus
559 775 686 826 Ouretouus,
703 772 805 829 singula-ri

106 841 242 899 diligentiae
258 842 398 899 compluribus
412 842 524 886 Oodicibus
542 843 635 895 collecta,
649 841 750 893 ediderat,
762 856 806 884 non

105 911 252 968 praetermisit.
276 912 400 956 Versionem
413 912 512 955 Latinam
528 912 611 970 adjecit,
622 911 652 954 ita
664 913 806 967 comparatam

105 985 131 1024 ut
147 980 163 1023 ii
180 997 262 1039 quoque
276 981 313 1038 qui
325 982 348 1025 in
360 982 393 1025 his
409 981 500 1039 Linguis
515 981 585 1025 minus
603 981 645 1025 sint
662 980 746 1033 versati,
762 981 807 1024 sine

105 1066 184 1107 magno
197 1051 267 1095 labore
281 1055 362 1095 rectum
377 1053 403 1095 de
417 1052 500 1095 illarum
515 1054 577 1095 textu
590 1050 688 1108 originali
702 1050 807 1107 judicium

104 1121 158 1164 ferre
169 1121 258 1178 possint,

134 1191 269 1248 Argumenta
282 1206 319 1233 sua
333 1191 425 1234 maxima
439 1190 462 1233 iu
476 1191 544 1233 forma
557 1189 712 1246 compendiaria
724 1189 756 1232 ita
769 1206 805 1233 ex-

104 1259 164 1303 hibet
174 1260 332 1304 Petermaunus.

134 1336 141 1355 ‘
151 1329 225 1374 1111111
236 1333 314 1383 nostra,
325 1331 405 1374 saeculo
420 1334 468 1387 post
478 1329 588 1373 Christum
602 1333 676 1372 natum
687 1329 769 1386 quinto,
780 1346 805 1373 ex

105 1399 158 1442 ‘illa
171 1399 273 1443 Versione
293 1400 385 1457 Syriaca,
401 1401 459 1458 cujus
474 1400 580 1456 exemplar
595 1400 714 1443 Ouretouus
731 1399 804 1452 edidit,

105 1469 226 1513 ζ11111111.

134 1538 219 1582 ‘Versio
226 1538 263 1582 illa
271 1538 357 1596 Syriaca
364 1554 407 1582 non
414 1542 456 1582 tres
464 1541 557 1592 tantum,
565 1539 602 1582 sed
608 1538 709 1582 tredecim
716 1538 801 1595 Episto-

104 1608 149 1651 ‘las
160 1608 181 1650 S.
190 1608 276 1664 Ignatio
287 1608 408 1665 adscriptas,
419 1623 494 1664 easque
503 1623 547 1650 non
556 1608 682 1660 decurtatas,
692 1611 717 1650 ut
727 1607 749 1650 in
760 1608 803 1651 edi-

104 1677 176 1721 ‘tione
185 1677 221 1720 illa
230 1678 338 1734 leguntur,
349 1678 385 1721 sed
394 1678 425 1720 ita
432 1680 562 1734 comparatas
572 1680 597 1720 ut
604 1678 684 1721 Noster
693 1693 727 1720 eas
737 1678 802 1730 dedit,

104 1747 145 1790 ‘ab
154 1747 216 1790 initio
224 1747 407 1803 complectebatur,
415 1747 446 1790 ita
455 1750 480 1790 ut
488 1746 563 1790 exinde
573 1750 679 1804 appareat,
687 1747 802 1792 conclusio-

104 1822 110 1841 ‘
118 1831 162 1869 nes,
169 1832 220 1873 quas
227 1816 345 1860 Bunsenius
353 1817 469 1860 secundum
474 1816 535 1865 illam,
539 1816 618 1869 fecerit,
625 1820 680 1860 stare
686 1832 730 1859 non
735 1832 802 1873 posse.

133 1892 139 1912 ‘
150 1886 193 1929 Sed
202 1886 328 1929 Armeniaca
336 1886 411 1930 Versio
421 1902 434 1929 a
443 1886 533 1929 librariis
543 1886 661 1939 serioribus,
671 1886 705 1929 vel
719 1886 803 1929 lectori-

103 1956 166 2008 ‘bus,
182 1955 218 2012 qui
232 1955 336 1999 Graecum
349 1957 441 1999 Textum
454 1971 502 1998 11111
517 1970 541 1998 11
554 1955 710 2012 comparabant,
724 1956 803 2011 passim

103 2024 246 2081 ‘interpolata
260 2028 282 2068 et
296 2031 394 2082 corrupta
407 2029 438 2068 111
445 2042 451 2078 3
467 2029 530 2082 atque
539 2025 637 2068 Editores
649 2024 716 2068 critici
727 2025 803 2082 judicii

103 2094 181 2150 ‘plane
195 2096 291 2151 expertes
305 2094 343 2138 has
357 2094 528 2151 interpolationes
543 2098 565 2137 et
577 2093 719 2150 corruptiones
732 2094 801 2137 textui

103 2164 258 2208 ‘inseruerunt

132 2233 182 2276 ‘De
196 2234 262 2277 altera
276 2233 383 2290 Epistulae
397 2234 424 2277 ad
439 2234 545 2277 Romanos
560 2234 661 2277 Versione
677 2233 803 2277 Armeniaca

103 2309 109 2329 ‘
120 2307 142 2346 et
152 2303 244 2361 Syriaca,
255 2303 340 2360 quaein
350 2303 510 2361 Martyrologiis
522 2303 630 2361 leguntur,
640 2303 694 2345 nihil
705 2306 737 2346 est
747 2304 803 2360 quod

103 2373 227 2427 ‘addamus
245 2389 311 2430 quum
326 2377 414 2430 utraque
429 2389 441 2415 a
456 2373 536 2415 Graeco
549 2373 618 2416 Textu
631 2388 680 2415 cum
694 2372 801 2429 Martyro-

102 2448 109 2468 ‘
118 2443 175 2500 logio
186 2443 258 2487 seriori
267 2443 352 2487 demum
361 2446 456 2500 tempore
465 2442 568 2486 translata
577 2443 620 2486 su!

130 2514 149 2556 Ε
167 2513 302 2557 Petermanni
318 2513 423 2557 laboribus
440 2513 568 2556 occasionem
588 2516 669 2565 nactus,
688 2513 882 2563 RoaanrusHussey.

102 2582 196 2636 Hussar,
213 2582 320 2627 Historiae
334 2582 491 2626 Ecclesiasticus
504 2582 584 2639 primus
601 2582 657 2625 inter
671 2581 800 2625 Oxonienses

101 2651 208 2697 Professor
217 2653 305 2710 Regius,
316 2653 359 2711 qui,
369 2653 425 2696 vitae
441 2668 503 2696 cursu
515 2653 618 2709 praeclare
633 2655 655 2695 11
667 2650 800 2695 laudabiliter

100 2722 203 2776 confecto,
219 2726 269 2766 ante
285 2738 357 2776 annos,
375 2726 400 2766 ut
415 2722 511 2766 homines
529 2722 613 2778 quidem
629 2720 758 2773 existimant,
776 2722 800 2764 in

99 2787 161 2833 illum
169 2791 336 2848 placidissimum
349 2796 435 2850 portum
450 2791 526 2849 quietis
538 2794 650 2847 perpetuae
662 2790 749 2833 eductus
760 2794 799 2844 est,

99 2857 122 2902 in
132 2860 264 2905 Praefatione
279 2862 306 2905 ad
321 2862 436 2906 Conciones
451 2860 593 2913 Academioas,
608 2859 699 2916 Anglioe
714 2859 799 2917 scripta,

99 2941 118 2970 a.
132 2929 194 2987 1849,
210 2934 283 2974 contra
300 2931 437 2975 decurtaton's
455 2930 503 2988 Syri
520 2929 680 2987 adstipulatores
698 2933 758 2973 11111
778 2934 800 2974 11

97 3001 193 3040 accurate
207 2999 330 3055 disputavit.
