1931 3420
283 248 319 292 ΕΤ
335 248 560 301 FORMULARUM.
793 251 806 296 9

73 356 147 408 Smyrn.
165 367 182 402 4.
211 354 294 403 ἀγαπητοί
309 368 346 398 μου.
366 352 409 403 Ign⁴

72 411 136 462 Magn.
162 421 191 447 11.
240 409 298 457 ἁυδρες
320 408 409 455 ἀγαπητοί.

72 466 131 506 Oleum
148 463 159 502 I
176 464 205 501 16.
241 464 308 500 Πάντας
326 461 356 499 οὖν
371 463 410 501 τοὺς

72 519 167 571 ἁγαπητοῦς
174 519 229 556 αὐτοῦ.
241 519 259 555 8.
287 518 409 565 προφυλάσσω

71 578 114 623 ὑμᾶς
129 574 178 612 όντας
195 588 227 620 μου
243 570 345 622 ἀγαπητοῦς,
365 571 408 622 Ign.

72 628 128 670 Trall.
140 629 156 667 8.
187 630 207 664 Οί
222 628 255 676 γάρ
270 627 353 676 ἀγαπητοὶ
367 642 409 675 τρο-

72 687 129 735 φῆται.
151 681 223 720 Ρλὶίαά.
241 694 257 731 9.
287 682 306 719 δν
324 681 410 730 ἁγαπητδν

71 741 110 778 λίαν
120 739 178 786 -ἕχετε,
200 735 262 788 Polyo.
281 744 297 786 7.
324 734 410 773 ’Ἄτταλον

71 795 101 832 τδν
109 794 195 843 ἀγαπητόν
204 808 241 840 μου.
257 793 274 830 8.
303 793 313 827 ὁ
325 794 355 828 τοῦ
369 791 410 840 ἁγα-

71 848 211 896 πητοῦ...παιδο’ς
221 863 253 884 σου
264 847 321 894 Ἰησοῦ
333 850 409 895 Χριστοῦ
425 889 427 893 Ι

71 902 130 952 πατήρ.
148 901 205 940 Mart.
217 901 280 953 Polyc.
293 913 322 948 14.
351 901 409 948 Ἰησοῦ

71 961 139 1008 Χριστῷ
148 957 228 1008 ἀγαπητῷ
238 961 270 995 σοῦ
279 956 330 995 παιδί.
346 954 371 994 ib.

44 1014 147 1064 Ἀγγελικός.
170 1013 201 1051 τάς
209 1013 311 1050 τοποθεσίας
319 1012 348 1059 τὰς
357 1011 408 1061 ἁγγε-

70 1070 123 1106 λικιίς.
137 1066 180 1118 Ign.
191 1065 247 1106 Trall.
259 1077 276 1116 5.

40 1124 132 1174 Ἄγγελος.
161 1124 181 1159 τὸ
194 1124 228 1160 πᾶν
239 1123 304 1170 πλῆθος
315 1125 349 1159 τῶν
357 1122 408 1171 ἁγγέ-

70 1181 106 1215 λων
114 1178 171 1215 αὐτοῦ.
182 1175 240 1216 Glem.
252 1177 263 1215 I
273 1189 304 1226 34.
331 1176 408 1228 τοσούτῳ

69 1233 130 1281 μείζων
139 1232 186 1269 ἐστὶν
199 1232 281 1282 ἀγγέλων.
292 1232 323 1282 36.
347 1232 357 1279 ἡ
367 1232 409 1278 δόξα

70 1290 103 1325 τῶν
120 1287 203 1337 ἁγγέλων.
230 1286 273 1339 Ign.
293 1286 368 1338 Smyrn.
389 1287 406 1325 6.

70 1340 118 1391 οίπερ
128 1372 132 1380 .
141 1372 144 1380 .
154 1370 158 1380 .
167 1343 198 1390 ἤδη
206 1342 276 1392 ἁγγελοι
285 1341 333 1389 ἦσαν.
349 1340 406 1380 Mart.

70 1395 133 1447 Polyc.
150 1409 166 1435 2.
198 1399 208 1434 ὁ
227 1399 269 1437 θεὸς
286 1396 364 1446 άγγέλων
381 1399 408 1434 καί

70 1453 159 1500 δυνάμεων.
172 1463 201 1499 14.

38 1505 102 1556 Ἄγειν.
131 1508 150 1544 τδ
169 1508 192 1545 εἲς
208 1507 278 1544 θάνατον
293 1507 335 1556 ίίγον
351 1508 406 1554 ζῆλος.

70 1559 129 1600 Olem.
145 1561 156 1599 Ῑ
171 1575 189 1611 9.-
217 1561 322 1610 συμβούλιον
339 1562 408 1611 ἀγαγεῖν

70 1617 220 1666 θεοπρεπέστατον.
242 1616 284 1668 Igu.
307 1615 372 1667 Polyc..
388 1624 405 1665 7.

69 1673 150 1710 ἑκουσίως
178 1674 228 1721 ἤγετο
256 1674 299 1722 πρὸς
320 1674 405 1721 Τραϊανόν.

69 1725 126 1765 Mart.
138 1726 181 1778 Ign.
193 1739 210 1763 2.
238 1727 310 1776 ἁγεσθαι
322 1727 367 1775 παρὰ
377 1727 407 1774 τὴν

68 1783 144 1831 μεγάλην
155 1782 223 1829 Ῥώμην.
238 1781 264 1819 ib,
292 1781 319 1818 ε’πί
335 1782 407 1818 θάνατον

69 1839 79 1874 ά
92 1840 167 1875 τοιοῦτος
179 1840 234 1886 ἤγετο.
249 1837 266 1875 6.
295 1835 336 1885 ἦγον
345 1837 368 1875 είς
377 1837 407 1883 τὴν

67 1893 123 1930 πόλιν.
137 1890 193 1930 Mart.
205 1891 267 1942 Polyc.
279 1893 296 1930 8.
325 1891 406 1940 ἀγόμενος

68 1946 92 1984 είς
100 1947 120 1983 τδ
129 1948 203 1984 στάδιον.
218 1946 242 1985 ib.

41 2000 109 2051 ’Δγέλη
150 2001 212 2051 ἀγελης
235 2005 287 2050 καλῆς
309 2000 403 2049 ἡγούμενος.

69 2054 126 2095 Mam
137 2055 180 2108 Ign.
192 2068 208 2094 2.
320 2064 321 2068 ’

40 2110 144 2160 Ἀγέννητος.
163 2110 193 2150 Εἷς
202 2112 257 2160 ίατρός
266 2113 319 2153 ἐστιν,
330 2142 333 2148 .
343 2127 405 2160 ..γενμ

68 2167 116 2213 νητὸς
125 2168 152 2204 καὶ
160 2168 253 2216 ἁγέννητος.
266 2166 308 2217 Ign.
320 2165 368 2216 Eph.
380 2173 396 2214 7.

40 2219 122 2270 'Ayr'ypws.
151 2222 175 2261 είς
189 2221 266 2271 δεύτερον
275 2223 301 2259 καὶ
313 2221 371 2270 ἀγήρω
381 2222 406 2257 αί-

68 2280 107 2313 ῶνα.
122 2275 181 2315 Olem.
192 2276 268 2328 Fragm.
278 2275 290 2315 ί.

39 2330 127 2380 Ἀγιάζειν
155 2333 263 2382 ἡγιασμένοις
286 2334 304 2369 ἐν
323 2330 405 2378 θεληματι
432 2332 540 2382 Ἃγιοφόρος.
559 2331 800 2381 Ἐστὲοῦν...Χριατοφόροι,

68 2390 116 2425 θεοῦ,
128 2385 187 2425 Glem.
198 2386 213 2425 Ῑ.
225 2386 284 2424 Inscr.
313 2388 354 2423 κατὰ
363 2388 404 2424 πάν-

67 2456 88 2478 τα
103 2441 132 2489 ἦτε
148 2442 250 2492 ἡγιασμένοι.
266 2441 308 2493 Ign.
321 2440 371 2492 Eph.
387 2453 403 2480 2.

465 369 510 392 σεως
519 354 569 401 ἡμῶν.
587 363 603 403 7.
633 356 688 403 φησίν
696 356 729 405 γὰρ
739 358 748 392 ό
759 357 806 405 άγιος

464 411 522 457 λόγος.
539 420 568 457 13.
597 411 617 445 τὸ
632 413 701 457 Πνεῦμα
715 412 735 447 τὸ
747 408 806 459 ’Άγιον

464 464 503 512 περί
512 464 564 500 αὐτοῦ
573 464 662 511 ἐλάλησεν.
680 465 710 503 16,
739 465 766 501 διὰ
775 469 806 502 τοῦ

464 517 563 565 Πνεῦματος
575 522 605 555 τοῦ
614 518 673 567 Ἃγίου
685 518 739 558 οὕτως
749 534 805 568 προσ.

464 575 539 610 καλεῖται
548 573 596 620 ἡμᾶς.
612 585 641 611 22.
670 573 729 624 Ἀγίου
738 573 768 610 οὖν
776 589 805 621 μεὴ

463 629 490 675 ρὶς
506 629 617 677 ὑπάρχοντες.
637 641 668 678 30.
697 623 764 678 ἡπρὸς
777 630 806 666 τὸν

464 685 508 719 θεὸν
516 684 543 720 καὶ
552 683 592 721 τοῦς
602 684 661 733 ἁγίους
671 684 708 731 μετ’
717 684 806 731 οἷκτιρμῶν

463 738 516 785 μνεία.
537 737 568 786 56,
603 737 661 777 Οῦτως
676 740 710 788 γάρ
725 742 805 787 φησινὸ

463 793 511 841 ἅγιος
523 794 580 842 λόγος.
596 792 620 831 ib.
649 795 698 840 πάσῃ
709 794 760 843 ψυχῇ
770 793 805 831 ε’πι-
822 825 824 828 .

464 848 556 896 κεκλημένη
571 849 668 897 τδ,,.ἁγιον
681 849 734 896 όνομα
748 848 804 886 αὐτοῦ.

464 904 496 951 58.
525 904 545 939 τδ
562 903 622 953 ’Άγιον
640 905 709 951 Πνεῦμό
730 904 777 940 ἐστιν
794 904 805 950 ἡ

463 959 512 997 δόσις
521 959 577 996 αῦτοῦ.
594 957 670 1009 Fragm.
678 957 717 997 viii.
742 957 805 995 ’Ἔστιν

463 1012 493 1050 οῦν
512 1016 563 1050 τοῦτο
584 1014 634 1063 ἁγιαν
651 1014 679 1051 καί
701 1013 753 1052 εῦθές.
777 1011 802 1051 ib.

463 1069 509 1117 παρὰ
518 1071 548 1105 τοῦ
558 1069 607 1118 ἁγίου
616 1070 642 1106 καὶ
651 1070 804 1118 πρωτοκορυφαίου

463 1123 535 1171 Πέτρου.
550 1136 569 1161 x.
597 1124 637 1162 τοῦς
652 1124 711 1174 ἁγίους
724 1126 803 1172 πρεσβυ-

462 1179 526 1227 τέρους.
542 1177 584 1229 Ign.
596 1177 661 1230 Magn.
673 1191 690 1227 3.
723 1180 804 1226 ἐκκλησίᾳ

462 1233 507 1282 ἁγίᾳ.
519 1231 646 1272 Trall.1nscr.
671 1234 804 1280 ἁπεπιστευμέ-

463 1303 491 1326 νος
499 1289 521 1325 τὰ
533 1289 573 1338 ἅγια
584 1293 618 1325 τῶν
627 1290 684 1338 ἁγίων.
699 1287 772 1326 Philad.
784 1301 801 1338 9.

462 1343 486 1381 είς
496 1343 536 1381 τοῦς
549 1344 607 1392 ἁγίους
621 1346 648 1381 καὶ
660 1344 733 1382 πιστοῦς
745 1344 801 1380 αὐτοῦ.

462 1396 538 1449 Smyrn.
552 1410 567 1436 1.
596 1400 644 1447 ἁγιός
659 1414 685 1437 τις
700 1400 734 1448 πρὸ
750 1398 801 1445 ἡμῶν.

462 1451 539 1504 Fragm.
550 1452 561 1491 i.
587 1453 637 1502 Ἀνὴρ
646 1454 667 1490 δέ
675 1469 700 1491 τις
709 1454 757 1503 ἁγιος
766 1450 804 1490 εἶπέ

461 1523 482 1546 τι.
493 1507 512 1546 ii.
535 1509 601 1557 ὁίίγιος
609 1510 679 1557 μάρτυς.
689 1507 747 1547 Mart.
758 1507 800 1559 Igu.

463 1574 479 1601 2.
508 1564 538 1600 τὸν
550 1563 599 1612 ἁγιου
607 1563 727 1612 Πολῦκιιριτον.
746 1575 757 1612 3
768 1562 800 1600 613

460 1618 555 1664 ἐδεξιοῦντο
563 1619 597 1667 γὰρ
606 1619 635 1655 τδν
644 1619 697 1667 ἁγιον.
710 1616 735 1656 ib.
761 1619 802 1655 ῦπο-

461 1672 562 1721 δειχθέντων
575 1676 599 1723 τῷ
614 1673 657 1723 ἁγίῳ
673 1675 766 1710 Ποτιόλων.
784 1681 800 1720 5.

460 1728 482 1764 τὰ
491 1728 533 1765 κατὰ
541 1729 572 1764 τὸν
580 1728 628 1776 ἁγιον
637 1729 718 1776 μάρτυρα.
730 1727 747 1765 6.
772 1731 802 1764 τοῦ

460 1783 510 1831 ἁγίου
518 1783 603 1831 μάρτυρος
612 1782 700 1831 Ἰγνατίου.
715 1781 740 1820 ib.
769 1787 803 1818 τῶν

460 1838 513 1887 ἁγίων
521 1838 573 1874 αῦτοῦ
582 1838 675 1886 λειψάνων.
686 1836 711 1876 ib.
733 1840 754 1884 τῇ
763 1838 803 1886 ἁγίᾳ
835 1831 836 1835 ¹

459 1892 689 1941 ἐκκλησίᾳκαταλειφθέντα,
700 1892 725 1931 ib.
750 1907 802 1939 μακα-

459 1948 538 1996 ρίσοντες
551 1948 581 1984 τδν
593 1948 647 1996 ἅγιον.
664 1955 681 1996 7.
710 1950 740 1995 τῆς
755 1948 803 1996 ἁγίας

460 2003 487 2042 καὶ
496 2002 586 2049 καθολικῆς
595 2003 691 2049 ἐκκλησίας.
701 2001 760 2040 Mart.
767 2001 803 2040 Po-

460 2055 572 2108 1516111801.
601 2059 700 2104 κοινωνῆσαι
718 2060 742 2109 τῷ
760 2058 802 2108 ἁγίῳ

460 2114 512 2149 αὐτοῦ
520 2112 589 2162 ααρκίῳ.
602 2119 632 2161 17.
661 2111 803 2161 Προσαγορεῦετε

459 2170 524 2205 πάντας
532 2167 573 2205 τοὺς
584 2168 648 2216 ἁγίους.
665 2179 695 2204 20.
725 2168 753 2204 ἐπὶ
767 2182 802 2203 σω-

459 2223 508 2272 τηρίᾳ
522 2224 542 2269 τῇ
557 2227 591 2259 τῶν
604 2223 657 2270 ἁγίων
666 2223 753 2259 ἐκλεκτῶν.
770 2234 800 2259 22.

460 2278 493 2314 σῦν
502 2278 557 2326 Πατρί
565 2278 593 2314 καὶ
601 2276 653 2327 Ἀγίῳ
663 2276 753 2324 Πνεάμοτι.
768 2275 793 2314 ib.

460 2389 556 2436 ἁγιοφόροι.
567 2385 611 2437 Ign.
622 2385 671 2437 Eph⁴
683 2399 700 2436 9.
721 2387 801 2434 ἐκκλησίᾳ

471 2471 483 2478 ..
493 2442 587 2491 ἁγιοφόρῳ.
603 2440 680 2491 Smyrn.
691 2440 751 2479 Inscr.

67 2497 137 2534 Παύλου
148 2496 246 2545 συμμῦσται
255 2501 285 2534 τοῦ
297 2496 403 2545 ἡγιασμένον.
428 2495 539 2546 ’Ἃγκιστρον
567 2496 588 2532 τὰ
606 2495 691 2544 άγκιστρο
707 2498 737 2543 τῆς
755 2510 800 2532 κενα-

69 2563 98 2590 12.

459 2551 522 2597 δοξίας.
550 2549 593 2601 Ign.
604 2549 669 2601 Magn.
681 2562 710 2588 11.

39 2606 138 2657 ΚΑγιασμός.
153 2606 250 2654 ποιήσωμεν
255 2608 276 2644 τὰ
282 2609 313 2644 τοῦ
320 2609 405 2655 ἁγιασμοῦ
432 2607 503 2656 Ἀγνεία,
532 2607 551 2641 τὸ
564 2605 679 2654 ἁξιογόπητον
691 2608 720 2653 τῆς
734 2604 800 2653 ἁγνείας

66 2663 125 2700 πάντα.
140 2660 199 2700 Olem.
211 2661 262 2710 130.
291 2662 378 2710 ἐγκράτεια
387 2662 405 2698 ἐν

66 2720 149 2768 ἁγιασμῷ.
166 2724 196 2766 35.

38 2771 156 2822 (Αγιοπρεπής.
184 2772 267 2818 ὑπηκόους
278 2774 314 2810 ταῖς
324 2775 403 2821 ἁγιοπρε-

66 2827 108 2866 πέσι
122 2829 186 2876 λόγοις.
202 2825 260 2865 Glem.
274 2826 285 2864 I
299 2838 328 2875 13.
362 2827 403 2863 ἐνει-

66 2885 161 2931 λημμένους
178 2883 213 2919 τοῖς
231 2882 343 2931 ἁγιοπρεπέσι
364 2882 404 2918 δεσ-

66 2940 108 2986 μοῖς.
124 2936 186 2987 Ροίγο.
197 2935 244 2974 Phil.
258 2949 273 2975 1.

36 2990 100 3042 “Aytom
129 2991 194 3040 πλήρης
204 2991 301 3040 Πνεῦματος
310 2991 368 3041 Ἀγίου
377 2991 404 3027 ἕκ-

65 3063 122 3096 ηηυσις»
140 3045 199 3085 Olem.
210 3045 221 3083 Ῑ
232 3059 250 3084 2.
278 3049 302 3086 εἷς
315 3048 344 3083 τὸν
356 3047 404 3096 άγιον

458 2660 503 2707 ἦθος.
526 2659 586 2698 016111.
605 2659 616 2697 Ι
634 2672 664 2697 21.
699 2662 733 2706 δάιη
751 2661 799 2706 πάσῃ

458 2717 509 2765 ψυχῇ
520 2744 549 2753 ...
560 2715 628 2764 ἁγνείαν
637 2716 663 2751 καὶ
677 2713 799 2764 σωφροσύνην.

459 2772 489 2819 58.
519 2769 537 2806 ἐν
548 2771 596 2816 πάσῃ
613 2770 670 2818 ἁγνείᾳ
686 2771 714 2806 καί
728 2771 799 2818 σωφρο-

458 2824 501 2872 σῦνῃ
516 2824 580 2873 μένητε.
598 2823 640 2875 Ign.
656 2823 751 2875 Eph.10.
779 2823 801 2862 Εἴ

458 2896 483 2919 τις
492 2879 560 2917 δῦναται
570 2880 588 2916 ἐν
597 2881 654 2928 ἁγνείᾳ
663 2879 723 2926 μένειν.
735 2878 800 2930 Polyc.

459 2943 475 2983 5.
505 2936 552 2981 ε’ντῇ
562 2935 631 2982 δοθείσῃ
641 2937 726 2972 αὐτοῖς...
737 2936 799 2984 ἁγνείᾳ.

458 2989 521 3040 Polye.
533 2987 581 3027 Phil.
595 3001 612 3036 4.
640 2993 754 3038 προνοοῦντες
770 2994 800 3039 ἁγ-

458 3046 507 3083 νείας.
522 3054 539 3092 5.

66 3101 215 3151 τόπονέπορεῦθη.
227 3110 244 3149 5.
268 3105 297 3150 τῆς
307 3102 354 3151 ἁγίας
364 3101 403 3148 κλὴ-
431 3093 542 3149 Ιἁγνίζεσθαι.
573 3099 799 3149 Περίψημαὰμώνκαὶάγ-

595 3154 607 3192 b
