1931 3420
309 263 347 306 ΕΤ
366 263 591 308 FORMULARUM.

67 379 158 427 Ἀξιόθεος
186 380 217 415 τοῦ
226 376 304 423 ἀξιοθέοιι
313 377 360 424 ίιμῶν
369 376 438 414 ε’πισκό-

94 450 133 473 που.
144 433 186 484 Igu.
196 431 262 483 Magn.
274 444 291 470 2.
319 431 411 483 ε’κκλησίη.
421 460 425 470 .
435 460 439 469 .

95 488 173 539 ἀξιοθέιρ.
192 485 251 525 Τιίιίί.
272 487 331 525 Inscr.
353 487 439 534 ε’κκλησίᾳ

98 573 102 582 .
111 573 116 581 .
125 572 129 581 .
137 543 174 591 ἥτις
204 542 308 593 προκάθηται
316 570 320 579 .
330 570 334 580 .
344 541 438 589 ,ἀξιόθτος

96 598 233 637 3011141101.
260 598 307 645 ὑμῶν
327 598 348 634 τὰ
371 596 439 642 ἀξιόθεα

95 655 187 703 πρόσωπα.
199 665 215 690 1.
242 651 345 700 ’ἀσπάζομαι
353 653 383 689 τὸν
392 651 438 698 ἀξιό-

97 709 136 746 θεον
144 707 243 746 ἐπίσκοπον.
254 706 329 758 Smyrn.
339 719 368 745 12.

69 762 225 811 ’ᾼξιομσκόριστος
266 766 287 810 τῇ
314 761 394 809 ἐκκλησίᾳ
419 764 439 808 τῇ

76 861 78 864 Ι
97 817 240 868 ἀξιομακαρίοτῳ.
257 817 297 868 lgn.
313 815 364 868 Eph.
380 816 438 854 111801.

97 872 239 911 Παύλου...τοῦ
249 872 397 922 ἀξιομακαμίστου.
410 883 437 909 12.

98 928 193 975 ἐκκλησίᾳ..
199 927 241 975 ,ἥτις
260 927 370 977 προκάθηται.
375 955 379 964 .
385 926 439 973 ,ἀξιο-

97 984 207 1032 μακάριστος.
223 981 279 1020 Rom.
294 983 352 1021 Inscr.
382 981 403 1018 δι’
412 981 439 1018 Ἐ-

77 1070 79 1073 .
98 1038 166 1087 φεσίων
174 1041 207 1074 τῶν
216 1037 367 1087 ἀξιομακαρίστων.
380 1049 407 1074 10.

71 1093 207 1140 Ἀξιονόμαστος.
237 1094 260 1129 Τό
273 1094 307 1142 γὰρ
319 1093 441 1139 ἀξιονόμαστον

98 1149 144 1196 ὑμῶν
152 1146 282 1196 πρεσβυτέρων.
294 1148 335 1198 Ign.
346 1144 396 1198 Eph.
408 1159 426 1194 4.

71 1203 185 1249 ’ἀξιόπιστος
212 1200 261 1239 λώκοι
278 1203 380 1249 ἀξιόπιστοι.
397 1201 438 1252 lgn.

100 1255 174 1295 Philad.
191 1268 208 1294 ι.
236 1259 257 1294 Ol
273 1258 360 1296 δοκοῦντες
373 1257 438 1302 ἀξιόπι-

100 1328 139 1350 στοι
156 1308 202 1349 εἶναι.
219 1310 284 1362 Polyc.
301 1324 319 1360 3.
348 1313 378 1350 κάν
392 1311 438 1358 ἀξιό-

100 1382 162 1406 πιστος
170 1363 187 1414 ᾗ.
198 1366 275 1418 Fragm.
285 1366 311 1405 ix.

73 1422 190 1468 Ἀξιόπλοκος.
219 1422 321 1468 όξιοσλόιιαιι
329 1424 440 1470 πνευματικοῦ

101 1478 189 1526 στεφάνου
203 1479 234 1515 τοῦ
248 1477 380 1527 πρεσβυτερίου.
397 1476 439 1527 lgn.

73 1588 78 1602 ‚
102 1531 208 1598 Magn-'¹3-

77 1587 191 1637 ,Αξιοπρεπης
232 1590 262 1623 τοῦ
286 1587 441 1636 ἀξιοτρεπεστότον

102 1642 201 1680 ἐπισκόπων.
212 1643 253 1693 lgn.
264 1640 369 1693 Magn-13.
384 1642 440 1688 τῇέκ-

102 1698 175 1744 κλησίᾳ.
183 1726 187 1734 .
195 1724 199 1733 .
206 1698 241 1745 ἥτις
250 1697 363 1746 προκάθηται.
372 1697 440 1742 ..ἀξιο-

102 1751 172 1801 πρετής.
182 1750 238 1791 Rom.
250 1751 308 1790 Ιοαοι.

70 1806 136 1853 Ἄξιος.
163 1806 200 1844 τίνα
211 1808 274 1855 καρπὸν
282 1807 329 1853 ι’ίξιον
337 1806 358 1843 οὗ
366 1806 404 1854 ἡμῖν
412 1807 441 1842 αὐ-

102 1863 131 1900 τὸς
145 1861 216 1905 ἔδωκεν,·
236 1860 296 1900 Olem.
311 1861 330 1898 ΙΙ
343 1872 359 1898 1.
390 1861 443 1907 ἀξίοις

103 1916 143 1954 οὖσι
155 1920 232 1954 τοιοῦτον
242 1917 335 1954 ἐπίσκοπον
348 1916 442 1962 κεκτῆσθαι.

104 1971 145 2023 Ign.
160 1970 210 2022 Eph.
227 1983 242 2009 1.
271 1973 281 2008 ό
295 1973 338 2007 θεοῦ
355 1971 401 2017 ἀξνος
418 1972 444 2007 καὶ

103 2028 154 2074 ὑμῶν.
171 2038 188 2064 2.
216 2027 276 2075 ἐάνπερ
290 2026 337 2072 ἀξιος
351 2026 369 2063 ὦ.
384 2024 410 2063 ib.
425 2029 444 2063 et

105 2080 170 2133 Magn.
194 2094 222 2119 ¹2.
261 2080 392 2129 πρεσβυτέριον,
415 2084 444 2117 τοῦ

105 2140 149 2173 θεοῦ
162 2135 215 2182 ἀξιον,
227 2134 276 2186 Eph.
287 2148 305 2183 4.
334 2135 345 2172 ἀ
359 2140 413 2184 σιγῶν
427 2137 444 2172 δέ

104 2192 200 2237 πεποίηκεν,
210 2192 249 2238 ἀξια
264 2195 295 2228 τοῦ
310 2193 378 2240 Πατρός
393 2191 444 2228 ἐστιν.

107 2255 131 2295 15
166 2246 289 2295 πρεσβυτέρων
304 2246 362 2292 ἀξίων.
378 2244 444 2296 Magn.

107 2314 136 2339 zu,
144 2300 192 2338 “30⁶⁹
201 2303 231 2339 οὐκ
244 2301 291 2347 ἀξιός
304 2302 338 2349 είμι
351 2301 445 2338 καλεῖσθαι.

102 2369 138 2404 14.
167 2356 206 2393 ἀλλ’
220 2356 251 2392 οὐκ
264 2354 302 2394 οἶδα
317 2357 332 2393 εί
345 2356 392 2402 ἀξιός
407 2356 445 2403 εἶμι.

106 2410 194 2459 Τ1ο11.4.
222 2410 261 2448 ὅθεν
269 2412 296 2449 καὶ
310 2412 340 2448 οίικ
353 2411 400 2456 ἄξιός
414 2411 446 2459 είμι

105 2466 193 2517 λέγεσθαι.
205 2479 233 2515 13.
262 2467 343 2516 οὐδὲγὰρ
352 2466 398 2512 ἀξιός
407 2466 446 2512 εἶμι.

107 2521 163 2560 Rom.
179 2533 197 2570 9.
224 2522 285 2560 πάντες
300 2522 333 2570 γάρ
347 2521 391 2558 εἶσιν
404 2520 448 2567 τ’ίξιοι

106 2580 137 2614 τοῦ
146 2580 190 2614 Θεοῦ
199 2577 226 2613 καί
235 2576 287 2623 ὑμῶν.
302 2588 331 2613 ιο.
359 2575 404 2622 ἀξιοι
414 2577 447 2625 γάρ

107 2632 153 2669 ἐστε.
172 2630 249 2682 Smyrn.
266 2644 283 2681 9.
311 2632 342 2668 οὐκ
360 2631 383 2667 ών
401 2631 448 2677 όξιος

107 2687 169 2724 ἐκεῖθεν
180 2684 227 2724 εἶναι.
240 2698 270 2724 11.
297 2686 363 2735 Ἐφάνη
377 2701 406 2732 μοι
419 2685 448 2722 οὖν

107 2741 155 2788 ἀξιον
163 2743 233 2790 πρᾶγμα
248 2739 273 2779 ib.
301 2739 328 2778 ἵνα
341 2742 362 2778 τὰ
375 2740 448 2778 ἀκκεπτα

107 2798 153 2843 ὑμῶν
161 2796 201 2842 ἀξια
210 2795 310 2843 κομίσησθε.
319 2795 383 2847 Polyc.
393 2796 410 2833 6.
425 2797 447 2833 ὡς

108 2851 155 2898 ἀξιον
164 2851 192 2888 ών.
204 2851 222 2889 8,
246 2851 310 2897 ἀξίους,
319 2854 349 2888 τοῦ
359 2852 448 2900 ἀπολογεῖ-

108 2907 149 2944 σθαι
158 2907 219 2944 αὐτοῖς.
231 2904 288 2945 Mart.
300 2905 364 2957 Polye.
374 2917 402 2944 10.

81 2961 155 3009 Ἀξιοῦν.
167 2961 267 3008 ἀξιώσωμεν
274 2964 380 3010 συγγνώμην.
388 2959 447 2999 016111.

109 3016 118 3053 Ι
136 3026 168 3065 51.
196 3017 256 3053 ἑαυτὸν
274 3017 395 3065 ἐξαλειφθῆναι
413 3014 448 3064 μετ’

109 3073 164 3109 αὐτῶν
185 3071 236 3118 ἀξιοῖ.
261 3079 293 3121 53.
326 3070 399 3119 ἠξίωσεν
421 3072 449 3108 τὸν

110 3127 227 3174 παντεπόστην
250 3128 345 3174 Δεσπότην.
366 3134 396 3174 55.
426 3124 450 3164 οἷς

805 261 832 305 21

494 379 520 415 καὶ
536 377 643 427 ἀγαλλιῶμαι
658 376 684 413 ὅτι
698 375 776 424 ἠξιώθην.
791 376 832 428 Ign.

494 430 544 483 Eph.
559 444 577 481 9.
605 431 664 480 ώσπερ
680 430 753 479 ἠξιώθην
768 431 792 470 εἷς
809 447 834 469 τι·

492 488 526 535 μὴν
539 489 583 523 θεοῦ
597 486 690 535 είιρεθήναι.
702 498 734 524 21.
762 484 835 534 ἠξιώθην

493 542 535 579 ίδείν
552 542 595 589 ὑμᾶς
613 542 640 578 διὰ
658 541 712 588 Δόμα.
731 539 833 592 Magnum

493 597 517 636 εἷς
531 598 550 633 τό
564 595 654 643 ἀξιωθῆναι
667 596 697 643 τήν
711 596 729 633 ἐν
742 596 793 644 Συρίη
806 597 833 634 ε’κ-

494 652 571 699 κλησίαν.
587 663 615 697 14.
643 653 673 688 τοῦ
682 650 773 698 ἀξιωθῆναί
780 667 802 699 με
811 651 835 690 εἷς

494 707 544 745 τελος
555 703 602 744 εἶναι.
612 705 670 744 Rom.
684 718 700 744 1.
728 705 747 745 ὅς
756 707 783 743 καί
791 721 834 756 μαρ-

494 762 552 812 τυρίαν
569 759 637 809 ἠξίωτο.
657 759 734 812 Fragm.
753 759 766 799 i.
798 760 834 809 ἠξι-

494 821 536 855 ώντο
549 818 579 864 τῆς
592 818 623 853 τοῦ
632 818 722 865 θεοφόρου
736 817 834 865 συντυχίας.

494 871 552 910 Mam
563 871 606 922 Igu.
618 871 636 909 6.
664 871 685 907 Σέ
698 871 729 918 μέν
741 871 768 908 καὶ
781 873 836 921 λόγον

494 927 565 975 ἠξίωσα.
577 924 712 976 Mart.P01yc.
725 937 732 963 1
737 938 755 964 ο.
783 924 835 974 ἠξίω-

494 984 527 1021 σός
540 997 561 1030 με
574 984 604 1029 τῆς
613 981 681 1031 ἡμέρας.
695 993 723 1029 14.
752 979 836 1029 ἠξιώσατε

495 1038 522 1075 διὰ
530 1038 614 1075 πλειόνων
622 1036 716 1084 δηλωθῆναι
726 1037 770 1084 ὑμῖν.
782 1049 813 1074 20.

467 1092 529 1139 Ἀξίως.
558 1093 587 1129 ε’ὰν
595 1091 617 1139 μή
627 1092 678 1138 ἀξίως
687 1092 738 1129 αὐτοῦ
747 1093 836 1129 πολιτευό-

494 1162 547 1196 μενοι.
567 1146 626 1185 Olem.
644 1146 654 1184 Ῑ
674 1158 706 1185 21.
737 1146 788 1192 ἀξίως
806 1149 836 1194 τῆς

494 1203 561 1249 ἐντολῆς
568 1231 572 1240 .
580 1231 584 1240 .
592 1204 707 1251 ,περιπατεῖν
714 1200 778 1252 Polyc.
783 1200 834 1240 Phil.

494 1266 512 1306 5.
541 1258 570 1294 ἐὰν
584 1257 725 1303 πολιτενσώμεθα
738 1257 790 1303 ἀξίως
805 1258 835 1294 αὖ·

492 1316 528 1350 τοῦ.
538 1311 564 1350 ib.
590 1311 630 1350 τοὺς
639 1312 657 1349 δέ
666 1312 761 1361 μάρτυρας.
770 1340 774 1349 .
782 1342 786 1350 .
794 1312 835 1363 ἀγα-

493 1372 551 1416 πῶμεν
559 1367 616 1413 ἀξίως.
626 1365 684 1404 Μωνί.
696 1366 760 1418 Ροίγο.
772 1375 801 1416 17.

463 1421 537 1460 Ἄοκνος.
565 1421 584 1459 ὃν
597 1421 683 1471 ἀγαπητὸν
696 1421 736 1459 λίαν
746 1423 796 1470 ἔχετε
809 1423 836 1460 καὶ

494 1477 559 1515 ἄοκνον.
573 1477 614 1528 lgn.
625 1475 689 1527 Polye.
700 1484 718 1526 7.
747 1477 793 1524 ὑμῶν
806 1477 837 1525 τήν

494 1532 555 1569 ἀοκνον
563 1531 635 1581 ἀγόπην.
646 1530 672 1570 ib.

468 1587 541 1624 Ἀόκνως-
569 1587 632 1625 ἀόκνως
640 1587 765 1635 προσέλθωμεν
773 1591 797 1638 τῷ
807 1588 835 1625 θε-

496 1641 558 1689 λήματι
566 1643 623 1679 αίιτοῦ.
633 1640 694 1680 (Hem.
705 1642 714 1679 Ι
725 1653 756 1691 33.

469 1698 550 1746 Ἀόρατος.
578 1696 616 1734 ίνα.
625 1726 628 1734 ,
637 1699 678 1733 ,τοῦ
687 1696 760 1745 ἀοράτον
769 1698 793 1748 δῷ
807 1696 838 1743 τήν

497 1752 593 1800 ἐπίγνωσιν.
614 1749 675 1789 Olem.
699 1750 777 1803 Fragm.
796 1750 837 1790 viii.

497 1807 598 1845 ἐπίσκοπον,
604 1835 608 1843 .
615 1835 618 1844 .
626 1808 656 1843 τόν
664 1806 736 1855 ἀόρατον
744 1807 838 1856 παραλογί-

498 1864 547 1908 ζεται,
565 1861 607 1912 Ign.
623 1860 689 1912 Magn.
706 1874 724 1911 3.
752 1863 805 1911 ὁρατά
819 1877 839 1898 τε

497 1919 527 1954 καί
537 1916 607 1965 ἀόρατα.
617 1915 674 1954 Trall.
687 1924 704 1965 5.
732 1920 766 1954 τών
774 1919 840 1966 ὁρατῶν

498 1973 525 2009 καὶ
545 1971 626 2021 ἀοράτων.
648 1971 705 2010 Rom.
725 1981 743 2020 5,
771 1973 787 2009 οί
808 1971 838 2021 ἀρ-

498 2042 558 2075 χοντες
583 2027 642 2073 ὁραταί
666 2042 685 2063 τε
709 2029 737 2065 καὶ
763 2027 838 2077 ἀόρατοι.

500 2081 576 2132 Smym.
586 2082 604 2120 6.
632 2083 654 2119 τὰ
663 2082 681 2119 δέ
691 2082 753 2131 ἀόρατα
762 2080 804 2119 α’ίτει
812 2081 840 2120 ἵνα

500 2151 529 2174 σοι
544 2137 640 2186 φανερωθῇ.
658 2136 722 2188 Polyc.
740 2149 757 2175 2.
785 2153 841 2187 προσ-

500 2193 551 2229 δόκα.
559 2220 563 2229 .
571 2193 611 2230 ,τὸν
619 2192 696 2242 ἀόρατον.
706 2204 725 2241 3.

472 2247 565 2297 Ἀόργητος.
594 2246 681 2295 νοήσωμεν
700 2252 737 2286 τώς
759 2247 842 2297 ἀόργητος

500 2302 577 2351 ὑπάρχει.
597 2300 657 2340 Olem.
677 2301 686 2339 I
706 2315 734 2352 19.
763 2302 841 2352 ἐπιγνοὺς

501 2357 554 2395 ...τό
569 2357 652 2406 ἀόργητον
666 2358 722 2394 αὐτοῦ.
738 2357 779 2408 Igu.
796 2356 841 2395 Phi-

500 2410 566 2450 lad.1.

473 2467 604 2516 Ἀπαγγέλλειν.
619 2466 665 2505 ὅπως
674 2466 735 2503 θᾶττον
742 2495 746 2502 .
754 2493 758 2503 .
766 2466 843 2515 ,είρήνην

501 2522 528 2558 καί
541 2523 618 2568 ὁμόνοιαν
631 2520 769 2570 ἀπαγγέλλωσιν.
779 2520 840 2560 Olem.

501 2576 511 2614 Ι
531 2584 561 2624 59.
595 2575 682 2625 ἀπηγγέλη
703 2592 732 2624 μοι
753 2577 842 2625 εἰρηνεύειν

500 2632 531 2678 τὴν
563 2631 658 2677 ἐκκλησίαν.
692 2630 734 2682 lgn.
766 2631 841 2670 Philad.

505 2698 533 2723 10.

474 2741 558 2790 Ἀπόγειν,
586 2740 673 2787 δεδεμένος
686 2741 709 2779 εἰς
719 2741 784 2789 Ῥώμην
798 2742 841 2780 ἀπό-

500 2811 556 2845 γομοι.
573 2794 617 2846 Ign.
632 2795 681 2846 Eph.
698 2808 729 2834 21.
742 2815 743 2818 “
758 2797 782 2835 είς
798 2812 841 2835 πον-

501 2852 542 2897 τελή
564 2850 635 2899 όλεθρον
653 2851 749 2900 ἀπάγουσιν
767 2852 842 2891 ἑαυτούς.

502 2904 579 2956 Fragm.
598 2903 612 2942 ἰ.
640 2906 783 2956 ἀπαχθησόμενος
800 2909 844 2959 πρὸς

502 2962 561 3009 βορόν,
576 2958 634 2999 Mart.
650 2961 693 3012 Ign.
707 2975 724 3000 2.
752 2962 800 3011 ἡμεῖς
813 2964 844 3011 μέν

502 3016 569 3054 ίίκοντες
578 3016 680 3065 ἀπηγόμεθα.
692 3025 709 3065 5.
725 3017 793 3067 ἀπήχθη
802 3020 844 3067 μετὰ

503 3071 578 3119 σπουδῆς
587 3071 611 3109 εἷς
619 3072 639 3108 τὸ
649 3071 772 3123 ἀμφιθέατρον.
783 3075 800 3111 6.

477 3125 555 3173 Ἀπαθής.
583 3130 651 3175 πρῶτον
666 3128 746 3175 παθητὸς,
761 3131 788 3166 καὶ
806 3131 844 3167 τότε
