<?xml version="1.0" encoding="UTF-8"?>
<!DOCTYPE html PUBLIC "-//W3C//DTD XHTML 1.0 Transitional//EN"
    "http://www.w3.org/TR/xhtml1/DTD/xhtml1-transitional.dtd">
<html xmlns="http://www.w3.org/1999/xhtml" xml:lang="en" lang="en">
 <head>
  <title>
</title>
<meta http-equiv="Content-Type" content="text/html;charset=utf-8" />
  <meta name='ocr-system' content='tesseract 3.04.00' />
  <meta name='ocr-capabilities' content='ocr_page ocr_carea ocr_par ocr_line ocrx_word'/>
</head>
<body>
  <div class='ocr_page' id='page_1' title='image "./lta-2000/MN41360ucmf_0/MN41360ucmf_0_0437.png"; bbox 0 0 1931 3420; ppageno 0'>
   <div class='ocr_carea' id='block_1_1' title="bbox 285 241 562 285">
    <p class='ocr_par' dir='ltr' id='par_1_1' title="bbox 285 241 562 285">
     <span class='ocr_line' id='line_1_1' title="bbox 285 241 562 285; baseline 0.004 -2"><span class='ocrx_word' id='word_1_1' title='bbox 285 241 323 284; x_wconf 83' lang='grc' dir='ltr'>ΕΤ</span> <span class='ocrx_word' id='word_1_2' title='bbox 338 241 562 285; x_wconf 83' lang='lat' dir='ltr'>FORMULARUM.</span> 
     </span>
    </p>
   </div>
   <div class='ocr_carea' id='block_1_2' title="bbox 64 351 411 3045">
    <p class='ocr_par' dir='ltr' id='par_1_2' title="bbox 64 351 411 3045">
     <span class='ocr_line' id='line_1_2' title="bbox 68 351 407 404; baseline -0.009 -11"><span class='ocrx_word' id='word_1_3' title='bbox 68 353 163 404; x_wconf 76' lang='grc' dir='ltr'>ἐγέγραπτο</span> <span class='ocrx_word' id='word_1_4' title='bbox 190 352 228 401; x_wconf 80' lang='grc' dir='ltr'>περὶ</span> <span class='ocrx_word' id='word_1_5' title='bbox 255 352 358 390; x_wconf 88' lang='grc' dir='ltr'>ἐπισκόπων.</span> <span class='ocrx_word' id='word_1_6' title='bbox 381 351 407 391; x_wconf 87' lang='lat' dir='ltr'>ib.</span> 
     </span>
     <span class='ocr_line' id='line_1_3' title="bbox 67 405 407 458; baseline -0.009 -11"><span class='ocrx_word' id='word_1_7' title='bbox 67 410 114 456; x_wconf 73' lang='grc' dir='ltr'>ὑμῶν</span> <span class='ocrx_word' id='word_1_8' title='bbox 127 406 146 444; x_wconf 84' lang='grc' dir='ltr'>δέ</span> <span class='ocrx_word' id='word_1_9' title='bbox 160 406 178 443; x_wconf 93' lang='grc' dir='ltr'>ἐν</span> <span class='ocrx_word' id='word_1_10' title='bbox 191 406 240 455; x_wconf 79' lang='grc' dir='ltr'>σαρκί</span> <span class='ocrx_word' id='word_1_11' title='bbox 254 406 349 457; x_wconf 82' lang='grc' dir='ltr'>ἐπισκόπῳ,</span> <span class='ocrx_word' id='word_1_12' title='bbox 365 405 407 458; x_wconf 78' lang='lat' dir='ltr'>Igu.</span> 
     </span>
     <span class='ocr_line' id='line_1_4' title="bbox 67 460 409 513; baseline -0.012 -12"><span class='ocrx_word' id='word_1_13' title='bbox 67 460 117 513; x_wconf 79' lang='lat' dir='ltr'>Eph.</span> <span class='ocrx_word' id='word_1_14' title='bbox 131 472 147 498; x_wconf 85' lang='lat'>1.</span> <span class='ocrx_word' id='word_1_15' title='bbox 177 463 253 497; x_wconf 81' lang='grc' dir='ltr'>τοιοῦτον</span> <span class='ocrx_word' id='word_1_16' title='bbox 271 461 366 499; x_wconf 86' lang='grc' dir='ltr'>ἐπίσκοπον</span> <span class='ocrx_word' id='word_1_17' title='bbox 383 476 409 498; x_wconf 86' lang='grc' dir='ltr'>κε-</span> 
     </span>
     <span class='ocr_line' id='line_1_5' title="bbox 69 512 411 563; baseline 0 -11"><span class='ocrx_word' id='word_1_18' title='bbox 69 515 147 563; x_wconf 77' lang='grc' dir='ltr'>κτῆσθαι.</span> <span class='ocrx_word' id='word_1_19' title='bbox 161 512 186 552; x_wconf 84' lang='lat' dir='ltr'>ib.</span> <span class='ocrx_word' id='word_1_20' title='bbox 222 515 245 552; x_wconf 83' lang='grc' dir='ltr'>είς</span> <span class='ocrx_word' id='word_1_21' title='bbox 260 515 311 563; x_wconf 82' lang='grc' dir='ltr'>τιμὴν</span> <span class='ocrx_word' id='word_1_22' title='bbox 324 515 370 562; x_wconf 81' lang='grc' dir='ltr'>όμῶν</span> <span class='ocrx_word' id='word_1_23' title='bbox 384 516 411 552; x_wconf 76' lang='grc' dir='ltr'>καί</span> 
     </span>
     <span class='ocr_line' id='line_1_6' title="bbox 67 569 411 615; baseline -0.006 -7"><span class='ocrx_word' id='word_1_24' title='bbox 67 573 97 609; x_wconf 82' lang='grc' dir='ltr'>τοῦ</span> <span class='ocrx_word' id='word_1_25' title='bbox 112 569 212 607; x_wconf 77' lang='grc' dir='ltr'>ἐπισκόπου.</span> <span class='ocrx_word' id='word_1_26' title='bbox 228 580 245 606; x_wconf 86' lang='lat'>2.</span> <span class='ocrx_word' id='word_1_27' title='bbox 279 569 411 615; x_wconf 91' lang='grc' dir='ltr'>ἐπιτασσόμενοι</span> 
     </span>
     <span class='ocr_line' id='line_1_7' title="bbox 66 623 409 676; baseline -0.012 -13"><span class='ocrx_word' id='word_1_28' title='bbox 66 627 90 676; x_wconf 75' lang='grc' dir='ltr'>τῷ</span> <span class='ocrx_word' id='word_1_29' title='bbox 105 623 193 673; x_wconf 80' lang='grc' dir='ltr'>ἐπισκόπφ</span> <span class='ocrx_word' id='word_1_30' title='bbox 207 623 271 674; x_wconf 76' lang='grc' dir='ltr'>καὶτῷ</span> <span class='ocrx_word' id='word_1_31' title='bbox 284 623 409 673; x_wconf 82' lang='grc' dir='ltr'>πρεσβυτερίῳ.</span> 
     </span>
     <span class='ocr_line' id='line_1_8' title="bbox 67 677 410 720; baseline -0.012 -3"><span class='ocrx_word' id='word_1_32' title='bbox 67 678 91 718; x_wconf 89' lang='lat' dir='ltr'>ib.</span> <span class='ocrx_word' id='word_1_33' title='bbox 121 679 138 714; x_wconf 84' lang='grc' dir='ltr'>οί</span> <span class='ocrx_word' id='word_1_34' title='bbox 152 677 247 720; x_wconf 89' lang='grc' dir='ltr'>ἐπίσκοποι,</span> <span class='ocrx_word' id='word_1_35' title='bbox 261 679 278 714; x_wconf 83' lang='grc' dir='ltr'>οἶ</span> <span class='ocrx_word' id='word_1_36' title='bbox 292 677 367 714; x_wconf 76' lang='grc' dir='ltr'>κατὰτὰ</span> <span class='ocrx_word' id='word_1_37' title='bbox 380 677 410 715; x_wconf 87' lang='grc' dir='ltr'>πέ-</span> 
     </span>
     <span class='ocr_line' id='line_1_9' title="bbox 67 729 411 783; baseline -0.009 -13"><span class='ocrx_word' id='word_1_38' title='bbox 67 746 111 783; x_wconf 86' lang='grc' dir='ltr'>ρατα</span> <span class='ocrx_word' id='word_1_39' title='bbox 120 731 222 781; x_wconf 88' lang='grc' dir='ltr'>ὁρισθέντες.</span> <span class='ocrx_word' id='word_1_40' title='bbox 237 743 254 779; x_wconf 83' lang='grc'>3.</span> <span class='ocrx_word' id='word_1_41' title='bbox 283 729 382 780; x_wconf 78' lang='grc' dir='ltr'>συντρέχειν</span> <span class='ocrx_word' id='word_1_42' title='bbox 390 735 411 778; x_wconf 83' lang='grc' dir='ltr'>τῇ</span> 
     </span>
     <span class='ocr_line' id='line_1_10' title="bbox 67 786 411 835; baseline -0.006 -11"><span class='ocrx_word' id='word_1_43' title='bbox 67 789 97 825; x_wconf 81' lang='grc' dir='ltr'>τοῦ</span> <span class='ocrx_word' id='word_1_44' title='bbox 110 786 204 823; x_wconf 77' lang='grc' dir='ltr'>ἐπισκόπου</span> <span class='ocrx_word' id='word_1_45' title='bbox 216 786 280 834; x_wconf 80' lang='grc' dir='ltr'>γνώμη.</span> <span class='ocrx_word' id='word_1_46' title='bbox 297 797 314 832; x_wconf 83' lang='lat'>4.</span> <span class='ocrx_word' id='word_1_47' title='bbox 343 786 367 822; x_wconf 83' lang='grc' dir='ltr'>Τδ</span> <span class='ocrx_word' id='word_1_48' title='bbox 378 786 411 835; x_wconf 79' lang='grc' dir='ltr'>γὰρ</span> 
     </span>
     <span class='ocr_line' id='line_1_11' title="bbox 70 839 410 891; baseline -0.009 -12"><span class='ocrx_word' id='word_1_49' title='bbox 70 839 249 890; x_wconf 84' lang='grc' dir='ltr'>...πρεσβυτέριον...</span> <span class='ocrx_word' id='word_1_50' title='bbox 256 839 373 888; x_wconf 75' lang='grc' dir='ltr'>συνήρμοσται</span> <span class='ocrx_word' id='word_1_51' title='bbox 387 842 410 891; x_wconf 82' lang='grc' dir='ltr'>τῷ</span> 
     </span>
     <span class='ocr_line' id='line_1_12' title="bbox 68 892 411 944; baseline 0 -12"><span class='ocrx_word' id='word_1_52' title='bbox 68 895 161 944; x_wconf 80' lang='grc' dir='ltr'>ἐπισκόπῳ.</span> <span class='ocrx_word' id='word_1_53' title='bbox 176 892 201 932; x_wconf 88' lang='lat' dir='ltr'>ib.</span> <span class='ocrx_word' id='word_1_54' title='bbox 229 892 309 941; x_wconf 85' lang='grc' dir='ltr'>τοιαότην</span> <span class='ocrx_word' id='word_1_55' title='bbox 323 892 411 941; x_wconf 77' lang='grc' dir='ltr'>συνήθειαν</span> 
     </span>
     <span class='ocr_line' id='line_1_13' title="bbox 67 946 409 997; baseline 0 -11"><span class='ocrx_word' id='word_1_56' title='bbox 67 950 122 997; x_wconf 86' lang='grc' dir='ltr'>ἐσχον</span> <span class='ocrx_word' id='word_1_57' title='bbox 130 948 173 997; x_wconf 79' lang='grc' dir='ltr'>πρὸς</span> <span class='ocrx_word' id='word_1_58' title='bbox 182 949 211 985; x_wconf 84' lang='grc' dir='ltr'>τόν</span> <span class='ocrx_word' id='word_1_59' title='bbox 221 946 316 986; x_wconf 87' lang='grc' dir='ltr'>ἐπίσκοπον</span> <span class='ocrx_word' id='word_1_60' title='bbox 326 949 375 995; x_wconf 76' lang='grc' dir='ltr'>ὑμῶν.</span> <span class='ocrx_word' id='word_1_61' title='bbox 392 955 409 996; x_wconf 82' lang='grc'>5.</span> 
     </span>
     <span class='ocr_line' id='line_1_14' title="bbox 67 1001 410 1053; baseline -0.006 -12"><span class='ocrx_word' id='word_1_62' title='bbox 67 1004 118 1053; x_wconf 84' lang='grc' dir='ltr'>πόσιρ</span> <span class='ocrx_word' id='word_1_63' title='bbox 133 1003 200 1050; x_wconf 71' lang='grc' dir='ltr'>μᾶλλον</span> <span class='ocrx_word' id='word_1_64' title='bbox 213 1001 225 1049; x_wconf 79' lang='grc' dir='ltr'><em>ἥ</em></span> <span class='ocrx_word' id='word_1_65' title='bbox 238 1005 303 1039; x_wconf 77' lang='grc' dir='ltr'>τετοῦ</span> <span class='ocrx_word' id='word_1_66' title='bbox 317 1002 410 1040; x_wconf 78' lang='grc' dir='ltr'>ἐπισκόπου</span> 
     </span>
     <span class='ocr_line' id='line_1_15' title="bbox 69 1052 411 1111; baseline -0.006 -16"><span class='ocrx_word' id='word_1_67' title='bbox 69 1052 182 1111; x_wconf 77' lang='grc' dir='ltr'>[προσευχίγ].</span> <span class='ocrx_word' id='word_1_68' title='bbox 192 1055 217 1095; x_wconf 88' lang='lat' dir='ltr'>ib.</span> <span class='ocrx_word' id='word_1_69' title='bbox 245 1056 372 1103; x_wconf 77' lang='grc' dir='ltr'>Σπουδάσωμεν</span> <span class='ocrx_word' id='word_1_70' title='bbox 382 1056 411 1094; x_wconf 76' lang='grc' dir='ltr'>οὖν</span> 
     </span>
     <span class='ocr_line' id='line_1_16' title="bbox 67 1108 408 1161; baseline 0.003 -14"><span class='ocrx_word' id='word_1_71' title='bbox 67 1112 90 1159; x_wconf 76' lang='grc' dir='ltr'>μὴ</span> <span class='ocrx_word' id='word_1_72' title='bbox 99 1110 235 1148; x_wconf 80' lang='grc' dir='ltr'>ἀντιτάσσεσθαι</span> <span class='ocrx_word' id='word_1_73' title='bbox 243 1113 268 1161; x_wconf 79' lang='grc' dir='ltr'>τῷ</span> <span class='ocrx_word' id='word_1_74' title='bbox 278 1111 371 1161; x_wconf 86' lang='grc' dir='ltr'>ἐπισκόπῳ.</span> <span class='ocrx_word' id='word_1_75' title='bbox 384 1108 408 1149; x_wconf 83' lang='lat' dir='ltr'>ib.</span> 
     </span>
     <span class='ocr_line' id='line_1_17' title="bbox 68 1164 409 1214; baseline -0.003 -11"><span class='ocrx_word' id='word_1_76' title='bbox 68 1165 111 1203; x_wconf 86' lang='grc' dir='ltr'>όσον</span> <span class='ocrx_word' id='word_1_77' title='bbox 126 1164 188 1209; x_wconf 80' lang='grc' dir='ltr'>βλέπει</span> <span class='ocrx_word' id='word_1_78' title='bbox 203 1179 228 1203; x_wconf 81' lang='grc' dir='ltr'>τις</span> <span class='ocrx_word' id='word_1_79' title='bbox 247 1168 324 1214; x_wconf 78' lang='grc' dir='ltr'>σιγῶντα</span> <span class='ocrx_word' id='word_1_80' title='bbox 341 1165 409 1202; x_wconf 87' lang='grc' dir='ltr'>ἐπίσκο-</span> 
     </span>
     <span class='ocr_line' id='line_1_18' title="bbox 67 1217 411 1258; baseline 0 -1"><span class='ocrx_word' id='word_1_81' title='bbox 67 1234 105 1258; x_wconf 90' lang='grc' dir='ltr'>πον.</span> <span class='ocrx_word' id='word_1_82' title='bbox 122 1219 140 1256; x_wconf 88' lang='lat'>6.</span> <span class='ocrx_word' id='word_1_83' title='bbox 169 1219 201 1256; x_wconf 87' lang='grc' dir='ltr'>Τόν</span> <span class='ocrx_word' id='word_1_84' title='bbox 213 1218 243 1255; x_wconf 84' lang='grc' dir='ltr'>οόν</span> <span class='ocrx_word' id='word_1_85' title='bbox 255 1217 368 1256; x_wconf 87' lang='grc' dir='ltr'>ἐπίσκοπον..</span> <span class='ocrx_word' id='word_1_86' title='bbox 377 1220 411 1257; x_wconf 80' lang='grc' dir='ltr'>,ὡς</span> 
     </span>
     <span class='ocr_line' id='line_1_19' title="bbox 68 1272 408 1322; baseline -0.003 -11"><span class='ocrx_word' id='word_1_87' title='bbox 68 1274 119 1311; x_wconf 81' lang='grc' dir='ltr'>αὐτόν</span> <span class='ocrx_word' id='word_1_88' title='bbox 131 1274 161 1311; x_wconf 88' lang='grc' dir='ltr'>τόν</span> <span class='ocrx_word' id='word_1_89' title='bbox 172 1272 235 1322; x_wconf 77' lang='grc' dir='ltr'>Κύριον</span> <span class='ocrx_word' id='word_1_90' title='bbox 247 1273 273 1309; x_wconf 84' lang='grc' dir='ltr'>δεῖ</span> <span class='ocrx_word' id='word_1_91' title='bbox 286 1272 408 1321; x_wconf 78' lang='grc' dir='ltr'>προσβλέπειν.</span> 
     </span>
     <span class='ocr_line' id='line_1_20' title="bbox 67 1325 410 1377; baseline -0.003 -12"><span class='ocrx_word' id='word_1_92' title='bbox 67 1326 92 1366; x_wconf 77' lang='lat' dir='ltr'>ib.</span> <span class='ocrx_word' id='word_1_93' title='bbox 139 1328 163 1365; x_wconf 83' lang='grc' dir='ltr'>είς</span> <span class='ocrx_word' id='word_1_94' title='bbox 180 1328 200 1364; x_wconf 86' lang='grc' dir='ltr'>τό</span> <span class='ocrx_word' id='word_1_95' title='bbox 218 1325 309 1364; x_wconf 75' lang='grc' dir='ltr'>ὑπακούειν</span> <span class='ocrx_word' id='word_1_96' title='bbox 327 1327 369 1374; x_wconf 80' lang='grc' dir='ltr'>ὑμᾶς</span> <span class='ocrx_word' id='word_1_97' title='bbox 386 1330 410 1377; x_wconf 79' lang='grc' dir='ltr'>τῷ</span> 
     </span>
     <span class='ocr_line' id='line_1_21' title="bbox 67 1380 409 1432; baseline -0.003 -14"><span class='ocrx_word' id='word_1_98' title='bbox 67 1382 163 1432; x_wconf 79' lang='grc' dir='ltr'>ἐπισκόπῳ.</span> <span class='ocrx_word' id='word_1_99' title='bbox 177 1393 208 1419; x_wconf 81' lang='lat'>20.</span> <span class='ocrx_word' id='word_1_100' title='bbox 235 1382 285 1428; x_wconf 85' lang='grc' dir='ltr'>Δόμα</span> <span class='ocrx_word' id='word_1_101' title='bbox 294 1383 324 1417; x_wconf 84' lang='grc' dir='ltr'>τοῦ</span> <span class='ocrx_word' id='word_1_102' title='bbox 333 1380 409 1427; x_wconf 82' lang='grc' dir='ltr'>άξιοθέου</span> 
     </span>
     <span class='ocr_line' id='line_1_22' title="bbox 68 1433 408 1486; baseline 0 -14"><span class='ocrx_word' id='word_1_103' title='bbox 68 1436 114 1483; x_wconf 75' lang='grc' dir='ltr'>ὑμῶν</span> <span class='ocrx_word' id='word_1_104' title='bbox 128 1436 226 1473; x_wconf 85' lang='grc' dir='ltr'>ἐπισκόπου.</span> <span class='ocrx_word' id='word_1_105' title='bbox 241 1433 309 1486; x_wconf 81' lang='lat' dir='ltr'>Magn.</span> <span class='ocrx_word' id='word_1_106' title='bbox 322 1447 338 1472; x_wconf 83' lang='lat'>2.</span> <span class='ocrx_word' id='word_1_107' title='bbox 368 1436 408 1473; x_wconf 79' lang='grc' dir='ltr'>ὑπο-</span> 
     </span>
     <span class='ocr_line' id='line_1_23' title="bbox 67 1490 410 1540; baseline -0.003 -14"><span class='ocrx_word' id='word_1_108' title='bbox 67 1491 152 1527; x_wconf 79' lang='grc' dir='ltr'>τάσσεται</span> <span class='ocrx_word' id='word_1_109' title='bbox 167 1492 191 1540; x_wconf 81' lang='grc' dir='ltr'>τῷ</span> <span class='ocrx_word' id='word_1_110' title='bbox 209 1490 297 1540; x_wconf 80' lang='grc' dir='ltr'>ἐπισκόπῳ</span> <span class='ocrx_word' id='word_1_111' title='bbox 314 1490 337 1527; x_wconf 66' lang='grc' dir='ltr'>ὧν</span> <span class='ocrx_word' id='word_1_112' title='bbox 354 1490 410 1537; x_wconf 81' lang='grc' dir='ltr'>χάριτι</span> 
     </span>
     <span class='ocr_line' id='line_1_24' title="bbox 68 1542 408 1593; baseline 0 -13"><span class='ocrx_word' id='word_1_113' title='bbox 68 1547 119 1582; x_wconf 84' lang='grc' dir='ltr'>θεοῦ.</span> <span class='ocrx_word' id='word_1_114' title='bbox 133 1542 159 1581; x_wconf 86' lang='lat' dir='ltr'>ib.</span> <span class='ocrx_word' id='word_1_115' title='bbox 187 1545 210 1591; x_wconf 85' lang='grc' dir='ltr'>μὴ</span> <span class='ocrx_word' id='word_1_116' title='bbox 220 1543 359 1593; x_wconf 80' lang='grc' dir='ltr'>συγχράσθαιτῇ</span> <span class='ocrx_word' id='word_1_117' title='bbox 372 1543 408 1590; x_wconf 79' lang='grc' dir='ltr'>ἡλι-</span> 
     </span>
     <span class='ocr_line' id='line_1_25' title="bbox 67 1598 410 1648; baseline -0.003 -13"><span class='ocrx_word' id='word_1_118' title='bbox 67 1598 94 1645; x_wconf 79' lang='grc' dir='ltr'>κίη</span> <span class='ocrx_word' id='word_1_119' title='bbox 108 1601 140 1635; x_wconf 83' lang='grc' dir='ltr'>τοῦ</span> <span class='ocrx_word' id='word_1_120' title='bbox 154 1598 252 1635; x_wconf 89' lang='grc' dir='ltr'>ἐπισκόπου.</span> <span class='ocrx_word' id='word_1_121' title='bbox 269 1610 288 1646; x_wconf 82' lang='grc'>3.</span> <span class='ocrx_word' id='word_1_122' title='bbox 318 1600 341 1648; x_wconf 74' lang='grc' dir='ltr'>τῷ</span> <span class='ocrx_word' id='word_1_123' title='bbox 355 1598 410 1646; x_wconf 79' lang='grc' dir='ltr'>Ποτρί</span> 
     </span>
     <span class='ocr_line' id='line_1_26' title="bbox 68 1651 408 1702; baseline -0.003 -13"><span class='ocrx_word' id='word_1_124' title='bbox 68 1651 127 1699; x_wconf 83' lang='grc' dir='ltr'>Ἰησοῦ</span> <span class='ocrx_word' id='word_1_125' title='bbox 147 1654 224 1698; x_wconf 78' lang='grc' dir='ltr'>Χριστοῦ</span> <span class='ocrx_word' id='word_1_126' title='bbox 241 1654 266 1702; x_wconf 75' lang='grc' dir='ltr'>τῷ</span> <span class='ocrx_word' id='word_1_127' title='bbox 289 1652 356 1689; x_wconf 89' lang='grc' dir='ltr'>πάντων</span> <span class='ocrx_word' id='word_1_128' title='bbox 373 1652 408 1689; x_wconf 85' lang='grc' dir='ltr'>ἐπι-</span> 
     </span>
     <span class='ocr_line' id='line_1_27' title="bbox 68 1704 410 1756; baseline -0.003 -13"><span class='ocrx_word' id='word_1_129' title='bbox 68 1708 134 1756; x_wconf 79' lang='grc' dir='ltr'>σκόπηι.</span> <span class='ocrx_word' id='word_1_130' title='bbox 149 1704 175 1744; x_wconf 76' lang='lat' dir='ltr'>ib.</span> <span class='ocrx_word' id='word_1_131' title='bbox 204 1706 233 1743; x_wconf 87' lang='grc' dir='ltr'>τόν</span> <span class='ocrx_word' id='word_1_132' title='bbox 246 1706 340 1744; x_wconf 85' lang='grc' dir='ltr'>ἐπίσκοπον</span> <span class='ocrx_word' id='word_1_133' title='bbox 351 1708 410 1742; x_wconf 85' lang='grc' dir='ltr'>τοῦτον</span> 
     </span>
     <span class='ocr_line' id='line_1_28' title="bbox 67 1758 408 1807; baseline -0.003 -11"><span class='ocrx_word' id='word_1_134' title='bbox 67 1761 97 1797; x_wconf 86' lang='grc' dir='ltr'>τόν</span> <span class='ocrx_word' id='word_1_135' title='bbox 106 1762 217 1807; x_wconf 84' lang='grc' dir='ltr'>βλεπόμενον.</span> <span class='ocrx_word' id='word_1_136' title='bbox 232 1758 258 1797; x_wconf 84' lang='lat' dir='ltr'>ib.</span> <span class='ocrx_word' id='word_1_137' title='bbox 288 1761 332 1797; x_wconf 87' lang='grc' dir='ltr'>τίνες</span> <span class='ocrx_word' id='word_1_138' title='bbox 341 1760 408 1796; x_wconf 87' lang='grc' dir='ltr'>ἐπίσκο-</span> 
     </span>
     <span class='ocr_line' id='line_1_29' title="bbox 67 1813 409 1862; baseline -0.003 -12"><span class='ocrx_word' id='word_1_139' title='bbox 67 1829 100 1851; x_wconf 91' lang='grc' dir='ltr'>πον</span> <span class='ocrx_word' id='word_1_140' title='bbox 106 1815 139 1861; x_wconf 81' lang='grc' dir='ltr'>μὲν</span> <span class='ocrx_word' id='word_1_141' title='bbox 146 1816 230 1851; x_wconf 77' lang='grc' dir='ltr'>καλοῦσιν.</span> <span class='ocrx_word' id='word_1_142' title='bbox 242 1825 259 1861; x_wconf 90' lang='lat'>4.</span> <span class='ocrx_word' id='word_1_143' title='bbox 283 1813 409 1862; x_wconf 78' lang='grc' dir='ltr'>προκαθημένου</span> 
     </span>
     <span class='ocr_line' id='line_1_30' title="bbox 67 1867 407 1906; baseline 0 -1"><span class='ocrx_word' id='word_1_144' title='bbox 67 1871 97 1905; x_wconf 82' lang='grc' dir='ltr'>τοῦ</span> <span class='ocrx_word' id='word_1_145' title='bbox 113 1868 207 1906; x_wconf 74' lang='grc' dir='ltr'>ἐπισκόπου</span> <span class='ocrx_word' id='word_1_146' title='bbox 222 1868 245 1905; x_wconf 87' lang='grc' dir='ltr'>είς</span> <span class='ocrx_word' id='word_1_147' title='bbox 259 1869 313 1905; x_wconf 90' lang='grc' dir='ltr'>τόπον</span> <span class='ocrx_word' id='word_1_148' title='bbox 327 1870 374 1905; x_wconf 83' lang='grc' dir='ltr'>θεοῦ.</span> <span class='ocrx_word' id='word_1_149' title='bbox 390 1867 407 1905; x_wconf 90' lang='grc'>6.</span> 
     </span>
     <span class='ocr_line' id='line_1_31' title="bbox 67 1920 409 1972; baseline -0.003 -13"><span class='ocrx_word' id='word_1_150' title='bbox 67 1922 141 1969; x_wconf 81' lang='grc' dir='ltr'>ἐνόθητε</span> <span class='ocrx_word' id='word_1_151' title='bbox 159 1925 182 1972; x_wconf 75' lang='grc' dir='ltr'>τῷ</span> <span class='ocrx_word' id='word_1_152' title='bbox 200 1922 294 1972; x_wconf 79' lang='grc' dir='ltr'>ἐπισκόπῳ.</span> <span class='ocrx_word' id='word_1_153' title='bbox 310 1920 335 1959; x_wconf 88' lang='lat' dir='ltr'>ib.</span> <span class='ocrx_word' id='word_1_154' title='bbox 370 1921 409 1958; x_wconf 88' lang='grc' dir='ltr'>άνευ</span> 
     </span>
     <span class='ocr_line' id='line_1_32' title="bbox 67 1976 407 2024; baseline -0.003 -11"><span class='ocrx_word' id='word_1_155' title='bbox 67 1979 97 2013; x_wconf 85' lang='grc' dir='ltr'>τοῦ</span> <span class='ocrx_word' id='word_1_156' title='bbox 115 1977 209 2014; x_wconf 77' lang='grc' dir='ltr'>ἐπισκόπου</span> <span class='ocrx_word' id='word_1_157' title='bbox 246 1976 298 2023; x_wconf 80' lang='grc' dir='ltr'>μηδὲν</span> <span class='ocrx_word' id='word_1_158' title='bbox 314 1976 407 2024; x_wconf 88' lang='grc' dir='ltr'>πράσσετε.</span> 
     </span>
     <span class='ocr_line' id='line_1_33' title="bbox 69 2030 409 2080; baseline -0.003 -13"><span class='ocrx_word' id='word_1_159' title='bbox 69 2038 86 2080; x_wconf 77' lang='lat'>7.</span> <span class='ocrx_word' id='word_1_160' title='bbox 116 2032 148 2067; x_wconf 84' lang='grc' dir='ltr'>τοῦ</span> <span class='ocrx_word' id='word_1_161' title='bbox 166 2030 323 2079; x_wconf 82' lang='grc' dir='ltr'>άξιοπρεπεστάτου</span> <span class='ocrx_word' id='word_1_162' title='bbox 341 2030 409 2067; x_wconf 87' lang='grc' dir='ltr'>ἐπισκό-</span> 
     </span>
     <span class='ocr_line' id='line_1_34' title="bbox 67 2084 408 2134; baseline -0.003 -12"><span class='ocrx_word' id='word_1_163' title='bbox 67 2099 105 2122; x_wconf 90' lang='grc' dir='ltr'>που.</span> <span class='ocrx_word' id='word_1_164' title='bbox 119 2095 149 2133; x_wconf 84' lang='lat'>13.</span> <span class='ocrx_word' id='word_1_165' title='bbox 175 2084 280 2133; x_wconf 81' lang='grc' dir='ltr'>Ὑποτάγητε</span> <span class='ocrx_word' id='word_1_166' title='bbox 289 2086 313 2134; x_wconf 73' lang='grc' dir='ltr'>τῷ</span> <span class='ocrx_word' id='word_1_167' title='bbox 323 2084 408 2134; x_wconf 81' lang='grc' dir='ltr'>ἐπισκόπῳ</span> 
     </span>
     <span class='ocr_line' id='line_1_35' title="bbox 67 2137 409 2188; baseline -0.006 -12"><span class='ocrx_word' id='word_1_168' title='bbox 67 2139 94 2176; x_wconf 81' lang='grc' dir='ltr'>καί</span> <span class='ocrx_word' id='word_1_169' title='bbox 103 2138 191 2185; x_wconf 77' lang='grc' dir='ltr'>ἀλληλοις.</span> <span class='ocrx_word' id='word_1_170' title='bbox 206 2137 230 2177; x_wconf 87' lang='lat' dir='ltr'>ib.</span> <span class='ocrx_word' id='word_1_171' title='bbox 257 2139 293 2186; x_wconf 83' lang='grc' dir='ltr'>ἅμα</span> <span class='ocrx_word' id='word_1_172' title='bbox 302 2139 409 2188; x_wconf 86' lang='grc' dir='ltr'>Πολυκάρπῳ</span> 
     </span>
     <span class='ocr_line' id='line_1_36' title="bbox 67 2192 407 2243; baseline -0.003 -13"><span class='ocrx_word' id='word_1_173' title='bbox 67 2193 156 2243; x_wconf 83' lang='grc' dir='ltr'>ἐπισκόπιρ</span> <span class='ocrx_word' id='word_1_174' title='bbox 168 2193 269 2242; x_wconf 82' lang='grc' dir='ltr'>Σμυρναίων.</span> <span class='ocrx_word' id='word_1_175' title='bbox 282 2200 312 2241; x_wconf 84' lang='grc'>15.</span> <span class='ocrx_word' id='word_1_176' title='bbox 349 2192 407 2229; x_wconf 83' lang='grc' dir='ltr'>Πυλό-</span> 
     </span>
     <span class='ocr_line' id='line_1_37' title="bbox 67 2245 407 2295; baseline 0.003 -12"><span class='ocrx_word' id='word_1_177' title='bbox 67 2249 106 2291; x_wconf 83' lang='grc' dir='ltr'>βιος</span> <span class='ocrx_word' id='word_1_178' title='bbox 122 2250 132 2283; x_wconf 92' lang='grc' dir='ltr'>ὁ</span> <span class='ocrx_word' id='word_1_179' title='bbox 148 2247 240 2285; x_wconf 77' lang='grc' dir='ltr'>ἐπίσκοπος</span> <span class='ocrx_word' id='word_1_180' title='bbox 255 2248 307 2295; x_wconf 83' lang='grc' dir='ltr'>ὑμῶν.</span> <span class='ocrx_word' id='word_1_181' title='bbox 322 2245 377 2285; x_wconf 60' lang='grc' dir='ltr'>ΜΠ.</span> <span class='ocrx_word' id='word_1_182' title='bbox 390 2258 407 2284; x_wconf 93' lang='grc'>1.</span> 
     </span>
     <span class='ocr_line' id='line_1_38' title="bbox 64 2300 407 2351; baseline 0 -13"><span class='ocrx_word' id='word_1_183' title='bbox 64 2300 103 2338; x_wconf 81' lang='grc' dir='ltr'>”οτ’</span> <span class='ocrx_word' id='word_1_184' title='bbox 114 2301 135 2338; x_wconf 81' lang='grc' dir='ltr'>ἃν</span> <span class='ocrx_word' id='word_1_185' title='bbox 147 2302 180 2350; x_wconf 82' lang='grc' dir='ltr'>γάρ</span> <span class='ocrx_word' id='word_1_186' title='bbox 193 2304 217 2351; x_wconf 77' lang='grc' dir='ltr'>τῷ</span> <span class='ocrx_word' id='word_1_187' title='bbox 230 2301 319 2351; x_wconf 83' lang='grc' dir='ltr'>ἐπισκάπῳ</span> <span class='ocrx_word' id='word_1_188' title='bbox 332 2301 407 2339; x_wconf 79' lang='grc' dir='ltr'>ὑποτάσ-</span> 
     </span>
     <span class='ocr_line' id='line_1_39' title="bbox 68 2355 409 2406; baseline 0 -14"><span class='ocrx_word' id='word_1_189' title='bbox 68 2356 123 2393; x_wconf 85' lang='grc' dir='ltr'>σεσθε</span> <span class='ocrx_word' id='word_1_190' title='bbox 142 2356 164 2394; x_wconf 81' lang='grc' dir='ltr'>ὧς</span> <span class='ocrx_word' id='word_1_191' title='bbox 179 2358 254 2406; x_wconf 77' lang='grc' dir='ltr'>Χριστῷ.</span> <span class='ocrx_word' id='word_1_192' title='bbox 272 2368 289 2393; x_wconf 83' lang='lat'>2.</span> <span class='ocrx_word' id='word_1_193' title='bbox 325 2355 364 2392; x_wconf 83' lang='grc' dir='ltr'>άνευ</span> <span class='ocrx_word' id='word_1_194' title='bbox 379 2358 409 2392; x_wconf 78' lang='grc' dir='ltr'>τοῦ</span> 
     </span>
     <span class='ocr_line' id='line_1_40' title="bbox 67 2408 408 2459; baseline 0 -12"><span class='ocrx_word' id='word_1_195' title='bbox 67 2410 163 2447; x_wconf 88' lang='grc' dir='ltr'>ἐπισκόπου</span> <span class='ocrx_word' id='word_1_196' title='bbox 171 2410 222 2457; x_wconf 80' lang='grc' dir='ltr'>μηδὲν</span> <span class='ocrx_word' id='word_1_197' title='bbox 230 2411 322 2459; x_wconf 85' lang='grc' dir='ltr'>πράσσειν.</span> <span class='ocrx_word' id='word_1_198' title='bbox 337 2408 362 2447; x_wconf 88' lang='lat' dir='ltr'>ib.</span> <span class='ocrx_word' id='word_1_199' title='bbox 386 2410 408 2448; x_wconf 80' lang='grc' dir='ltr'>ὡς</span> 
     </span>
     <span class='ocr_line' id='line_1_41' title="bbox 68 2460 408 2516; baseline -0.003 -15"><span class='ocrx_word' id='word_1_200' title='bbox 68 2465 94 2501; x_wconf 80' lang='grc' dir='ltr'>καί</span> <span class='ocrx_word' id='word_1_201' title='bbox 117 2465 148 2501; x_wconf 85' lang='grc' dir='ltr'>τόν</span> <span class='ocrx_word' id='word_1_202' title='bbox 170 2464 262 2501; x_wconf 86' lang='grc' dir='ltr'>ἐπίσκοπον</span> <span class='ocrx_word' id='word_1_203' title='bbox 286 2460 408 2516; x_wconf 87' lang='grc' dir='ltr'>[ἐντρεπέσθω-</span> 
     </span>
     <span class='ocr_line' id='line_1_42' title="bbox 68 2514 408 2570; baseline 0 -15"><span class='ocrx_word' id='word_1_204' title='bbox 68 2514 116 2570; x_wconf 85' lang='grc' dir='ltr'>σαν].</span> <span class='ocrx_word' id='word_1_205' title='bbox 132 2530 150 2566; x_wconf 81' lang='lat'>3.</span> <span class='ocrx_word' id='word_1_206' title='bbox 181 2519 215 2566; x_wconf 78' lang='grc' dir='ltr'>ἔχω</span> <span class='ocrx_word' id='word_1_207' title='bbox 230 2517 267 2565; x_wconf 80' lang='grc' dir='ltr'>μεθ</span> <span class='ocrx_word' id='word_1_208' title='bbox 278 2519 338 2555; x_wconf 80' lang='grc' dir='ltr'>ἑαυτοῦ</span> <span class='ocrx_word' id='word_1_209' title='bbox 354 2519 408 2568; x_wconf 81' lang='grc' dir='ltr'>ἐντῷ</span> 
     </span>
     <span class='ocr_line' id='line_1_43' title="bbox 68 2570 408 2623; baseline 0.006 -15"><span class='ocrx_word' id='word_1_210' title='bbox 68 2572 157 2623; x_wconf 81' lang='grc' dir='ltr'>ἐπισκόπῳ</span> <span class='ocrx_word' id='word_1_211' title='bbox 174 2572 224 2620; x_wconf 80' lang='grc' dir='ltr'>ὑμῶν.</span> <span class='ocrx_word' id='word_1_212' title='bbox 239 2570 264 2611; x_wconf 87' lang='lat' dir='ltr'>ib.</span> <span class='ocrx_word' id='word_1_213' title='bbox 308 2572 408 2621; x_wconf 83' lang='grc' dir='ltr'>άχωρίστοις</span> 
     </span>
     <span class='ocr_line' id='line_1_44' title="bbox 68 2627 406 2675; baseline 0.006 -13"><span class='ocrx_word' id='word_1_214' title='bbox 68 2627 193 2664; x_wconf 80' lang='grc' dir='ltr'>θεοῦ...καί</span> <span class='ocrx_word' id='word_1_215' title='bbox 215 2629 244 2663; x_wconf 83' lang='grc' dir='ltr'>τοῦ</span> <span class='ocrx_word' id='word_1_216' title='bbox 273 2627 371 2664; x_wconf 83' lang='grc' dir='ltr'>ἐπισκόπου.</span> <span class='ocrx_word' id='word_1_217' title='bbox 390 2633 406 2675; x_wconf 82' lang='grc'>7.</span> 
     </span>
     <span class='ocr_line' id='line_1_45' title="bbox 67 2681 409 2730; baseline 0.003 -14"><span class='ocrx_word' id='word_1_218' title='bbox 67 2682 77 2716; x_wconf 92' lang='grc' dir='ltr'>ὁ</span> <span class='ocrx_word' id='word_1_219' title='bbox 93 2681 148 2729; x_wconf 78' lang='grc' dir='ltr'>χωρίς</span> <span class='ocrx_word' id='word_1_220' title='bbox 163 2681 255 2719; x_wconf 83' lang='grc' dir='ltr'>ἐπισκόπου</span> <span class='ocrx_word' id='word_1_221' title='bbox 271 2681 299 2718; x_wconf 81' lang='grc' dir='ltr'>καὶ</span> <span class='ocrx_word' id='word_1_222' title='bbox 314 2683 409 2730; x_wconf 86' lang='grc' dir='ltr'>πρεσβυτε-</span> 
     </span>
     <span class='ocr_line' id='line_1_46' title="bbox 66 2733 407 2784; baseline 0 -12"><span class='ocrx_word' id='word_1_223' title='bbox 66 2735 105 2783; x_wconf 85' lang='grc' dir='ltr'>ρίου</span> <span class='ocrx_word' id='word_1_224' title='bbox 117 2737 241 2784; x_wconf 84' lang='grc' dir='ltr'>...πράσσων</span> <span class='ocrx_word' id='word_1_225' title='bbox 258 2751 282 2773; x_wconf 92' lang='grc' dir='ltr'>τι.</span> <span class='ocrx_word' id='word_1_226' title='bbox 298 2733 323 2773; x_wconf 88' lang='lat' dir='ltr'>ib.</span> <span class='ocrx_word' id='word_1_227' title='bbox 369 2735 407 2771; x_wconf 86' lang='grc' dir='ltr'>άνο-</span> 
     </span>
     <span class='ocr_line' id='line_1_47' title="bbox 67 2788 408 2837; baseline 0 -12"><span class='ocrx_word' id='word_1_228' title='bbox 67 2788 133 2837; x_wconf 66' lang='grc' dir='ltr'>ψύχειν</span> <span class='ocrx_word' id='word_1_229' title='bbox 148 2790 178 2826; x_wconf 85' lang='grc' dir='ltr'>τόν</span> <span class='ocrx_word' id='word_1_230' title='bbox 191 2790 289 2828; x_wconf 88' lang='grc' dir='ltr'>ἐπίσκοπον.</span> <span class='ocrx_word' id='word_1_231' title='bbox 308 2800 337 2827; x_wconf 85' lang='lat'>12.</span> <span class='ocrx_word' id='word_1_232' title='bbox 367 2789 408 2827; x_wconf 81' lang='grc' dir='ltr'>ὑπο-</span> 
     </span>
     <span class='ocr_line' id='line_1_48' title="bbox 67 2844 407 2894; baseline 0.006 -15"><span class='ocrx_word' id='word_1_233' title='bbox 67 2845 172 2891; x_wconf 89' lang='grc' dir='ltr'>τασσόμενοι</span> <span class='ocrx_word' id='word_1_234' title='bbox 190 2847 213 2894; x_wconf 75' lang='grc' dir='ltr'>τῷ</span> <span class='ocrx_word' id='word_1_235' title='bbox 235 2844 324 2894; x_wconf 79' lang='grc' dir='ltr'>ἐπισκόπιρ</span> <span class='ocrx_word' id='word_1_236' title='bbox 344 2844 367 2881; x_wconf 82' lang='grc' dir='ltr'>ὣς</span> <span class='ocrx_word' id='word_1_237' title='bbox 387 2846 407 2889; x_wconf 77' lang='grc' dir='ltr'>τῇ</span> 
     </span>
     <span class='ocr_line' id='line_1_49' title="bbox 67 2897 408 2947; baseline 0 -13"><span class='ocrx_word' id='word_1_238' title='bbox 67 2897 134 2944; x_wconf 80' lang='grc' dir='ltr'>ἐντολῇ,</span> <span class='ocrx_word' id='word_1_239' title='bbox 152 2909 181 2947; x_wconf 85' lang='grc'>13.</span> <span class='ocrx_word' id='word_1_240' title='bbox 225 2897 251 2936; x_wconf 82' lang='grc' dir='ltr'>ότι</span> <span class='ocrx_word' id='word_1_241' title='bbox 269 2899 300 2935; x_wconf 87' lang='grc' dir='ltr'>τὸν</span> <span class='ocrx_word' id='word_1_242' title='bbox 317 2898 408 2936; x_wconf 89' lang='grc' dir='ltr'>ἐπίσκοπον</span> 
     </span>
     <span class='ocr_line' id='line_1_50' title="bbox 67 2951 406 3001; baseline 0.006 -14"><span class='ocrx_word' id='word_1_243' title='bbox 67 2952 129 3001; x_wconf 86' lang='grc' dir='ltr'>Συρίας</span> <span class='ocrx_word' id='word_1_244' title='bbox 143 2954 153 2988; x_wconf 89' lang='grc' dir='ltr'>ὁ</span> <span class='ocrx_word' id='word_1_245' title='bbox 166 2953 209 2991; x_wconf 85' lang='grc' dir='ltr'>θεὸς</span> <span class='ocrx_word' id='word_1_246' title='bbox 222 2953 327 3000; x_wconf 81' lang='grc' dir='ltr'>κατηξίωσεν</span> <span class='ocrx_word' id='word_1_247' title='bbox 339 2951 406 3001; x_wconf 80' lang='grc' dir='ltr'>εὑρεθῆ-</span> 
     </span>
     <span class='ocr_line' id='line_1_51' title="bbox 68 3004 408 3045; baseline 0.006 -4"><span class='ocrx_word' id='word_1_248' title='bbox 68 3020 98 3044; x_wconf 86' lang='grc' dir='ltr'>ναι.</span> <span class='ocrx_word' id='word_1_249' title='bbox 114 3004 170 3044; x_wconf 87' lang='lat' dir='ltr'>Rom.</span> <span class='ocrx_word' id='word_1_250' title='bbox 182 3018 198 3044; x_wconf 84' lang='lat'>2.</span> <span class='ocrx_word' id='word_1_251' title='bbox 227 3007 255 3045; x_wconf 82' lang='grc' dir='ltr'>ἐόν</span> <span class='ocrx_word' id='word_1_252' title='bbox 265 3008 283 3044; x_wconf 89' lang='grc' dir='ltr'>ἐν</span> <span class='ocrx_word' id='word_1_253' title='bbox 292 3007 316 3043; x_wconf 81' lang='grc' dir='ltr'>ἐνὶ</span> <span class='ocrx_word' id='word_1_254' title='bbox 326 3006 367 3044; x_wconf 81' lang='grc' dir='ltr'>ὦσιν</span> <span class='ocrx_word' id='word_1_255' title='bbox 376 3005 408 3043; x_wconf 76' lang='grc' dir='ltr'>σὺν</span> 
     </span>
    </p>
   </div>
   <div class='ocr_carea' id='block_1_3' title="bbox 67 3057 408 3111">
    <p class='ocr_par' dir='ltr' id='par_1_3' title="bbox 67 3057 408 3111">
     <span class='ocr_line' id='line_1_52' title="bbox 67 3057 408 3111; baseline -0.003 -14"><span class='ocrx_word' id='word_1_256' title='bbox 67 3062 91 3110; x_wconf 79' lang='grc' dir='ltr'>τῷ</span> <span class='ocrx_word' id='word_1_257' title='bbox 100 3060 193 3111; x_wconf 82' lang='grc' dir='ltr'>ἐπισκόπιμ.</span> <span class='ocrx_word' id='word_1_258' title='bbox 209 3059 283 3100; x_wconf 77' lang='grc' dir='ltr'>Ρλίίοά.</span> <span class='ocrx_word' id='word_1_259' title='bbox 293 3059 354 3099; x_wconf 78' lang='lat' dir='ltr'>Inscr.</span> <span class='ocrx_word' id='word_1_260' title='bbox 375 3057 408 3096; x_wconf 72' lang='lat' dir='ltr'>‘ov</span> 
     </span>
    </p>
   </div>
   <div class='ocr_carea' id='block_1_4' title="bbox 782 245 810 285">
    <p class='ocr_par' dir='ltr' id='par_1_4' title="bbox 782 245 810 285">
     <span class='ocr_line' id='line_1_53' title="bbox 782 245 810 285; baseline 0 0"><span class='ocrx_word' id='word_1_261' title='bbox 782 245 810 285; x_wconf 82' lang='lat'>55</span> 
     </span>
    </p>
   </div>
   <div class='ocr_carea' id='block_1_5' title="bbox 434 348 812 3111">
    <p class='ocr_par' dir='ltr' id='par_1_5' title="bbox 464 348 812 2188">
     <span class='ocr_line' id='line_1_54' title="bbox 465 348 810 401; baseline 0 -11"><span class='ocrx_word' id='word_1_262' title='bbox 465 354 558 391; x_wconf 86' lang='grc' dir='ltr'>ἐπίσκοπον</span> <span class='ocrx_word' id='word_1_263' title='bbox 573 353 634 401; x_wconf 79' lang='grc' dir='ltr'>ἔγνων.</span> <span class='ocrx_word' id='word_1_264' title='bbox 653 365 668 391; x_wconf 94' lang='grc'>1.</span> <span class='ocrx_word' id='word_1_265' title='bbox 702 353 749 390; x_wconf 77' lang='grc' dir='ltr'>οὗτοι</span> <span class='ocrx_word' id='word_1_266' title='bbox 759 348 810 401; x_wconf 59' lang='grc' dir='ltr'>Υμετὰ</span> 
     </span>
     <span class='ocr_line' id='line_1_55' title="bbox 465 406 809 457; baseline 0.003 -13"><span class='ocrx_word' id='word_1_267' title='bbox 465 410 495 444; x_wconf 84' lang='grc' dir='ltr'>τοῦ</span> <span class='ocrx_word' id='word_1_268' title='bbox 507 408 602 445; x_wconf 85' lang='grc' dir='ltr'>ἐπισκόπου</span> <span class='ocrx_word' id='word_1_269' title='bbox 615 406 663 445; x_wconf 77' lang='grc' dir='ltr'>εἰσίν.</span> <span class='ocrx_word' id='word_1_270' title='bbox 679 420 697 457; x_wconf 83' lang='lat'>3.</span> <span class='ocrx_word' id='word_1_271' title='bbox 726 406 744 444; x_wconf 77' lang='grc' dir='ltr'>ἐν</span> <span class='ocrx_word' id='word_1_272' title='bbox 758 408 809 445; x_wconf 89' lang='grc' dir='ltr'>θυσι-</span> 
     </span>
     <span class='ocr_line' id='line_1_56' title="bbox 465 459 810 512; baseline 0 -14"><span class='ocrx_word' id='word_1_273' title='bbox 465 460 551 510; x_wconf 83' lang='grc' dir='ltr'>οστίηριον,</span> <span class='ocrx_word' id='word_1_274' title='bbox 561 461 584 499; x_wconf 82' lang='grc' dir='ltr'>ίυς</span> <span class='ocrx_word' id='word_1_275' title='bbox 593 459 618 499; x_wconf 81' lang='grc' dir='ltr'>είς</span> <span class='ocrx_word' id='word_1_276' title='bbox 627 461 724 500; x_wconf 81' lang='grc' dir='ltr'>ἐπίσκοπος.</span> <span class='ocrx_word' id='word_1_277' title='bbox 736 474 754 509; x_wconf 93' lang='lat'>4.</span> <span class='ocrx_word' id='word_1_278' title='bbox 782 465 810 512; x_wconf 79' lang='grc' dir='ltr'>Τῷ</span> 
     </span>
     <span class='ocr_line' id='line_1_57' title="bbox 467 516 811 565; baseline 0.006 -13"><span class='ocrx_word' id='word_1_279' title='bbox 467 516 553 565; x_wconf 85' lang='grc' dir='ltr'>ἐπισκόπῳ</span> <span class='ocrx_word' id='word_1_280' title='bbox 575 516 678 563; x_wconf 81' lang='grc' dir='ltr'>προσέχετε.</span> <span class='ocrx_word' id='word_1_281' title='bbox 695 523 712 564; x_wconf 77' lang='grc'>7.</span> <span class='ocrx_word' id='word_1_282' title='bbox 755 517 811 564; x_wconf 82' lang='grc' dir='ltr'>Χωρίς</span> 
     </span>
     <span class='ocr_line' id='line_1_58' title="bbox 467 569 809 616; baseline 0.006 -10"><span class='ocrx_word' id='word_1_283' title='bbox 467 572 497 606; x_wconf 80' lang='grc' dir='ltr'>τοῦ</span> <span class='ocrx_word' id='word_1_284' title='bbox 515 569 610 606; x_wconf 90' lang='grc' dir='ltr'>ἐπισκόπου</span> <span class='ocrx_word' id='word_1_285' title='bbox 630 569 681 616; x_wconf 78' lang='grc' dir='ltr'>μηδὲν</span> <span class='ocrx_word' id='word_1_286' title='bbox 698 572 769 608; x_wconf 82' lang='grc' dir='ltr'>ποιεῖτε.</span> <span class='ocrx_word' id='word_1_287' title='bbox 784 569 809 608; x_wconf 90' lang='lat' dir='ltr'>ib.</span> 
     </span>
     <span class='ocr_line' id='line_1_59' title="bbox 467 622 812 672; baseline 0.003 -12"><span class='ocrx_word' id='word_1_288' title='bbox 467 622 555 672; x_wconf 86' lang='grc' dir='ltr'>συνέδριον</span> <span class='ocrx_word' id='word_1_289' title='bbox 569 624 602 659; x_wconf 81' lang='grc' dir='ltr'>τοῦ</span> <span class='ocrx_word' id='word_1_290' title='bbox 619 623 717 661; x_wconf 91' lang='grc' dir='ltr'>ἐπισκόπου,</span> <span class='ocrx_word' id='word_1_291' title='bbox 733 625 752 661; x_wconf 89' lang='lat'>8.</span> <span class='ocrx_word' id='word_1_292' title='bbox 794 626 812 661; x_wconf 85' lang='grc' dir='ltr'>αἱ</span> 
     </span>
     <span class='ocr_line' id='line_1_60' title="bbox 467 677 810 727; baseline 0.003 -14"><span class='ocrx_word' id='word_1_293' title='bbox 467 678 539 727; x_wconf 71' lang='grc' dir='ltr'>ἔγγιστα</span> <span class='ocrx_word' id='word_1_294' title='bbox 550 677 639 723; x_wconf 84' lang='grc' dir='ltr'>ἐκκλησίαι</span> <span class='ocrx_word' id='word_1_295' title='bbox 651 678 730 727; x_wconf 72' lang='grc' dir='ltr'>ἔπεμψαν</span> <span class='ocrx_word' id='word_1_296' title='bbox 739 678 810 715; x_wconf 87' lang='grc' dir='ltr'>ἐπισκό-</span> 
     </span>
     <span class='ocr_line' id='line_1_61' title="bbox 468 732 810 782; baseline -0.003 -13"><span class='ocrx_word' id='word_1_297' title='bbox 468 746 514 770; x_wconf 75' lang='grc' dir='ltr'>πους.</span> <span class='ocrx_word' id='word_1_298' title='bbox 533 742 561 768; x_wconf 89' lang='lat'>10.</span> <span class='ocrx_word' id='word_1_299' title='bbox 597 732 664 770; x_wconf 92' lang='grc' dir='ltr'>Πάντες</span> <span class='ocrx_word' id='word_1_300' title='bbox 679 734 703 782; x_wconf 80' lang='grc' dir='ltr'>τῷ</span> <span class='ocrx_word' id='word_1_301' title='bbox 721 732 810 782; x_wconf 80' lang='grc' dir='ltr'>ἐπισκόπῳ</span> 
     </span>
     <span class='ocr_line' id='line_1_62' title="bbox 467 785 809 837; baseline 0.006 -15"><span class='ocrx_word' id='word_1_302' title='bbox 467 785 579 829; x_wconf 79' lang='grc' dir='ltr'>ἀκολουθεῖτε,</span> <span class='ocrx_word' id='word_1_303' title='bbox 593 785 616 824; x_wconf 81' lang='grc' dir='ltr'>ὣς</span> <span class='ocrx_word' id='word_1_304' title='bbox 627 787 701 834; x_wconf 87' lang='grc' dir='ltr'>Χριστός</span> <span class='ocrx_word' id='word_1_305' title='bbox 711 789 735 837; x_wconf 83' lang='grc' dir='ltr'>τῷ</span> <span class='ocrx_word' id='word_1_306' title='bbox 748 787 809 835; x_wconf 88' lang='grc' dir='ltr'>Πατρί.</span> 
     </span>
     <span class='ocr_line' id='line_1_63' title="bbox 467 837 810 890; baseline -0.006 -11"><span class='ocrx_word' id='word_1_307' title='bbox 467 837 542 890; x_wconf 72' lang='lat' dir='ltr'>Smyrn.</span> <span class='ocrx_word' id='word_1_308' title='bbox 554 840 571 876; x_wconf 87' lang='grc'>8.</span> <span class='ocrx_word' id='word_1_309' title='bbox 599 840 663 886; x_wconf 79' lang='grc' dir='ltr'>Μηδεὶς</span> <span class='ocrx_word' id='word_1_310' title='bbox 671 841 724 889; x_wconf 80' lang='grc' dir='ltr'>χωρίς</span> <span class='ocrx_word' id='word_1_311' title='bbox 732 843 765 877; x_wconf 87' lang='grc' dir='ltr'>τοῦ</span> <span class='ocrx_word' id='word_1_312' title='bbox 774 841 810 878; x_wconf 89' lang='grc' dir='ltr'>ἐπι-</span> 
     </span>
     <span class='ocr_line' id='line_1_64' title="bbox 467 892 810 942; baseline 0 -11"><span class='ocrx_word' id='word_1_313' title='bbox 467 896 532 931; x_wconf 89' lang='grc' dir='ltr'>σκόπου</span> <span class='ocrx_word' id='word_1_314' title='bbox 545 894 561 930; x_wconf 81' lang='grc' dir='ltr'>τί</span> <span class='ocrx_word' id='word_1_315' title='bbox 575 894 675 942; x_wconf 85' lang='grc' dir='ltr'>πρασσέτω.</span> <span class='ocrx_word' id='word_1_316' title='bbox 690 892 715 932; x_wconf 82' lang='lat' dir='ltr'>ib.</span> <span class='ocrx_word' id='word_1_317' title='bbox 744 894 810 941; x_wconf 86' lang='grc' dir='ltr'>Ἐκείνη</span> 
     </span>
     <span class='ocr_line' id='line_1_65' title="bbox 466 948 811 996; baseline 0 -11"><span class='ocrx_word' id='word_1_318' title='bbox 466 948 529 993; x_wconf 85' lang='grc' dir='ltr'>βεβαία</span> <span class='ocrx_word' id='word_1_319' title='bbox 551 948 710 996; x_wconf 75' lang='grc' dir='ltr'>εὐχαριστία...ἡ</span> <span class='ocrx_word' id='word_1_320' title='bbox 728 949 763 986; x_wconf 82' lang='grc' dir='ltr'>ὑπό</span> <span class='ocrx_word' id='word_1_321' title='bbox 781 949 811 985; x_wconf 87' lang='grc' dir='ltr'>τόν</span> 
     </span>
     <span class='ocr_line' id='line_1_66' title="bbox 467 1000 810 1052; baseline -0.003 -12"><span class='ocrx_word' id='word_1_322' title='bbox 467 1003 564 1040; x_wconf 88' lang='grc' dir='ltr'>ἐπίσκοπον.</span> <span class='ocrx_word' id='word_1_323' title='bbox 579 1000 606 1040; x_wconf 87' lang='lat' dir='ltr'>ib.</span> <span class='ocrx_word' id='word_1_324' title='bbox 636 1001 692 1040; x_wconf 80' lang='grc' dir='ltr'>Ὅπου</span> <span class='ocrx_word' id='word_1_325' title='bbox 705 1003 726 1040; x_wconf 78' lang='grc' dir='ltr'>ἄν</span> <span class='ocrx_word' id='word_1_326' title='bbox 738 1004 810 1052; x_wconf 81' lang='grc' dir='ltr'>φανῇό</span> 
     </span>
     <span class='ocr_line' id='line_1_67' title="bbox 466 1055 808 1105; baseline 0.003 -11"><span class='ocrx_word' id='word_1_327' title='bbox 466 1055 562 1104; x_wconf 80' lang='grc' dir='ltr'>ἐπίσκοπος,</span> <span class='ocrx_word' id='word_1_328' title='bbox 572 1056 608 1094; x_wconf 82' lang='grc' dir='ltr'>ἐκεῖ</span> <span class='ocrx_word' id='word_1_329' title='bbox 616 1058 636 1094; x_wconf 86' lang='grc' dir='ltr'>τό</span> <span class='ocrx_word' id='word_1_330' title='bbox 645 1057 709 1105; x_wconf 80' lang='grc' dir='ltr'>πλῆθος</span> <span class='ocrx_word' id='word_1_331' title='bbox 717 1057 769 1095; x_wconf 85' lang='grc' dir='ltr'>έστιυ.</span> <span class='ocrx_word' id='word_1_332' title='bbox 782 1055 808 1095; x_wconf 85' lang='lat' dir='ltr'>ib.</span> 
     </span>
     <span class='ocr_line' id='line_1_68' title="bbox 467 1110 809 1160; baseline 0.003 -13"><span class='ocrx_word' id='word_1_333' title='bbox 467 1112 502 1148; x_wconf 83' lang='grc' dir='ltr'>Οόκ</span> <span class='ocrx_word' id='word_1_334' title='bbox 516 1110 578 1157; x_wconf 81' lang='grc' dir='ltr'>ἐξόν..</span> <span class='ocrx_word' id='word_1_335' title='bbox 589 1112 655 1160; x_wconf 75' lang='grc' dir='ltr'>,χωρίς</span> <span class='ocrx_word' id='word_1_336' title='bbox 669 1114 699 1149; x_wconf 78' lang='grc' dir='ltr'>τοῦ</span> <span class='ocrx_word' id='word_1_337' title='bbox 713 1112 809 1149; x_wconf 90' lang='grc' dir='ltr'>ἐπισκόπου</span> 
     </span>
     <span class='ocr_line' id='line_1_69' title="bbox 466 1164 808 1210; baseline 0.003 -9"><span class='ocrx_word' id='word_1_338' title='bbox 466 1167 505 1202; x_wconf 81' lang='grc' dir='ltr'>οότε</span> <span class='ocrx_word' id='word_1_339' title='bbox 516 1164 610 1210; x_wconf 77' lang='grc' dir='ltr'>βαπτίζειν.</span> <span class='ocrx_word' id='word_1_340' title='bbox 625 1164 650 1203; x_wconf 90' lang='lat' dir='ltr'>ib.</span> <span class='ocrx_word' id='word_1_341' title='bbox 679 1167 722 1202; x_wconf 86' lang='grc' dir='ltr'>Θεόν</span> <span class='ocrx_word' id='word_1_342' title='bbox 730 1166 758 1203; x_wconf 78' lang='grc' dir='ltr'>καὶ</span> <span class='ocrx_word' id='word_1_343' title='bbox 771 1166 808 1204; x_wconf 83' lang='grc' dir='ltr'>ἐπί-</span> 
     </span>
     <span class='ocr_line' id='line_1_70' title="bbox 467 1218 807 1268; baseline 0.003 -12"><span class='ocrx_word' id='word_1_344' title='bbox 467 1234 531 1257; x_wconf 85' lang='grc' dir='ltr'>σκοπον</span> <span class='ocrx_word' id='word_1_345' title='bbox 543 1218 609 1257; x_wconf 72' lang='grc' dir='ltr'>εἰδέναι.</span> <span class='ocrx_word' id='word_1_346' title='bbox 626 1231 643 1268; x_wconf 86' lang='lat'>9.</span> <span class='ocrx_word' id='word_1_347' title='bbox 671 1219 690 1256; x_wconf 84' lang='lat'>¹0</span> <span class='ocrx_word' id='word_1_348' title='bbox 703 1223 757 1268; x_wconf 75' lang='grc' dir='ltr'>τιμῶν</span> <span class='ocrx_word' id='word_1_349' title='bbox 770 1220 807 1257; x_wconf 88' lang='grc' dir='ltr'>ἐπί-</span> 
     </span>
     <span class='ocr_line' id='line_1_71' title="bbox 467 1273 808 1321; baseline 0 -11"><span class='ocrx_word' id='word_1_350' title='bbox 467 1288 536 1317; x_wconf 86' lang='grc' dir='ltr'>σκοπον,</span> <span class='ocrx_word' id='word_1_351' title='bbox 546 1273 578 1311; x_wconf 73' lang='grc' dir='ltr'>ίιτδ</span> <span class='ocrx_word' id='word_1_352' title='bbox 592 1276 637 1310; x_wconf 81' lang='grc' dir='ltr'>θεοῦ</span> <span class='ocrx_word' id='word_1_353' title='bbox 649 1273 739 1321; x_wconf 80' lang='grc' dir='ltr'>τετίμηται·</span> <span class='ocrx_word' id='word_1_354' title='bbox 754 1276 764 1310; x_wconf 88' lang='grc' dir='ltr'>ό</span> <span class='ocrx_word' id='word_1_355' title='bbox 777 1276 808 1310; x_wconf 87' lang='grc' dir='ltr'>λά-</span> 
     </span>
     <span class='ocr_line' id='line_1_72' title="bbox 467 1327 809 1379; baseline 0.006 -16"><span class='ocrx_word' id='word_1_356' title='bbox 467 1327 499 1376; x_wconf 85' lang='grc' dir='ltr'>θρα</span> <span class='ocrx_word' id='word_1_357' title='bbox 521 1327 615 1365; x_wconf 86' lang='grc' dir='ltr'>ἐπισκόπου</span> <span class='ocrx_word' id='word_1_358' title='bbox 636 1328 652 1365; x_wconf 80' lang='grc' dir='ltr'>τὶ</span> <span class='ocrx_word' id='word_1_359' title='bbox 674 1329 764 1377; x_wconf 82' lang='grc' dir='ltr'>πράσσων,</span> <span class='ocrx_word' id='word_1_360' title='bbox 784 1331 809 1379; x_wconf 77' lang='grc' dir='ltr'>τῷ</span> 
     </span>
     <span class='ocr_line' id='line_1_73' title="bbox 466 1380 807 1431; baseline 0 -13"><span class='ocrx_word' id='word_1_361' title='bbox 466 1382 540 1431; x_wconf 77' lang='grc' dir='ltr'>διαθόλῳ</span> <span class='ocrx_word' id='word_1_362' title='bbox 549 1381 635 1429; x_wconf 76' lang='grc' dir='ltr'>λατρεύει.</span> <span class='ocrx_word' id='word_1_363' title='bbox 648 1380 673 1420; x_wconf 84' lang='lat' dir='ltr'>ib.</span> <span class='ocrx_word' id='word_1_364' title='bbox 700 1381 807 1429; x_wconf 80' lang='grc' dir='ltr'>Ἀσπάζομαι</span> 
     </span>
     <span class='ocr_line' id='line_1_74' title="bbox 465 1435 807 1481; baseline 0.003 -9"><span class='ocrx_word' id='word_1_365' title='bbox 465 1436 495 1472; x_wconf 85' lang='grc' dir='ltr'>τόν</span> <span class='ocrx_word' id='word_1_366' title='bbox 502 1435 578 1481; x_wconf 84' lang='grc' dir='ltr'>άξιόθεον</span> <span class='ocrx_word' id='word_1_367' title='bbox 584 1435 682 1474; x_wconf 87' lang='grc' dir='ltr'>ἐπίσκοπον.</span> <span class='ocrx_word' id='word_1_368' title='bbox 696 1448 725 1473; x_wconf 78' lang='lat'>12.</span> <span class='ocrx_word' id='word_1_369' title='bbox 747 1438 807 1473; x_wconf 91' lang='grc' dir='ltr'>Πολυ-</span> 
     </span>
     <span class='ocr_line' id='line_1_75' title="bbox 466 1490 808 1540; baseline 0.006 -15"><span class='ocrx_word' id='word_1_370' title='bbox 466 1490 523 1540; x_wconf 77' lang='grc' dir='ltr'>κάρπη)</span> <span class='ocrx_word' id='word_1_371' title='bbox 541 1490 630 1540; x_wconf 85' lang='grc' dir='ltr'>ἐπισκόπῳ</span> <span class='ocrx_word' id='word_1_372' title='bbox 648 1490 736 1537; x_wconf 73' lang='grc' dir='ltr'>ἐκκλησίας</span> <span class='ocrx_word' id='word_1_373' title='bbox 752 1496 808 1539; x_wconf 87' lang='grc' dir='ltr'>Σμυρ-</span> 
     </span>
     <span class='ocr_line' id='line_1_76' title="bbox 466 1542 808 1594; baseline 0.003 -14"><span class='ocrx_word' id='word_1_374' title='bbox 466 1543 519 1581; x_wconf 86' lang='grc' dir='ltr'>ναίων.</span> <span class='ocrx_word' id='word_1_375' title='bbox 535 1542 668 1594; x_wconf 66' lang='grc' dir='ltr'>Ρο]γυ.Ι115(.·1.</span> <span class='ocrx_word' id='word_1_376' title='bbox 699 1545 727 1581; x_wconf 85' lang='grc' dir='ltr'>ἐόν</span> <span class='ocrx_word' id='word_1_377' title='bbox 735 1544 808 1593; x_wconf 70' lang='grc' dir='ltr'>γνωσθῇ</span> 
     </span>
     <span class='ocr_line' id='line_1_77' title="bbox 465 1597 808 1646; baseline 0.003 -12"><span class='ocrx_word' id='word_1_378' title='bbox 465 1597 519 1635; x_wconf 88' lang='grc' dir='ltr'>πλέον</span> <span class='ocrx_word' id='word_1_379' title='bbox 533 1601 563 1635; x_wconf 83' lang='grc' dir='ltr'>τοῦ</span> <span class='ocrx_word' id='word_1_380' title='bbox 582 1598 681 1635; x_wconf 88' lang='grc' dir='ltr'>ἐπισκόπου.</span> <span class='ocrx_word' id='word_1_381' title='bbox 697 1606 715 1646; x_wconf 89' lang='lat'>5.</span> <span class='ocrx_word' id='word_1_382' title='bbox 764 1600 808 1645; x_wconf 85' lang='grc' dir='ltr'>μετά</span> 
     </span>
     <span class='ocr_line' id='line_1_78' title="bbox 465 1651 808 1700; baseline 0.003 -12"><span class='ocrx_word' id='word_1_383' title='bbox 465 1653 530 1700; x_wconf 77' lang='grc' dir='ltr'>γνώμης</span> <span class='ocrx_word' id='word_1_384' title='bbox 546 1654 576 1688; x_wconf 81' lang='grc' dir='ltr'>τοῦ</span> <span class='ocrx_word' id='word_1_385' title='bbox 593 1651 687 1689; x_wconf 88' lang='grc' dir='ltr'>ἐπισκόπου</span> <span class='ocrx_word' id='word_1_386' title='bbox 701 1653 731 1699; x_wconf 81' lang='grc' dir='ltr'>τὴν</span> <span class='ocrx_word' id='word_1_387' title='bbox 746 1652 808 1689; x_wconf 78' lang='grc' dir='ltr'>ἕνωσιν</span> 
     </span>
     <span class='ocr_line' id='line_1_79' title="bbox 465 1704 808 1757; baseline -0.003 -14"><span class='ocrx_word' id='word_1_388' title='bbox 465 1706 554 1743; x_wconf 80' lang='grc' dir='ltr'>ποιεῖσθαι.</span> <span class='ocrx_word' id='word_1_389' title='bbox 567 1704 593 1743; x_wconf 79' lang='lat' dir='ltr'>ib.</span> <span class='ocrx_word' id='word_1_390' title='bbox 619 1708 646 1756; x_wconf 80' lang='grc' dir='ltr'>Τῷ</span> <span class='ocrx_word' id='word_1_391' title='bbox 655 1707 741 1757; x_wconf 76' lang='grc' dir='ltr'>ἐπισκάπιρ</span> <span class='ocrx_word' id='word_1_392' title='bbox 751 1721 808 1754; x_wconf 91' lang='grc' dir='ltr'>προσ-</span> 
     </span>
     <span class='ocr_line' id='line_1_80' title="bbox 464 1759 808 1810; baseline 0.003 -14"><span class='ocrx_word' id='word_1_393' title='bbox 464 1759 518 1807; x_wconf 83' lang='grc' dir='ltr'>έχετε.</span> <span class='ocrx_word' id='word_1_394' title='bbox 534 1759 551 1797; x_wconf 88' lang='lat'>6.</span> <span class='ocrx_word' id='word_1_395' title='bbox 593 1759 699 1809; x_wconf 70' lang='grc' dir='ltr'>Ἀντίψυχον</span> <span class='ocrx_word' id='word_1_396' title='bbox 719 1761 754 1810; x_wconf 81' lang='grc' dir='ltr'>ἐγὼ</span> <span class='ocrx_word' id='word_1_397' title='bbox 773 1764 808 1797; x_wconf 81' lang='grc' dir='ltr'>τῶν</span> 
     </span>
     <span class='ocr_line' id='line_1_81' title="bbox 464 1812 806 1865; baseline 0.006 -15"><span class='ocrx_word' id='word_1_398' title='bbox 464 1812 610 1861; x_wconf 77' lang='grc' dir='ltr'>ὑποτασσομένων</span> <span class='ocrx_word' id='word_1_399' title='bbox 628 1817 652 1864; x_wconf 83' lang='grc' dir='ltr'>τῷ</span> <span class='ocrx_word' id='word_1_400' title='bbox 669 1815 765 1865; x_wconf 81' lang='grc' dir='ltr'>ἐπισκόπιρ.</span> <span class='ocrx_word' id='word_1_401' title='bbox 780 1813 806 1852; x_wconf 81' lang='lat' dir='ltr'>ib.</span> 
     </span>
     <span class='ocr_line' id='line_1_82' title="bbox 464 1867 805 1917; baseline 0.009 -14"><span class='ocrx_word' id='word_1_402' title='bbox 464 1868 494 1904; x_wconf 91' lang='grc' dir='ltr'>τὸν</span> <span class='ocrx_word' id='word_1_403' title='bbox 513 1867 611 1917; x_wconf 85' lang='grc' dir='ltr'>Σμυρναίων</span> <span class='ocrx_word' id='word_1_404' title='bbox 632 1868 728 1906; x_wconf 90' lang='grc' dir='ltr'>ἐπίσκοπον.</span> <span class='ocrx_word' id='word_1_405' title='bbox 746 1868 805 1907; x_wconf 71' lang='lat' dir='ltr'>Mart.</span> 
     </span>
     <span class='ocr_line' id='line_1_83' title="bbox 465 1921 808 1973; baseline 0.009 -16"><span class='ocrx_word' id='word_1_406' title='bbox 465 1921 507 1972; x_wconf 82' lang='lat' dir='ltr'>Ign.</span> <span class='ocrx_word' id='word_1_407' title='bbox 519 1934 535 1970; x_wconf 83' lang='lat'>3.</span> <span class='ocrx_word' id='word_1_408' title='bbox 564 1921 662 1967; x_wconf 81' lang='grc' dir='ltr'>ἐδεξιοῦντο</span> <span class='ocrx_word' id='word_1_409' title='bbox 673 1923 706 1973; x_wconf 81' lang='grc' dir='ltr'>γάρ</span> <span class='ocrx_word' id='word_1_410' title='bbox 718 1924 747 1960; x_wconf 84' lang='grc' dir='ltr'>τόν</span> <span class='ocrx_word' id='word_1_411' title='bbox 759 1924 808 1972; x_wconf 81' lang='grc' dir='ltr'>άγιον</span> 
     </span>
     <span class='ocr_line' id='line_1_84' title="bbox 465 1976 808 2015; baseline 0.006 -3"><span class='ocrx_word' id='word_1_412' title='bbox 465 1976 493 2012; x_wconf 82' lang='grc' dir='ltr'>διὰ</span> <span class='ocrx_word' id='word_1_413' title='bbox 503 1979 536 2013; x_wconf 81' lang='grc' dir='ltr'>τῶν</span> <span class='ocrx_word' id='word_1_414' title='bbox 545 1976 650 2014; x_wconf 89' lang='grc' dir='ltr'>ἐπισκόπων.</span> <span class='ocrx_word' id='word_1_415' title='bbox 664 1976 688 2015; x_wconf 87' lang='lat' dir='ltr'>ib.</span> <span class='ocrx_word' id='word_1_416' title='bbox 718 1980 727 2014; x_wconf 86' lang='grc' dir='ltr'>ό</span> <span class='ocrx_word' id='word_1_417' title='bbox 740 1977 759 2014; x_wconf 85' lang='grc' dir='ltr'>δὲ</span> <span class='ocrx_word' id='word_1_418' title='bbox 772 1978 808 2014; x_wconf 85' lang='grc' dir='ltr'>ἐπί-</span> 
     </span>
     <span class='ocr_line' id='line_1_85' title="bbox 465 2030 808 2079; baseline 0.003 -13"><span class='ocrx_word' id='word_1_419' title='bbox 465 2044 530 2068; x_wconf 85' lang='grc' dir='ltr'>σκοπος</span> <span class='ocrx_word' id='word_1_420' title='bbox 545 2030 616 2078; x_wconf 83' lang='grc' dir='ltr'>χαίρων.</span> <span class='ocrx_word' id='word_1_421' title='bbox 633 2039 650 2079; x_wconf 85' lang='lat'>5.</span> <span class='ocrx_word' id='word_1_422' title='bbox 681 2032 775 2069; x_wconf 78' lang='grc' dir='ltr'>ἐπίσκοπός</span> <span class='ocrx_word' id='word_1_423' title='bbox 788 2047 808 2068; x_wconf 91' lang='grc' dir='ltr'>τε</span> 
     </span>
     <span class='ocr_line' id='line_1_86' title="bbox 465 2083 806 2133; baseline 0.006 -11"><span class='ocrx_word' id='word_1_424' title='bbox 465 2086 495 2130; x_wconf 79' lang='grc' dir='ltr'>τῆς</span> <span class='ocrx_word' id='word_1_425' title='bbox 503 2085 521 2121; x_wconf 92' lang='grc' dir='ltr'>ἐν</span> <span class='ocrx_word' id='word_1_426' title='bbox 530 2083 596 2132; x_wconf 72' lang='grc' dir='ltr'>Σμύρνῃ</span> <span class='ocrx_word' id='word_1_427' title='bbox 609 2086 697 2133; x_wconf 81' lang='grc' dir='ltr'>κοθολικῆς</span> <span class='ocrx_word' id='word_1_428' title='bbox 709 2085 806 2133; x_wconf 81' lang='grc' dir='ltr'>ἐκκλησίας.</span> 
     </span>
     <span class='ocr_line' id='line_1_87' title="bbox 466 2137 636 2188; baseline 0.006 -13"><span class='ocrx_word' id='word_1_429' title='bbox 466 2137 523 2177; x_wconf 64' lang='lat' dir='ltr'>Mam</span> <span class='ocrx_word' id='word_1_430' title='bbox 533 2137 597 2188; x_wconf 79' lang='lat' dir='ltr'>Polyo.</span> <span class='ocrx_word' id='word_1_431' title='bbox 607 2139 636 2176; x_wconf 90' lang='lat'>16.</span> 
     </span>
    </p>

    <p class='ocr_par' dir='ltr' id='par_1_6' title="bbox 436 2192 807 2298">
     <span class='ocr_line' id='line_1_88' title="bbox 436 2192 807 2242; baseline 0.005 -14"><span class='ocrx_word' id='word_1_432' title='bbox 436 2192 527 2231; x_wconf 84' lang='grc' dir='ltr'>Ἐπισπᾶν.</span> <span class='ocrx_word' id='word_1_433' title='bbox 557 2194 612 2242; x_wconf 76' lang='grc' dir='ltr'>ἐαυτῷ</span> <span class='ocrx_word' id='word_1_434' title='bbox 625 2194 735 2231; x_wconf 87' lang='grc' dir='ltr'>ἐπεσπάσατο</span> <span class='ocrx_word' id='word_1_435' title='bbox 744 2195 765 2231; x_wconf 85' lang='grc' dir='ltr'>τὸ</span> <span class='ocrx_word' id='word_1_436' title='bbox 777 2194 807 2241; x_wconf 85' lang='grc' dir='ltr'>θη-</span> 
     </span>
     <span class='ocr_line' id='line_1_89' title="bbox 464 2245 681 2298; baseline 0.005 -14"><span class='ocrx_word' id='word_1_437' title='bbox 464 2245 505 2296; x_wconf 91' lang='grc' dir='ltr'>ρίον.</span> <span class='ocrx_word' id='word_1_438' title='bbox 521 2246 577 2285; x_wconf 70' lang='lat' dir='ltr'>Mart.</span> <span class='ocrx_word' id='word_1_439' title='bbox 589 2245 653 2298; x_wconf 78' lang='lat' dir='ltr'>Polyc.</span> <span class='ocrx_word' id='word_1_440' title='bbox 665 2259 681 2296; x_wconf 85' lang='lat'>3.</span> 
     </span>
    </p>

    <p class='ocr_par' dir='ltr' id='par_1_7' title="bbox 435 2300 805 2676">
     <span class='ocr_line' id='line_1_90' title="bbox 435 2300 805 2339; baseline 0.003 -2"><span class='ocrx_word' id='word_1_441' title='bbox 435 2301 555 2338; x_wconf 88' lang='grc' dir='ltr'>Ἐπίστοσθαι.</span> <span class='ocrx_word' id='word_1_442' title='bbox 576 2300 683 2339; x_wconf 84' lang='grc' dir='ltr'>Ἐπίστοσθε</span> <span class='ocrx_word' id='word_1_443' title='bbox 692 2301 717 2338; x_wconf 87' lang='grc' dir='ltr'>ότι</span> <span class='ocrx_word' id='word_1_444' title='bbox 726 2302 777 2338; x_wconf 76' lang='grc' dir='ltr'>οὐδὲν</span> <span class='ocrx_word' id='word_1_445' title='bbox 785 2302 805 2338; x_wconf 88' lang='grc' dir='ltr'>ά-</span> 
     </span>
     <span class='ocr_line' id='line_1_91' title="bbox 465 2353 804 2404; baseline 0.006 -13"><span class='ocrx_word' id='word_1_446' title='bbox 465 2355 630 2404; x_wconf 84' lang='grc' dir='ltr'>δικον...γέγριιπται</span> <span class='ocrx_word' id='word_1_447' title='bbox 640 2356 658 2392; x_wconf 89' lang='grc' dir='ltr'>ἐν</span> <span class='ocrx_word' id='word_1_448' title='bbox 666 2356 726 2394; x_wconf 78' lang='grc' dir='ltr'>αὐτοῖς.</span> <span class='ocrx_word' id='word_1_449' title='bbox 743 2353 804 2393; x_wconf 78' lang='lat' dir='ltr'>Olem.</span> 
     </span>
     <span class='ocr_line' id='line_1_92' title="bbox 463 2407 805 2458; baseline 0 -12"><span class='ocrx_word' id='word_1_450' title='bbox 463 2407 516 2457; x_wconf 81' lang='lat'>145.</span> <span class='ocrx_word' id='word_1_451' title='bbox 549 2409 658 2446; x_wconf 87' lang='grc' dir='ltr'>Ἐπίστασθε</span> <span class='ocrx_word' id='word_1_452' title='bbox 675 2410 712 2458; x_wconf 79' lang='grc' dir='ltr'>γάρ,</span> <span class='ocrx_word' id='word_1_453' title='bbox 729 2410 757 2446; x_wconf 79' lang='grc' dir='ltr'>καί</span> <span class='ocrx_word' id='word_1_454' title='bbox 776 2424 805 2446; x_wconf 89' lang='grc' dir='ltr'>κα-</span> 
     </span>
     <span class='ocr_line' id='line_1_93' title="bbox 463 2460 805 2511; baseline 0.003 -12"><span class='ocrx_word' id='word_1_455' title='bbox 463 2465 498 2501; x_wconf 82' lang='grc' dir='ltr'>λῶς</span> <span class='ocrx_word' id='word_1_456' title='bbox 512 2460 613 2500; x_wconf 90' lang='grc' dir='ltr'>ἐπίστασθε.</span> <span class='ocrx_word' id='word_1_457' title='bbox 629 2471 659 2511; x_wconf 82' lang='grc'>53.</span> <span class='ocrx_word' id='word_1_458' title='bbox 687 2463 805 2511; x_wconf 81' lang='grc' dir='ltr'>Ἐπιστάμεθα</span> 
     </span>
     <span class='ocr_line' id='line_1_94' title="bbox 463 2516 805 2566; baseline 0.006 -12"><span class='ocrx_word' id='word_1_459' title='bbox 463 2516 550 2555; x_wconf 78' lang='grc' dir='ltr'>πολλοὺς.</span> <span class='ocrx_word' id='word_1_460' title='bbox 559 2547 563 2554; x_wconf 93' lang='grc'>.</span> <span class='ocrx_word' id='word_1_461' title='bbox 574 2517 725 2566; x_wconf 83' lang='grc' dir='ltr'>.παραδεδωκότας</span> <span class='ocrx_word' id='word_1_462' title='bbox 734 2518 805 2556; x_wconf 79' lang='grc' dir='ltr'>ἑαυτοὺς</span> 
     </span>
     <span class='ocr_line' id='line_1_95' title="bbox 464 2571 804 2619; baseline 0.009 -13"><span class='ocrx_word' id='word_1_463' title='bbox 464 2572 488 2609; x_wconf 86' lang='grc' dir='ltr'>είς</span> <span class='ocrx_word' id='word_1_464' title='bbox 499 2571 558 2618; x_wconf 87' lang='grc' dir='ltr'>δεσμά.</span> <span class='ocrx_word' id='word_1_465' title='bbox 573 2578 606 2618; x_wconf 83' lang='lat'>55.</span> <span class='ocrx_word' id='word_1_466' title='bbox 639 2571 696 2619; x_wconf 76' lang='grc' dir='ltr'>ἄρχειν</span> <span class='ocrx_word' id='word_1_467' title='bbox 706 2573 770 2609; x_wconf 81' lang='grc' dir='ltr'>ἑαυτῶν</span> <span class='ocrx_word' id='word_1_468' title='bbox 781 2572 804 2619; x_wconf 85' lang='grc' dir='ltr'>μὴ</span> 
     </span>
     <span class='ocr_line' id='line_1_96' title="bbox 464 2624 768 2676; baseline 0.007 -15"><span class='ocrx_word' id='word_1_469' title='bbox 464 2624 585 2671; x_wconf 85' lang='grc' dir='ltr'>ἐπισταμένοις.</span> <span class='ocrx_word' id='word_1_470' title='bbox 601 2625 643 2676; x_wconf 82' lang='lat' dir='ltr'>Ign.</span> <span class='ocrx_word' id='word_1_471' title='bbox 654 2624 729 2676; x_wconf 76' lang='lat' dir='ltr'>Fragm.</span> <span class='ocrx_word' id='word_1_472' title='bbox 741 2624 768 2664; x_wconf 87' lang='lat' dir='ltr'>iv.</span> 
     </span>
    </p>

    <p class='ocr_par' dir='ltr' id='par_1_8' title="bbox 436 2679 805 2947">
     <span class='ocr_line' id='line_1_97' title="bbox 436 2679 803 2727; baseline 0.003 -11"><span class='ocrx_word' id='word_1_473' title='bbox 436 2679 559 2717; x_wconf 81' lang='grc' dir='ltr'>Ἐπιστέλλειν.</span> <span class='ocrx_word' id='word_1_474' title='bbox 591 2681 611 2716; x_wconf 84' lang='grc' dir='ltr'>οὐ</span> <span class='ocrx_word' id='word_1_475' title='bbox 625 2681 675 2727; x_wconf 90' lang='grc' dir='ltr'>μόνον</span> <span class='ocrx_word' id='word_1_476' title='bbox 688 2681 730 2727; x_wconf 79' lang='grc' dir='ltr'>ὑμᾶς</span> <span class='ocrx_word' id='word_1_477' title='bbox 743 2680 803 2717; x_wconf 91' lang='grc' dir='ltr'>νουθε-</span> 
     </span>
     <span class='ocr_line' id='line_1_98' title="bbox 464 2731 803 2783; baseline 0.012 -14"><span class='ocrx_word' id='word_1_478' title='bbox 464 2735 530 2770; x_wconf 82' lang='grc' dir='ltr'>τοῦντες</span> <span class='ocrx_word' id='word_1_479' title='bbox 544 2731 674 2780; x_wconf 88' lang='grc' dir='ltr'>ἐπιστέλλομεν.</span> <span class='ocrx_word' id='word_1_480' title='bbox 689 2732 749 2772; x_wconf 74' lang='lat' dir='ltr'>Olem.</span> <span class='ocrx_word' id='word_1_481' title='bbox 763 2733 803 2783; x_wconf 79' lang='lat'>17.</span> 
     </span>
     <span class='ocr_line' id='line_1_99' title="bbox 463 2787 802 2838; baseline 0.009 -13"><span class='ocrx_word' id='word_1_482' title='bbox 463 2790 575 2834; x_wconf 78' lang='grc' dir='ltr'>πνευματικῶς</span> <span class='ocrx_word' id='word_1_483' title='bbox 593 2787 691 2825; x_wconf 83' lang='grc' dir='ltr'>ἐπέστειλεν</span> <span class='ocrx_word' id='word_1_484' title='bbox 708 2789 754 2836; x_wconf 78' lang='grc' dir='ltr'>ὑμῖν.</span> <span class='ocrx_word' id='word_1_485' title='bbox 771 2800 802 2838; x_wconf 84' lang='grc'>47.</span> 
     </span>
     <span class='ocr_line' id='line_1_100' title="bbox 462 2840 805 2890; baseline 0.009 -12"><span class='ocrx_word' id='word_1_486' title='bbox 462 2842 505 2890; x_wconf 87' lang='grc' dir='ltr'>πρὸς</span> <span class='ocrx_word' id='word_1_487' title='bbox 513 2840 543 2887; x_wconf 83' lang='grc' dir='ltr'>τὴν</span> <span class='ocrx_word' id='word_1_488' title='bbox 553 2841 645 2887; x_wconf 86' lang='grc' dir='ltr'>ἐκκλησίαν</span> <span class='ocrx_word' id='word_1_489' title='bbox 656 2842 755 2880; x_wconf 87' lang='grc' dir='ltr'>ἐπιστέλλει</span> <span class='ocrx_word' id='word_1_490' title='bbox 763 2843 805 2881; x_wconf 80' lang='grc' dir='ltr'>Ῥω-</span> 
     </span>
     <span class='ocr_line' id='line_1_101' title="bbox 463 2893 675 2947; baseline 0.019 -17"><span class='ocrx_word' id='word_1_491' title='bbox 463 2895 520 2942; x_wconf 86' lang='grc' dir='ltr'>μαίων.</span> <span class='ocrx_word' id='word_1_492' title='bbox 535 2893 593 2933; x_wconf 72' lang='grc' dir='ltr'>Μουί.</span> <span class='ocrx_word' id='word_1_493' title='bbox 604 2894 646 2947; x_wconf 82' lang='lat' dir='ltr'>Ign.</span> <span class='ocrx_word' id='word_1_494' title='bbox 658 2909 675 2944; x_wconf 91' lang='lat'>4.</span> 
     </span>
    </p>

    <p class='ocr_par' dir='ltr' id='par_1_9' title="bbox 434 2947 804 3056">
     <span class='ocr_line' id='line_1_102' title="bbox 434 2947 804 3002; baseline 0.011 -16"><span class='ocrx_word' id='word_1_495' title='bbox 434 2947 536 2996; x_wconf 80' lang='grc' dir='ltr'>Ἐπιστήμη.</span> <span class='ocrx_word' id='word_1_496' title='bbox 569 2952 606 2987; x_wconf 79' lang='grc' dir='ltr'>τοῖς</span> <span class='ocrx_word' id='word_1_497' title='bbox 620 2951 655 2987; x_wconf 74' lang='grc' dir='ltr'>κατ’</span> <span class='ocrx_word' id='word_1_498' title='bbox 664 2950 759 3000; x_wconf 72' lang='grc' dir='ltr'>ἐπιστήμην</span> <span class='ocrx_word' id='word_1_499' title='bbox 774 2952 804 3002; x_wconf 80' lang='grc' dir='ltr'>ι’ίρ-</span> 
     </span>
     <span class='ocr_line' id='line_1_103' title="bbox 462 3002 708 3056; baseline 0.024 -17"><span class='ocrx_word' id='word_1_500' title='bbox 462 3018 528 3051; x_wconf 83' lang='grc' dir='ltr'>χουσιν.</span> <span class='ocrx_word' id='word_1_501' title='bbox 542 3002 585 3055; x_wconf 81' lang='lat' dir='ltr'>Igu.</span> <span class='ocrx_word' id='word_1_502' title='bbox 597 3002 674 3056; x_wconf 78' lang='lat' dir='ltr'>Fragm.</span> <span class='ocrx_word' id='word_1_503' title='bbox 683 3004 708 3045; x_wconf 89' lang='lat' dir='ltr'>iv.</span> 
     </span>
    </p>

    <p class='ocr_par' dir='ltr' id='par_1_10' title="bbox 435 3056 804 3111">
     <span class='ocr_line' id='line_1_104' title="bbox 435 3056 804 3111; baseline 0.011 -16"><span class='ocrx_word' id='word_1_504' title='bbox 435 3056 534 3105; x_wconf 78' lang='grc' dir='ltr'>Ἐπιστολή.</span> <span class='ocrx_word' id='word_1_505' title='bbox 560 3058 592 3106; x_wconf 75' lang='grc' dir='ltr'>τὴν</span> <span class='ocrx_word' id='word_1_506' title='bbox 602 3060 695 3109; x_wconf 85' lang='grc' dir='ltr'>ἐπιστολὴν</span> <span class='ocrx_word' id='word_1_507' title='bbox 706 3068 738 3099; x_wconf 77' lang='grc' dir='ltr'>τοῦ</span> <span class='ocrx_word' id='word_1_508' title='bbox 750 3076 804 3111; x_wconf 90' lang='grc' dir='ltr'>μακα-</span> 
     </span>
    </p>
   </div>
   <div class='ocr_carea' id='block_1_6' title="bbox 0 0 970 3420">
    <p class='ocr_par' dir='ltr' id='par_1_11' title="bbox 0 0 970 3420">
     <span class='ocr_line' id='line_1_105' title="bbox 0 0 970 3420; baseline 0 0"><span class='ocrx_word' id='word_1_509' title='bbox 0 0 970 3420; x_wconf 95' lang='lat' dir='ltr'> </span> 
     </span>
    </p>
   </div>
  </div>
 </body>
</html>
