2017 3420
116 219 117 223 ’
144 216 172 257 32
385 214 483 260 INDEX
498 212 671 262 VERBORUM
718 208 720 214 ’

160 344 162 349 ’
172 329 226 366 αὐτοῦ
235 328 256 367 δι’
265 328 347 379 άδελφόν.
359 341 391 380 31.
411 332 443 380 γῆν
451 344 470 367 τε
479 329 512 366 διε.

172 385 253 434 χώρισεν.
265 396 296 434 33.
325 385 347 423 τό
355 384 417 434 τέρατα
426 384 444 422 ἐν
452 387 475 435 γῆ
484 385 514 422 Αί-

142 446 144 450 ’
172 438 243 490 γόπτου.
260 450 292 489 51.
329 440 360 479 Ὡς
375 440 406 478 οῦν
419 441 472 488 ε’σμέν
487 439 515 478 ἐπὶ

172 496 210 544 γῆς.
220 493 242 533 Π
252 496 270 533 8.
299 496 327 534 διὰ
335 497 367 545 γῆς
379 496 406 533 καὶ
417 496 512 542 θαλάσσης.

172 548 216 601 Igu.
231 549 287 589 Rom.
301 558 319 599 5.
337 555 381 599 suu
393 551 471 599 περάτων
484 551 514 597 τῆς

171 607 209 655 γῆς.
219 605 237 643 6.
266 606 293 644 καί
302 604 330 644 ἐπί
338 608 370 655 γῆς
379 606 406 644 καὶ
415 607 433 643 ἐν
442 606 512 656 οὐρανῷ.

173 657 250 712 Smyru.
260 672 290 699 11.
314 663 324 698 ό
337 660 411 708 ποιῆσας
424 661 454 698 τόν
463 661 513 710 οῦρα-

168 716 202 754 ’νόν
210 716 238 754 καί
246 716 276 764 τὴν
284 718 321 766 γῆν.
336 714 394 755 Mart.
404 715 447 767 Igu.
459 727 476 754 2.

146 770 223 821 Γηγενῆς.
248 772 274 810 τίς
282 771 334 820 ἰσχῦς
342 773 423 820 γηγενοῦς
431 782 436 818 ;
451 768 511 809 Clem.

146 837 220 931 Γῆρας.9
242 880 291 929 ἐδόθη
309 881 355 932 αὐτῷ
373 881 409 918 υίὸς
426 881 445 917 ἐν
461 879 511 931 γῆρᾳ.

174 933 233 975 Olem.
244 935 255 973 I
266 947 296 975 10.

146 991 231 1029 Γίνεσθαι.
259 993 269 1028 ό
278 992 344 1040 σπόρος
356 991 416 1028 κόκκου
425 989 463 1027 τίνα
471 992 511 1039 τρό-

171 1060 205 1084 πον
221 1046 290 1096 γίνεται.
312 1043 372 1084 Olem.
389 1044 401 1083 I
416 1056 447 1092 24.
476 1042 512 1083 εἶτα

171 1102 250 1146 βλαστὸς
257 1100 326 1150 γίνεται.
344 1099 367 1138 Π
378 1110 408 1138 11.
437 1099 472 1137 κατ’
482 1100 511 1137 εῦ-

171 1155 204 1204 χῆν
217 1156 301 1206 περιβολὴ
315 1155 383 1205 γίνεται.
398 1153 475 1206 Fragm.
485 1154 510 1193 iv.

171 1210 196 1249 εἰς
211 1210 305 1259 σημείωσιν
318 1211 382 1248 πάσαις
396 1212 432 1249 ταῖς
445 1212 512 1259 γενεαῖς

170 1265 250 1315 γίνονται.
275 1264 286 1303 Ι
306 1277 336 1303 11.
375 1263 511 1315 εὐεργετούμενοι

170 1321 239 1370 χείρους
256 1316 335 1370 γίνονται.
359 1318 401 1371 Igu.
419 1318 475 1358 Rom.
491 1329 509 1369 5.

170 1374 269 1423 Πνεῦματος
281 1375 307 1412 Ἀ.
319 1376 389 1424 ἔκχυσις
440 1375 510 1425 ἐγίνετο.

111 1467 113 1469 ,
171 1428 280 1469 GlemIz.
308 1430 406 1479 προφητεία
419 1430 509 1480 ἐντῆγυ-

171 1484 296 1535 ναικὶγέγονεν.
313 1497 343 1523 12.
371 1485 390 1522 ἐν
398 1485 473 1532 ὀπτασίᾳ
482 1485 511 1535 γε’-

170 1555 215 1589 γονε.
228 1539 285 1579 Mart.
296 1539 360 1592 Polyc.
372 1548 390 1588 5.
419 1541 442 1577 ὧν
451 1538 475 1578 είς
484 1542 511 1577 καὶ

147 1624 149 1627 ι
170 1594 221 1633 οῦτας
229 1597 300 1646 γεγόνει.
313 1596 343 1633 16.
360 1595 468 1645 ἐγεγόνεισαν
476 1596 510 1645 γὰρ

170 1650 224 1688 πάλαι
232 1649 309 1699 μαθηταί.
322 1649 379 1689 Mart.
390 1649 432 1701 Igu.
444 1662 461 1699 3.
490 1652 510 1687 τό

171 1705 222 1754 κρίμα
237 1706 323 1755 πρόδηλον
337 1704 411 1755 ε’γενῆθη.
428 1704 510 1745 Οίθυι.Ι

171 1767 203 1808 51.
218 1759 277 1800 οίτινες
285 1761 358 1811 ἀρχηγοὶ
366 1791 370 1798 ,
379 1792 382 1799 .
391 1790 395 1799 .
404 1760 508 1810 ἐγενῆθημεν.

171 1814 196 1853 ib.
225 1816 243 1853 ἐκ
252 1815 301 1855 ποίας
310 1814 352 1862 ι’ίλης
361 1814 465 1863 ἐγενήθημεν.
477 1816 508 1865 38.

171 1870 217 1920 κάγῦι
233 1870 343 1919 εόθυμότερος
359 1872 443 1919 ἐγενόμην.
465 1869 508 1921 Igu.

172 1924 236 1976 Polye.
253 1932 270 1974 7.
298 1925 350 1972 ἡδέως
368 1925 434 1976 ἐγένετο
451 1926 508 1963 θυσία.

171 1977 233 2018 Olem.
241 1978 253 2017 I
263 1991 294 2029 31.
323 1980 377 2018 Οῦτος
386 1983 396 2017 ό
404 1982 510 2029 μακαρισμός

171 2034 244 2084 ἐγένετο.
260 2044 291 2083 50.
320 2035 386 2085 ἐγένετο
395 2035 446 2084 σάρξ.
458 2034 480 2073 Π
491 2047 508 2085 9.

171 2088 191 2128 ὅς
206 2090 272 2139 ἐγένετο
288 2090 362 2128 διάκονος
377 2090 448 2127 πάντων.
466 2089 508 2141 Igu.

171 2143 221 2182 Phil.
232 2152 250 2193 5.
269 2144 347 2194 Ἐγένετο
356 2144 440 2181 δὲταῦτα.
451 2143 509 2183 Mart.

171 2198 214 2250 Igu.
226 2207 243 2250 7.
272 2199 321 2248 φωνὴ
330 2199 350 2245 ἐξ
358 2199 429 2248 οῦρανοῦ
438 2199 510 2249 ἐγένετο.

171 2254 230 2294 Mart.
246 2252 287 2293 Pol.
306 2266 323 2303 9.
356 2256 413 2291 Ταῦτα
426 2253 456 2291 οὖν
469 2256 511 2302 μετὰ

170 2309 255 2348 τοσούτου
262 2310 325 2358 τάχους
335 2309 405 2358 ἐγένετο.
417 2320 447 2357 13.
462 2309 511 2347 πλεί-

170 2381 207 2404 ονες
216 2365 308 2414 ἐγενόμεθα
319 2368 354 2402 τῶν
362 2362 456 2401 δοκοῦντων
466 2365 511 2413 ἔχειν

169 2422 218 2458 θεάν.
237 2418 297 2459 Olem.
311 2418 334 2457 Π
345 2430 362 2457 2.
391 2419 468 2468 ἐγένοντο
481 2418 511 2456 οῦν

169 2476 258 2525 ἀμφότερα
267 2475 356 2513 εὐτάκτοις.
371 2473 382 2511 I
392 2485 423 2522 42.
452 2475 510 2517 ῒὲπα-

169 2532 212 2580 φροι
218 2529 231 2570 †
238 2531 320 2580 ἐγένοντο.
332 2529 363 2578 46.
393 2531 475 2578 Φρόνιμος
483 2526 509 2579 γί-

162 2601 199 2624 νου
208 2586 231 2624 ὣς
238 2585 284 2634 όφις.
295 2583 337 2636 Igu.
346 2584 410 2636 Polyc.
421 2597 437 2622 2.
453 2584 510 2621 Πλέον

170 2641 263 2679 σπουδαῖος
277 2640 330 2690 γίνου.
346 2653 364 2690 3.
399 2640 457 2687 Μηδέν
470 2639 510 2676 άνευ

169 2697 236 2745 γνώμης
254 2711 287 2732 σου
303 2695 381 2745 γινέσθω.
404 2709 421 2742 4.
451 2695 510 2731 Πάντα

169 2750 194 2789 εἰς
202 2751 252 2798 τιμὴν
261 2754 305 2787 θεοῦ
313 2751 392 2799 γινέσθω.
404 2758 422 2798 5.
444 2750 510 2786 Πυκνά-

168 2820 218 2854 τερον
236 2807 334 2855 συναγωγαί
352 2806 465 2856 γιυέσθωσαν.
490 2816 508 2851 4.

168 2862 235 2908 μᾶλλον
257 2861 298 2908 ἐμοῦ
319 2860 393 2910 γίνεσθε.
418 2860 474 2899 Rom.
490 2866 508 2908 7.

168 2916 197 2952 ἐπὶ
210 2916 231 2952 τό
245 2916 286 2952 αῦτό
304 2916 378 2965 γίνεσθε.
400 2913 474 2954 Ρίιίίαιί.
490 2914 508 2952 6.

168 2971 237 3018 μιμηταί
251 2970 320 3020 γίνεσθε
333 2972 351 3009 Ἰ.
362 2976 382 3008 X.
400 2978 417 3020 7.
446 2972 509 3020 Πόρρω

168 3025 244 3074 γενέσθω
258 3025 287 3063 ἀπ’
301 3025 348 3073 ἡμῶν
360 3025 371 3073 ἡ
386 3026 446 3076 γραφῆ
460 3024 507 3072 αὕτη.

169 3077 229 3118 Οίθιῐι.
240 3078 251 3116 I
262 3091 291 3128 23.
317 3083 340 3118 Τό
350 3080 414 3128 θέλημα
424 3084 454 3119 τοῦ
464 3083 508 3117 θεοῦ

568 328 651 378 γενέσθω.
665 324 723 365 Mart.
735 325 828 378 Polym.
850 324 909 373 Μηδα-

568 387 604 431 μῶς
618 386 669 420 τοῦτο
684 383 757 432 γένοιτο.
771 379 832 421 Olem.
848 380 859 419 I
876 390 908 430 45.

568 439 610 487 μηδέ
619 438 685 489 γένοιτό
693 453 722 486 μοι
732 437 787 475 αὐτῶν
795 434 907 485 μνημονεόειν.

569 493 611 546 Igu.
623 492 699 545 Smyru.
710 500 729 541 5.
752 506 782 540 μοι
791 493 811 529 τό
819 490 870 539 μέρος
878 492 908 541 γε’-

569 564 614 587 νοιτο
624 551 675 599 σ’χεῖν
683 548 701 586 ἐν
710 550 752 599 θεῷ.
766 546 830 598 Polye.
842 546 862 585 6.
886 547 910 584 ῦιν

568 604 634 654 γένοιτο
648 605 676 642 καὶ
689 603 732 651 ἡμᾶς
745 600 868 652 συγκοινωνοός
877 632 880 640 .
889 629 908 640 .·
946 628 947 631 =

568 659 653 709 γενέσθαι.
669 657 727 697 Mart.
737 656 777 696 Pol.
791 665 820 707 17.
845 656 865 693 οὗ
878 657 907 706 γε’-

568 729 614 751 νοιτο
626 715 709 764 ...πρὸς
726 715 748 751 τὰ
765 712 804 763 Ιίχνη
822 712 909 761 εὑρεθῆναι

567 769 615 817 ἡμᾶς.
630 780 661 808 22.
685 768 726 807 ι’ίταν
735 768 769 806 κατ’
779 768 852 817 ἀνάγκην
859 767 907 817 γίνη-

568 838 599 862 ται.
611 822 653 875 Igu.
664 822 741 876 Fragm.
751 822 776 862 vi.
793 823 815 871 μῆ
824 822 909 870 κοιμηθεὶς

567 878 622 928 βαρύς
632 894 665 917 τινι
678 879 756 928 γένωμαι.
771 877 828 916 Rom.
838 889 856 925 4.
884 878 907 925 μῆ
923 895 925 899 ⁴

567 933 684 972 ἀκαταστασία
692 933 766 983 γένηται.
782 931 842 972 Olem.
853 931 864 970 I
874 944 906 981 43.

564 986 601 1026 ’Ίνα
613 988 643 1026 αόν
651 988 718 1026 τέλειον
726 989 765 1036 ὑμῖν
773 988 841 1037 γένηται
850 989 869 1025 τό
878 988 907 1036 ἐρ·
947 1011 948 1014 =

566 1058 602 1092 γαν.
621 1042 666 1094 Igu.
682 1041 760 1094 Smyrn.
773 1055 803 1081 11.
832 1043 907 1090 Μιμηταὶ

565 1099 653 1147 γενώμεθα
667 1098 752 1136 κάκείνων.
772 1095 832 1137 Olelu
848 1096 860 1136 Ι
876 1105 906 1148 17.

566 1153 596 1190 κᾶν
605 1153 656 1203 ἐγγός
669 1157 700 1191 τοῦ
714 1154 802 1201 στεφάνου
813 1154 905 1205 γενόμεθα.

566 1206 589 1246 Π
599 1216 616 1258 7.
642 1208 679 1246 Ἵνα
694 1209 721 1247 καὶ
736 1206 829 1258 γενώμεθα,
841 1210 906 1257 βουλη-

566 1264 623 1303 θέντος
634 1265 691 1302 αὐτοῦ.
701 1262 778 1315 Fragm.
788 1262 814 1302 ix.
832 1265 906 1311 Μιμηταί

566 1318 596 1356 οιίν
606 1319 694 1369 γενοίμεθα
707 1321 737 1367 τῆς
748 1319 833 1367 ὑπομονῆς
847 1321 904 1358 αὐτοῦ.

566 1373 629 1425 Ροίγο.
641 1373 689 1413 Phil.
700 1375 717 1412 8.
741 1374 764 1422 μῆ
774 1376 830 1412 εὔνοια
838 1374 906 1422 ε’ίκαιρος

565 1429 639 1478 γένησθέ
651 1445 687 1477 μοι,
709 1429 751 1480 Igu.
764 1428 821 1468 Rom.
832 1442 851 1477 4.
879 1427 906 1467 ίνα

565 1500 594 1532 μοι
602 1485 658 1532 τάφος
666 1483 750 1534 γένωνται
766 1483 791 1522 ib.
820 1486 843 1533 μὴ
852 1487 870 1523 αί
875 1486 905 1522 ἐῦ-

565 1539 642 1589 εργεσίαι
651 1540 703 1577 αὐτοῦ
712 1569 716 1577 .
724 1569 728 1578 .
737 1540 829 1589 ,γένωνται
836 1540 860 1579 είς
868 1541 905 1590 κρί-

565 1592 728 1641 μα.(ίΙοιιι.Ιοι.
750 1595 905 1643 οόκείκῆ,..ε’κέ-

565 1651 628 1687 λευσεν
636 1650 719 1699 γίνεσθαι.
733 1648 793 1688 Olem.
804 1649 815 1688 Ι
825 1662 857 1698 40.
880 1657 906 1704 τῷ

568 1704 687 1752 ...μέλλοντι
700 1707 783 1756 χωρισμῷ
797 1708 827 1743 τοῦ
841 1706 905 1745 δικαίου

565 1759 647 1809 γίνεσθαι.
662 1759 720 1799 Maru
730 1759 772 1810 Igu.
784 1770 802 1808 5.
826 1761 905 1809 μηθαμῶς

565 1818 616 1852 τοῦτο
630 1815 680 1853 ἐάσαι
689 1845 705 1854 ..
715 1842 719 1852 .
729 1814 758 1864 ἐφ’
772 1814 810 1863 ῆμῖν
821 1831 842 1865 γε
855 1832 904 1866 γενη-

565 1870 618 1918 θῆναι.
640 1868 699 1909 Οίυῐιι.
717 1868 728 1907 Ι
744 1882 775 1919 33.
805 1870 905 1911 ἱκετεύοντες
921 1906 923 1910 ,

565 1926 616 1962 αὐτὸν
630 1924 679 1964 ἱλέως
693 1925 778 1975 γενέσθαι.
794 1938 811 1963 2.
847 1927 866 1963 ἐν
881 1931 905 1978 τῷ

564 1981 615 2017 αὐτόν
627 1979 699 2027 ῦπῆκοον
707 1981 793 2030 γενέσθαι.
807 1992 837 2018 10.
859 1977 905 2020 ὥστε

563 2035 644 2083 γενέσθαι
659 2036 711 2083 αὐτὴν
727 2034 793 2083 στήλην
808 2038 853 2074 ἁλός.
873 2048 902 2076 11.

564 2090 647 2137 ὑπηκόους
660 2090 703 2138 ἡμᾶς
716 2092 782 2136 μᾶλλον
791 2091 870 2140 γενέσθαι
880 2096 905 2143 τῷ

565 2147 608 2195 θεῷ.
626 2157 655 2193 14.
690 2146 714 2185 εἷς
729 2145 749 2182 τό
764 2147 847 2194 μετόχους
861 2147 904 2194 ἡμᾶς

564 2199 649 2249 γενέσθαι.
659 2212 690 2249 34.
715 2201 757 2247 μετὰ
767 2201 787 2237 τὸ
795 2201 875 2250 γενέσθαι
883 2204 904 2239 τὰ

565 2257 631 2302 σημεῖα.
643 2262 673 2303 51.
690 2255 766 2304 ἱστορίαν
774 2255 854 2304 γενέσθαι
862 2256 905 2308 ᾠκο-

565 2311 641 2357 νόμησεν.
652 2308 729 2361 Fragm.
737 2308 756 2348 ii.
771 2311 801 2347 οῦκ
810 2310 858 2350 ὅντες
864 2314 905 2360 πρὶν

564 2364 648 2414 γενέσθαι.
664 2364 689 2403 ix.
721 2365 752 2413 τῆν
767 2365 811 2403 ίδίαν
825 2365 904 2414 ἐπεθύμει

563 2420 643 2469 γενέσθαι
652 2419 744 2458 τελείωσιν.
761 2419 819 2459 ΜαςίῦΙ
830 2419 872 2472 Igu.
884 2422 902 2460 6.

564 2476 673 2523 συμμαθητάς
686 2475 772 2525 γενέσθαι.
789 2474 846 2515 Malu.
862 2475 902 2515 Pol.

566 2537 595 2580 17.
613 2530 643 2578 τῆν
652 2531 694 2568 κατὰ
702 2531 759 2581 καιρόν
767 2531 856 2581 γινομένην
864 2531 903 2569 άνά-

564 2600 630 2624 στασιν.
642 2584 701 2624 Olem.
712 2584 723 2622 Ῑ
733 2598 763 2633 24.
788 2587 808 2623 τὸ
816 2588 904 2635 γινόμενον

564 2640 625 2678 ἐντοῖς
634 2641 738 2679 ἀνατολικοῖς
746 2643 809 2680 τόποις.
822 2649 853 2689 25.
882 2644 903 2679 τὰ

563 2697 641 2743 γινόμενα
659 2696 677 2733 ἐν
691 2695 784 2743 εόδοκῆσει.
806 2708 837 2743 40.
873 2697 903 2744 τὴν

564 2750 591 2786 διὰ
604 2752 696 2800 μαρτυρίου
708 2751 796 2802 γινομένην
804 2752 901 2801 ὁμολογίαν.

565 2803 621 2844 Mart.
635 2805 678 2857 Igu.
693 2818 709 2845 1.
736 2807 846 2856 γεγενημένον
861 2807 903 2854 άλη-

564 2859 598 2898 θῶς
609 2862 627 2898 ἐκ
638 2861 727 2911 παρθένου.
742 2860 785 2912 Igu.
796 2859 872 2913 Smyrn.
886 2874 901 2899 1.

564 2915 648 2963 ὑπομονῆς
661 2918 751 2966 γενόμενος
764 2915 846 2966 μέγιστος
859 2918 901 2954 ῦπο-

563 2973 644 3019 γραμμάς.
668 2969 729 3009 Clem.
749 2970 760 3008 I
779 2979 797 3019 5.
827 2974 902 3021 γενναῖος

563 3027 656 3074 γενόμενος.
673 3037 704 3074 25.
733 3026 779 3065 ὅπως
790 3025 840 3065 ἵλεως
852 3031 900 3076 γενό-

563 3095 616 3127 μενος.
632 3081 663 3128 43.
691 3084 720 3129 τῆς
729 3082 808 3130 διαδοχῆς
817 3086 850 3119 τῶν
859 3083 901 3119 εἰπο-
