1975 3455
279 228 322 270 AD
330 224 534 280 '‘doarnrfflos,
544 227 588 270 lvii.
742 229 786 275 209

95 351 98 385 ἶ
120 342 202 393 LVII.
231 341 283 393 Vos
305 343 384 410 igitur
406 343 449 409 qui
476 342 604 392 seditionis
626 343 787 393 fundamenta

59 432 61 434 ’
82 421 184 490 jecistis,
201 420 389 471 inobedientia
411 420 507 471 subditi
529 425 609 470 estote
626 420 786 490 Presbyteris,

85 507 111 551 et
122 498 276 566 disciplinam
287 499 390 566 accipite
405 499 434 548 in
448 498 642 566 poenitentiam&
659 498 786 549 flectentes

84 596 165 647 genua
184 577 294 628 oordimn
313 584 458 637 vestrorum,
482 577 568 628 discite
596 575 689 645 subjici,
712 577 891 644 depo-tPetvs·

83 661 170 708 nentes
181 655 312 723 gloriosam
324 662 350 706 et
361 655 492 723 superbam
502 655 601 724 linguae
612 661 709 706 vestrae
721 674 785 706 arro-

83 735 194 803 gantiam
203 754 210 795 ;
228 733 316 785 melius
337 734 403 784 enim
421 733 490 785 robis
511 740 549 785 est
568 734 595 785 in
615 734 673 785 erili
692 734 785 785 Christi

82 832 171 881 parvos
189 820 215 864 et
234 813 313 864 bonae
332 814 412 864 famae
429 813 536 881 reperiri,
552 832 627 881 quam
644 813 691 864 sibi
706 813 785 864 videri

82 892 136 942 aliis
153 892 332 951 eminentiores,
344 897 396 942 ete
411 910 455 959 spe
468 892 534 942 illius
547 891 625 959 dejici.
661 893 701 944 sio
718 892 784 943 enim

84 1078 202 1130 ‘Presbyter
216 1076 286 1117 debeat
299 1076 384 1117 ordinari
398 1078 418 1117 in
446 1081 506 1118 ‘vero
515 1077 782 1118 nonconsuetudinetantum

83 1132 258 1185 ‘consequentibus
272 1131 372 1178 disserens,
382 1132 419 1172 hoc
446 1136 452 1155 ‘
461 1132 562 1182 Ecclesiae,
575 1132 608 1172 scd
621 1133 746 1184 dispositione
755 1133 782 1172 Α-

83 1188 138 1228 ‘aitz
151 1188 175 1229 aa·
184 1188 229 1239 quis
237 1194 265 1226 cst
277 1187 320 1227 sina
331 1188 418 1237 malae,
447 1187 559 1240 ‘postoiioa
568 1188 642 1228 factum
650 1188 687 1228 hoa
699 1202 740 1228 esse
749 1202 782 1228 ex·

83 1242 158 1283 ‘caim
171 1242 240 1282 naaria
252 1242 289 1291 air,
303 1244 336 1282 tc.
351 1248 418 1294 postea
446 1243 585 1283 ‘istimaverim
592 1257 598 1293 ς
613 1243 664 1295 quod
675 1243 781 1284 discordiae

82 1297 176 1338 ‘intulit:
191 1304 263 1349 oportet
274 1298 327 1337 enim
337 1298 417 1350 Episco-
446 1298 595 1342 ‘Ecclesiamm
615 1302 637 1338 ut
655 1299 735 1351 adparet
750 1300 781 1339 vel

83 1355 144 1404 ‘pwm
158 1353 200 1392 aaa
214 1352 295 1392 crimine
309 1366 352 1402 essa,
369 1359 418 1393 tassia·
445 1356 485 1393 ‘ex
503 1353 604 1393 Corinthia
622 1353 712 1402 Ecclesia,
730 1354 780 1395 rivis

82 1408 194 1459 ‘quamne'
199 1408 353 1459 dispensatorem.
362 1408 418 1448 idem
445 1411 451 1430 ‘
459 1408 565 1448 etiamnum
574 1407 673 1460 Apostolis
683 1409 780 1449 nonnullis

82 1464 87 1483 ‘
96 1467 125 1503 est
134 1476 180 1515 ergo
188 1462 291 1514 Presbyter
298 1462 332 1515 qui
338 1462 417 1515 Episeo-
444 1467 478 1503 ‘et
486 1464 553 1503 multis
562 1462 679 1515 Apostolicis
687 1464 740 1513 viris,
749 1464 780 1503 ni.

81 1519 87 1538 ‘
95 1530 144 1569 pus;
154 1522 174 1558 et
182 1522 291 1570 antequam,
301 1517 378 1557 Diaboli
388 1519 416 1558 in·
444 1518 495 1558 ‘mis
504 1518 543 1558 cito
552 1518 654 1570 eruperint.
670 1519 734 1568 Quare
743 1519 779 1559 hoc

82 1575 87 1594 ‘
96 1573 173 1623 stinctu,
180 1573 245 1612 studia
254 1573 275 1611 in
284 1572 377 1625 religione
383 1574 416 1614 fio·
444 1576 449 1595 ‘
458 1573 564 1613 remedium
570 1574 594 1612 ab
600 1572 699 1625 Apostolis
705 1574 779 1626 etApo-

81 1629 144 1677 ‘rent,
156 1632 175 1667 et
189 1628 285 1668 diceretur
297 1627 318 1667 in
333 1629 415 1680 populis,
444 1628 530 1668 ‘stolicis
544 1628 591 1669 viris
607 1628 707 1668 inventum
721 1634 779 1681 atque

81 1683 139 1734 ‘Epo
155 1696 199 1723 aaut
211 1683 279 1731 Pauli,
295 1696 328 1734 epo
341 1683 416 1735 Apollo,
445 1687 573 1735 ‘usurpatum
584 1687 629 1722 ante
641 1683 699 1723 finem
708 1685 778 1724 saeculi

80 1739 126 1788 ‘cyo
140 1735 205 1777 catera
221 1737 300 1790 Cephea,
319 1738 416 1778 communi
444 1738 516 1790 ‘primi
525 1738 627 1778 existimo!

80 1792 253 1845 ‘Presbyterorum
263 1792 342 1833 consilio
350 1793 416 1833 Eccle-
471 1807 488 1843 3.
499 1795 521 1832 τὰ
529 1797 592 1844 γόνατα
601 1791 630 1841 τῆς
637 1791 713 1847 καρδίας]
724 1794 779 1833 Haec

80 1847 133 1887 ‘siae
138 1848 300 1900 gubernabantur.
311 1848 415 1900 Postquam
442 1847 522 1900 phrasis,
536 1848 557 1887 in
572 1848 662 1887 Patribus
676 1853 696 1888 et
710 1848 778 1888 Oenei-

79 1903 138 1942 ‘vero
147 1903 283 1955 unusquisque,
293 1916 341 1955 ques
350 1904 412 1955 bapti·
441 1902 471 1942 liis
483 1904 578 1955 frequens,
588 1902 690 1955 desumpta
700 1903 778 1944 videtur

79 1959 175 2008 ‘zaverat
182 1971 226 1998 suos
235 1958 316 2010 putabat
325 1971 366 1997 esse
375 1971 414 1998 non
441 1971 466 1997 ex
486 1958 578 1998 Oratione
600 1957 699 2007 Manassis,
719 1972 777 2011 quam

79 2013 83 2033 ‘
93 2012 171 2063 Christi,
178 2013 199 2052 in
207 2017 250 2053 toto
259 2013 306 2053 orbe
315 2013 413 2053 decretum
441 2014 534 2065 quaedam
544 2013 607 2052 Biblia
618 2014 776 2065 complectuntur,

78 2072 126 2117 ‘est
145 2072 168 2108 ut
183 2081 233 2107 unus
252 2069 276 2107 dc
294 2068 414 2120 Presbyteris
441 2081 536 2120 quamque
543 2068 628 2108 referunt
635 2068 700 2109 Oonst.
707 2068 775 2121 Apost.

78 2122 163 2163 ‘electus
176 2128 338 2175 superponeretur
352 2128 413 2163 caete·
440 2123 464 2161 ΙΙ
473 2124 518 2163 xvii.
543 2126 579 2174 [καὶ
588 2127 616 2162 νῦν
625 2124 676 2161 stiva
686 2127 728 2175 γόνυ
737 2140 777 2175 καρ-

77 2177 122 2227 ‘ria
132 2178 157 2217 ad
171 2191 228 2230 quem
242 2178 305 2218 omnis
317 2178 413 2218 Ecclesiae
440 2180 476 2218 δίας
489 2180 538 2229 μον]
568 2178 640 2218 Multas
649 2192 695 2218 vero
704 2179 776 2220 similes

78 2235 83 2254 ‘
92 2245 138 2272 eura
143 2233 254 2285 pertineret,
260 2237 280 2273 et
287 2233 413 2273 schismatum
439 2233 460 2272 in
470 2233 600 2285 Scriptcribus
610 2232 672 2273 Sacris
681 2238 701 2273 et
710 2234 776 2274 Eccle-

77 2290 83 2309 ‘
91 2288 164 2327 semina
179 2288 312 2329 tollerentur.’'
352 2287 410 2342 [Opp.
439 2288 618 2328 siasticisinvenias.
629 2288 720 2327 OOTEL.
737 2289 774 2328 Ra-

77 2345 137 2382 ‘tom
147 2343 175 2383 vii
187 2358 205 2396 p.
222 2345 262 2395 694
276 2344 305 2383 ed.
319 2343 410 2395 Vallum]
439 2343 493 2383 tione
501 2343 553 2383 haud
560 2343 647 2383 dissimili
657 2343 742 2395 loquitur
748 2344 772 2383 D.

77 2396 141 2437 ‘Tum
155 2399 224 2451 prohat
241 2413 251 2438 e
267 2398 336 2450 Philip.
351 2399 358 2437 i
371 2412 387 2448 1,
400 2413 410 2438 2
440 2398 514 2443 Petrus,
522 2399 557 2451 Ep.
568 2399 579 2437 Ι
590 2399 597 2437 i
609 2411 639 2448 13,
649 2399 774 2447 ἀναζωσάμενοι

76 2455 110 2492 ‘tt
124 2451 167 2493 Aet.
187 2467 215 2493 xx
234 2456 259 2493 28
278 2454 337 2493 misia
354 2453 412 2494 fuisse
439 2456 470 2493 τὰς
478 2454 548 2503 ὀσφύας
556 2457 586 2502 τῆς
594 2452 666 2491 διανοίας
675 2455 725 2501 ὑμῶν.

75 2506 249 2560 ‘Presbyterorum
262 2513 321 2562 atque
333 2508 412 2561 Episcc-
467 2510 484 2548 8.
495 2510 531 2548 καθ’
541 2509 633 2559 ὑπεροχὴν]
645 2507 719 2556 Junius,
729 2507 773 2547 Fel-

75 2564 159 2614 ‘porum
168 2564 251 2603 nomina.
280 2564 356 2603 Deinde
367 2577 411 2604 con·
438 2563 468 2602 lus
478 2568 497 2603 et
507 2562 624 2602 Golomcsius
634 2562 712 2600 mallent
722 2564 771 2600 καθυ-

75 2618 165 2658 ‘tendis
184 2619 234 2659 sicut
250 2619 361 2672 Presbyteri
376 2619 411 2658 sci·
437 2620 519 2668 περέχειν.

75 2672 130 2722 ‘'nnt,
147 2687 167 2713 se
182 2688 207 2713 cx
223 2674 320 2714 Ecclesiae
333 2687 410 2714 consue·
464 2673 489 2712 ib.
506 2674 525 2710 ἐκ
540 2675 570 2718 τῆς
584 2668 661 2724 ἐλπίδος]
683 2672 771 2721 ἐκριφῆναι

74 2728 156 2767 ‘tudine
165 2728 188 2778 ei,
198 2729 231 2782 qui
240 2729 277 2769 sibi
289 2729 410 2782 praepositus
437 2729 511 2776 ἐλπίδος,
530 2725 601 2765 Hefelii
624 2725 683 2764 editio
706 2726 768 2766 tertia.

73 2784 78 2802 ‘
88 2781 151 2833 firerit,
165 2797 206 2824 esse
221 2785 330 2837 subjectos,
345 2784 373 2824 ita
389 2790 409 2824 et
436 2782 506 2821 Junius
514 2780 616 2833 legendum
625 2785 689 2820 censet
697 2781 728 2819 vel
737 2783 770 2828 ἔξω

73 2836 193 2890 ‘Episcopos
207 2853 264 2879 nosse
279 2843 374 2892 oportere,
388 2853 408 2879 se
435 2841 465 2886 τῆς
473 2838 558 2888 κιγκλίδος
564 2835 595 2874 vel
601 2835 666 2886 potius
673 2837 768 2876 ἐπανλίδοα.

72 2893 148 2945 ‘magis
155 2895 298 2939 consuetudine,
305 2908 363 2947 quam
370 2894 408 2933 dis·
436 2891 542 2931 Oclomesio
560 2890 621 2941 magis
639 2889 702 2942 placet
718 2893 769 2930 ἐπαν-

71 2947 186 2997 ‘positionis
195 2949 308 2989 Dominicae
319 2950 406 2999 veritate,
433 2949 485 2986 λίδαα.
514 2945 569 2984 Nihil
578 2950 643 2985 autem
655 2947 770 2991 mutandum

71 3000 204 3054 ‘Presbyteris
213 3017 254 3044 esse
263 3005 350 3057 majores.
379 3003 406 3044 At
433 3006 485 3042 recte
507 3000 598 3041 viderunt
619 3000 727 3041 Ootelerius
750 3007 770 3043 et

49 3068 52 3078 ¹
97 3079 144 3109 von.
155 3080 171 3110 1.
461 3080 495 3109 ae
