2061 3403
200 170 229 216 ul
436 168 467 210 ὃ.
483 167 655 212 CLEMENTIS

200 284 248 340 ἀπὸ
275 290 319 343 τοῦ
343 284 476 355 θελήματος
501 287 581 341 αὐτοῦ.
634 289 742 342 Μᾶλλον
766 284 904 360 ἀνθρώποις

200 370 293 443 ἄφροσι
313 373 352 425 καὶ
370 371 478 441 ἀνοήτοις·
494 374 533 427 καὶ
547 370 706 443 ἐπαιρομένοις
724 374 762 426 καὶ
777 373 898 444 ἔγκαυχω-

200 456 277 526 με’νοις
293 458 318 511 ἐν
330 456 455 531 ἀλαζονείᾳ
471 465 513 514 τοῦ
531 458 606 528 λόγου
623 460 701 533 αὐτῶν
718 459 900 532 προσκόψωρεν

200 541 215 611 ἢ
228 546 262 617 τῷ
275 546 339 617 θεῷ.
360 543 412 622 Τὸν
427 543 515 616 Κύριον
526 545 622 614 Ἰησοῦν
635 543 752 615 Χριστόν,
762 545 789 599 οὗ
801 543 829 599 τὸ
842 543 900 613 αἷμα
932 613 934 617 Α

201 630 260 702 ὑπὲρ
271 630 339 698 ἡμῶν
351 629 428 699 ἐδόθη,
441 635 598 704 ἐντραπῶρεν,
632 629 921 702 Τοῧςπροηγουμένου15
948 639 968 675 s
1014 626 1017 631 ⁵

200 717 268 785 ἡμῶν
292 719 446 786 αἰδεσθῶμεν,
470 716 524 777 τοὺς
545 717 720 789 πρεσβυτέρους
741 719 809 786 ἡμῶν
830 717 898 786 τιμή-

200 827 291 872 σωμεν,
313 802 368 861 τοὺς
391 804 456 862 νέους
478 804 639 872 παιδεύσωρεν
663 802 707 872 τὴν
731 806 838 860 παιδείαν
857 811 899 859 τοῦ
965 846 967 855 ,

201 995 246 1035 Ηοο
264 995 284 1034 in
298 995 342 1035 1οοο
353 994 466 1047 Anonymus
481 995 536 1046 [Ber-
563 997 609 1047 ten]
629 994 767 1048 praetermittit
785 1008 808 1034 ea
830 993 900 1045 omnia,

201 1048 280 1105 nardus]
290 1049 377 1102 queritur
390 1050 414 1089 de
425 1049 496 1102 duplici
509 1050 537 1089 in-
564 1064 613 1103 quae
630 1051 654 1090 de
671 1051 759 1103 precibus
776 1050 871 1089 habentur
889 1064 901 1089 a

201 1104 334 1157 terpelatione,
352 1104 387 1145 viz.
409 1118 435 1144 ex
452 1103 536 1144 Alexan·
564 1110 658 1145 commate
674 1114 685 1155 5
700 1105 725 1145 ed
739 1118 808 1144 comm.
821 1107 844 1143 16
859 1118 899 1157 cap.

201 1160 257 1199 drino
271 1159 409 1212 interpolatum
424 1159 481 1199 fuisse
499 1160 538 1198 Ro·
564 1160 735 1213 viEvangeliisee.
745 1159 900 1210 S.Matthaenm;

201 1228 285 1260 manum,
294 1228 367 1254 neenen
376 1214 538 1266 Interpolatorem
565 1228 650 1267 quaeque
665 1216 689 1255 de
701 1214 825 1267 eleemosynis
838 1220 858 1255 et
870 1215 901 1267 je-

201 1269 284 1316 vitiasse,
303 1274 328 1319 et,
347 1282 371 1308 ne
389 1269 440 1308 fraus
461 1269 537 1321 detege·
562 1270 617 1322 junio
632 1269 731 1320 habentur,
745 1270 798 1309 ducit
813 1269 834 1309 in
849 1283 901 1309 eem-

201 1329 260 1374 retur,
279 1325 303 1363 de
317 1324 357 1365 suis
372 1323 467 1363 addidisse
479 1323 539 1364 etiam
564 1325 669 1377 pendium:
688 1326 709 1364 in
726 1325 796 1365 Strom.
811 1325 831 1365 vi
846 1323 865 1379 [1
880 1338 899 1377 p.

201 1379 231 1425 iis,
245 1393 293 1431 qnae
307 1379 389 1432 petierat
403 1392 428 1419 ex
440 1378 538 1418 Clemente
566 1388 604 1430 737
622 1380 651 1419 ed.
666 1378 748 1435 Puden]
769 1379 807 1420 tria
825 1380 901 1432 integra

201 1434 338 1474 Alexandrino.
367 1434 453 1480 ‘Verba'
470 1433 539 1486 inquit,
566 1440 661 1474 commata
674 1435 742 1475 Psalm.
755 1435 794 1474 exii
807 1434 900 1482 omittun-

203 1490 242 1529 ‘ab
259 1502 295 1529 usu
313 1493 387 1529 remota
404 1493 438 1528 eut
456 1488 539 1528 difficilia
565 1493 612 1539 tur3
624 1493 736 1542 caeteraque
745 1503 767 1529 eo
776 1490 834 1529 mode
842 1489 902 1529 inter-

203 1547 209 1567 ‘
217 1545 305 1584 indoctus
320 1544 377 1584 homo
391 1544 441 1584 vitet
454 1542 498 1598 (viz.
512 1545 539 1582 καὶ
565 1544 630 1596 palate
645 1548 691 1584 sunt
699 1558 705 1593 3
725 1549 747 1585 ut
761 1544 821 1596 ipsius
837 1545 902 1596 potius

203 1601 254 1652 ‘desp
270 1616 294 1639 ns
309 1602 432 1650 δικαιοπραγῶν
442 1601 539 1650 γνωστικώ-
565 1612 623 1651 quam
641 1599 721 1639 Davldis
739 1612 779 1640 esse
793 1600 900 1640 videantur.

203 1657 267 1705 ‘repas
294 1656 374 1706 γίγνεται,
400 1654 539 1704 ττροσεχέστερον
565 1654 645 1694 WOTT.

203 1710 273 1761 ’τούτῳ
288 1711 308 1748 τὸ
327 1713 390 1757 πνεῦμα
408 1711 428 1747 τὸ
448 1709 538 1761 φωτεινόν)
592 1709 616 1749 ib.
632 1707 786 1763 μὴλειττοτακτεῐν]
800 1707 828 1749 GE
839 1709 902 1761 8.Ιὲ-

204 1764 351 1816 ‘immutetque
358 1768 377 1803 et
386 1763 448 1803 mittit
456 1763 479 1803 de
487 1762 539 1803 Gno-
565 1764 645 1813 natium,
660 1764 721 1816 Epist.
737 1764 762 1803 ad
775 1764 902 1816 Polyeerpum

205 1821 210 1842 ‘
219 1818 277 1863 stipis,
295 1823 318 1859 ut
332 1818 399 1867 dolum
416 1822 483 1870 tegat3
506 1818 539 1857 sed
567 1820 577 1871 ᾗ
588 1821 605 1868 6,
615 1824 673 1870 atque
681 1818 708 1858 ibi
717 1823 789 1859 notata.

205 1874 339 1926 ‘transpenet'
379 1872 461 1913 (trebius
481 1872 540 1913 etiam
583 1887 611 1913 ¹2.
627 1875 760 1924 ἐγκονχωμένοιο
773 1870 899 1927 subducte]

205 1928 312 1980 suspicatus
330 1932 359 1967 est
373 1928 420 1967 haee
437 1927 539 1967 Clementis
566 1935 743 1967 ΕΓΚΑΥΧΩΜΕΝΟΙ
763 1928 816 1968 dedit
835 1927 902 1967 Libra-

205 1983 288 2023 Romani
301 1996 341 2022 non
355 1996 394 2022 esse
401 1997 407 2032 3
422 1983 452 2021 eui
462 1982 541 2021 minime
567 1983 612 2033 rius,
628 1983 683 2034 eujus
697 1983 818 2023 oscitantiam
832 1996 843 2021 a
857 1982 902 2021 Mil·

205 2038 241 2078 hae
263 2038 284 2076 in
305 2051 327 2076 re
349 2042 379 2076 est
395 2037 540 2076 assentiendum.
567 2038 594 2076 lio
605 2037 720 2090 jamdudum
731 2037 904 2078 notatemsilentio

206 2093 313 2132 Contentus
327 2092 378 2131 enim
390 2092 440 2130 ratio
452 2092 541 2143 postulat,
567 2092 660 2144 praeterit
668 2092 776 2132 Wettonus
804 2092 903 2145 Praeposi-

204 2152 228 2188 ut
237 2151 262 2196 τὸ,
272 2149 322 2197 Λέγει
335 2150 368 2198 γάρ
381 2146 406 2185 ad
420 2149 443 2184 ὢν
450 2147 542 2195 ποιούμεθα
568 2147 641 2186 tionem
653 2151 698 2186 unte
711 2149 798 2197 ἀλαζονείᾳ
811 2148 905 2187 omittunt

204 2203 281 2256 legatur
289 2202 341 2241 intra
347 2201 470 2253 parenthesin
475 2213 480 2248 ;
491 2201 542 2253 quod
570 2201 681 2241 Gallandius
696 2206 719 2242 ue
734 2201 905 2252 Seboenemannns,

204 2258 221 2298 si
234 2258 274 2307 fiat,
289 2259 357 2295 Δίκαιον
370 2256 399 2294 οὖν
415 2258 462 2294 ἐστὶν
475 2271 489 2293 κ.
498 2272 514 2293 τ.
523 2258 540 2294 λ,
568 2256 682 2296 Wottonum
695 2257 760 2298 secuti.
788 2257 815 2298 At
824 2259 845 2297 in
858 2258 904 2297 (lod.

204 2327 249 2352 eum
261 2311 419 2365 praecedentibus
469 2314 543 2358 ποιῶμεν
570 2311 628 2351 Mtte
637 2325 675 2350 non
685 2312 742 2352 deest.

204 2369 240 2417 μεθ’
253 2369 331 2417 ὁμονοίας
345 2370 389 2418 apte
399 2368 542 2414 connectuntur,
597 2380 614 2416 3.
626 2365 761 2422 προσκόψωρεν]
776 2366 835 2407 Fotte
848 2384 904 2418 προο-

204 2427 224 2463 et
236 2436 312 2462 sensum
325 2421 432 2474 pleniorem
446 2419 529 2459 efficiunt
535 2433 542 2468 ‚¹
570 2422 672 2471 κρούσωρεν,
683 2435 720 2474 qua
730 2436 777 2462 voce
791 2423 904 2475 Ohrysesto·

204 2479 251 2518 adeo
260 2477 321 2517 uthis
335 2476 446 2517 absentibus
458 2475 542 2514 defectus
568 2488 611 2515 mus
619 2476 771 2527 frequentissime
779 2478 854 2521 utitur:
864 2477 905 2529 qui-

204 2546 245 2572 esse
251 2533 344 2572 videatur.
361 2531 417 2571 Nihil
424 2534 489 2570 autem
497 2529 542 2569 inde
568 2531 605 2570 bns
613 2544 658 2570 vero
667 2534 796 2582 αροσκόψωμεν
803 2533 865 2584 magis
874 2546 905 2571 ar·

204 2588 273 2627 deduei
281 2591 346 2639 potest
355 2585 464 2639 argumenti
476 2588 543 2624 centra
569 2585 625 2629 ridet,
634 2599 669 2637 per
682 2599 713 2625 me
726 2587 821 2627 retineant
833 2587 904 2630 licebit,

204 2643 263 2682 fidem
286 2646 305 2682 et
329 2642 461 2694 integritatem
485 2640 542 2691 hujus
570 2653 629 2692 quum
638 2640 696 2680 seiam
707 2641 758 2692 apud
767 2642 847 2682 Petrum
859 2642 904 2682 seri-

204 2697 308 2750 Epistolae,
332 2698 383 2750 qued
406 2710 418 2735 a
444 2695 542 2736 Clemente
569 2698 625 2746 ptum
643 2708 689 2744 esse,
711 2694 730 2749 [I
746 2695 761 2734 ii
776 2694 796 2751 8]
815 2702 839 2751 τῷ
857 2701 904 2750 λόγῳ

203 2751 334 2792 Alexandrino
350 2752 395 2791 haee
412 2751 542 2799 omittemus-5
570 2752 689 2799 προσκόπτειν.
705 2750 765 2791 JUN.

204 2808 271 2848 eadem
286 2807 338 2847 enim
356 2807 434 2846 lieentia
452 2810 480 2846 est
495 2818 542 2845 usus
597 2818 614 2853 4.
628 2807 661 2842 Τὸν
670 2805 732 2855 Κύριον
743 2805 809 2854 Ἰησοῦν
820 2804 902 2861 Χριστόν]

204 2862 224 2901 in
239 2862 320 2902 citandis
336 2861 478 2914 θεν-11111111,
493 2874 508 2901 a
521 2874 539 2912 g.
568 2858 627 2911 Apud
642 2858 701 2899 Olem.
717 2859 772 2900 Alex.
789 2866 904 2903 connectunr

205 2917 309 2967 Sbl'om.lv,
322 2919 362 2968 [21‚
377 2932 394 2970 p.
407 2916 541 2967 627ed.P0b-
567 2919 601 2954 tur
622 2914 669 2955 haec
691 2929 735 2955 cum
757 2917 830 2965 λέληθεν
853 2919 904 2956 αὐτὸν
