1958 3490
330 227 372 290 AD
387 226 575 280 CORINTHIOS,
589 226 604 269 i.
810 227 824 284 5

124 344 211 396 clesiae
231 342 284 402 Dei,
304 360 369 410 quae
392 322 505 401 donntffi
526 342 703 409 peregrinatur,
722 342 822 401 vocatis,

125 420 281 474 sanctificatis
299 420 429 471 voluntate
446 420 545 479 Distinet,
564 437 608 486 per
626 419 759 470 Dominum
780 437 823 469 no-

125 507 204 563 strum
221 500 306 550 Jesuru
324 499 467 551 Christum:
494 498 580 549 Gratia
595 497 666 549 vobis
683 503 709 548 et
724 515 774 566 pax
792 498 823 549 ab

125 579 292 646 omnipotente
312 578 367 628 Deo
386 595 430 644 per
447 576 466 627 J
467 595 537 628 esum
556 576 683 629 Ohnsem
705 576 824 645 multipli-

125 663 201 709 cetur.

157 736 178 787 I.
197 736 300 803 Propter
316 734 411 786 subitas
430 753 458 785 ac
479 734 526 786 sibi
542 734 648 786 invicem
667 734 823 786 succedentes

125 814 276 866 calamitates
297 820 324 866 et
347 832 416 865 casus
437 813 560 874 adversos,
576 814 620 882 qui
639 813 709 865 nobis
730 813 823 864 accide-

124 948 172 986 ἕλεος
187 957 263 998 quoque
278 948 393 999 apprecatur
407 942 458 997 Apo·
486 944 557 985 vallier.
579 945 609 985 De
618 944 655 984 hac
663 957 709 984 voce
718 943 825 984 audiendus

124 1000 189 1040 stolus.
226 999 303 1053 Optimo
326 1000 371 1052 jure
394 1003 458 1039 monet
486 999 639 1040 cLHermannus
652 999 677 1038 ad
690 997 825 1052 SophoclAn-

124 1055 228 1095 Wottouus
239 1054 360 1104 sententiam,
369 1067 458 1107 quocum-
486 1055 521 1107 tig.
533 1063 563 1106 57.
591 1053 686 1106 ‘Propria
698 1054 751 1095 verbi
764 1053 824 1106 signi-

124 1123 160 1162 que
172 1110 232 1149 modo
242 1110 321 1162 legatur,
331 1123 377 1149 cum
387 1111 460 1158 πληθου-
488 1110 564 1150 ‘ficatio
586 1123 608 1150 ea
629 1109 714 1162 postulat
735 1109 824 1162 intelligi,

124 1165 159 1213 θείη
172 1164 242 1205 claudi.
270 1163 422 1217 &statusque
435 1164 459 1204 ad
488 1164 604 1218 ‘quaesibi
624 1164 823 1205 inriccmaccedunt.

124 1218 252 1265 (inflandum,
271 1219 330 1260 Junio
351 1224 459 1272 praeeunte,
488 1219 577 1260 ‘Primus
589 1220 671 1260 fortasse
684 1232 728 1259 usus
744 1223 774 1260 est
788 1218 824 1259 hac

123 1275 345 1327 legunt...rrirn0nrdetq
358 1272 460 1330 [ἐφ’ὑ]μῶυ
487 1277 548 1315 ‘voce
568 1274 677 1327 Sophocles.
706 1274 763 1315 Unde
783 1287 824 1314 non

123 1331 175 1370 itione
191 1331 219 1368 κολ
237 1330 262 1370 ἐπ’
277 1330 364 1379 ἀλλήλους
413 1329 460 1369 adeo
488 1329 577 1380 ‘mirum,
590 1330 612 1380 si,
626 1333 650 1369 ut
665 1329 726 1370 solent
742 1329 823 1379 rariora,

123 1388 145 1424 ut
165 1384 222 1424 finita
242 1384 356 1425 salutatione
374 1384 459 1437 Epistola
488 1385 638 1425 ‘recentioribus
647 1384 723 1424 demum
734 1384 823 1438 frequen·

123 1439 203 1492 incipiat
212 1453 255 1479 cum
264 1441 296 1478 Διὰ
303 1440 457 1491 peroptarunt.
487 1439 539 1481 ‘tari
556 1444 623 1493 coepta
642 1444 676 1490 est,
689 1440 781 1480 translata
797 1440 822 1479 ad

151 1495 168 1533 6,
187 1492 229 1549 [Διὰ
246 1492 283 1549 τὰς]
303 1492 406 1558 αἰφνιδίους]
426 1493 458 1533 Ad
487 1494 729 1536 ‘erebromirerosionen’
748 1495 822 1534 Exem-

123 1549 171 1588 hanc
180 1549 286 1599 lectionem,
294 1549 420 1601 proculdubro
426 1563 457 1589 ve-
485 1550 518 1603 ple
524 1549 696 1600 dabitLobcekius‚
704 1549 819 1602 Paralipom.

123 1604 458 1657 ram,quamproximeconjcctando
487 1604 520 1645 Gr.
537 1604 569 1645 Gr.
588 1619 607 1657 p.
627 1612 672 1655 471.
703 1604 730 1644 Of.
748 1604 819 1644 Euseb.

123 1657 456 1708 accessitondrvPearsonus,Vind.
486 1659 512 1699 H.
523 1660 546 1699 E.
561 1660 568 1699 i
582 1663 600 1710 8,
617 1663 655 1699 ruis
673 1661 714 1698 κατὰ
731 1662 760 1698 τὸν
773 1658 821 1698 οἶκον

124 1713 187 1765 Ignat.
208 1713 258 1754 Part.
274 1713 288 1752 ii
306 1727 347 1766 cap.
365 1728 383 1765 3,
406 1713 457 1766 cujus
486 1715 588 1763 ἐπαλλήλοις
605 1713 697 1765 ἠμαύρωσε
715 1716 819 1765 συμφοραῖς.

124 1768 257 1820 conjecturam,
268 1782 279 1807 a
292 1767 400 1809 Oolomesio
413 1782 456 1820 pro·
486 1768 565 1821 Longin.
584 1769 608 1810 de
633 1767 686 1810 subl.
705 1783 732 1808 xx
750 1782 779 1820 3,Μ
790 1770 821 1818 τὴν

123 1823 193 1873 batam,
212 1823 233 1863 in
253 1827 366 1863 contextum
387 1823 458 1875 recepit
486 1826 559 1863 διάνοιαν
575 1829 609 1864 τῶν
627 1826 711 1863 δικαστῶν
728 1828 748 1873 τῇ
766 1825 821 1862 ἐπολ-

124 1878 233 1918 Wottonus.
254 1877 457 1919 Literaeautemillae
484 1879 533 1930 λήλῳ
544 1879 613 1928 πλήττει
623 1881 675 1930 φορᾷ
702 1877 822 1919 Adverhium

123 1933 170 1972 dunc
181 1933 214 1973 vel
225 1937 269 1982 tres,
278 1947 330 1985 quas,
341 1933 410 1973 damno
421 1933 457 1973 hoc
486 1934 585 1983 ἐπαλλῆλωο
599 1934 621 1973 in
637 1933 698 1985 Epist.
713 1934 781 1974 vienn.
802 1937 821 1974 ct

123 1987 143 2026 in
158 1988 202 2027 loco
218 1987 282 2027 Oodioi
296 1988 356 2029 Mseo
370 2001 414 2029 casu
426 1988 457 2029 vel
486 1988 546 2040 Lugd.
561 1990 598 2042 ξύ,
612 1988 680 2029 Routh
691 1988 751 2042 Reliq.
766 1988 821 2030 Saor.

122 2043 307 2092 vetustateillato‚se
316 2043 352 2083 vix
361 2043 457 2095 dignosce·
485 2043 492 2082 i
505 2057 549 2095 302.

122 2111 143 2137 re
156 2098 242 2149 potuisse
255 2102 333 2150 questus
347 2103 377 2139 est
390 2098 458 2147 Editor
505 2108 522 2149 7.
530 2100 621 2149 συμφορὰς
630 2100 658 2137 καλ
670 2096 818 2154 [opportuna]

123 2151 290 2205 Cantabrigicnsis
307 2153 357 2192 mihi
380 2153 457 2205 saepius,
486 2154 517 2194 De
534 2158 620 2206 tempore
639 2153 713 2193 harum
723 2153 821 2194 calamita-

123 2212 143 2247 et
155 2221 232 2248 summa
245 2222 281 2261 qua
293 2208 350 2261 potui
363 2222 412 2258 cura,
423 2208 459 2248 Oo-
486 2213 534 2258 tum,
550 2208 595 2249 satis
613 2209 640 2249 sit
656 2222 680 2248 cx
695 2223 761 2262 acervo
777 2208 821 2248 sen-

123 2262 184 2303 dicem
200 2263 313 2316 inspicienti,
328 2264 388 2304 oculis
403 2263 467 2303 nudis*
483 2263 589 2304 'tertiarum
604 2278 617 2303 a
633 2263 680 2304 viris
697 2264 756 2305 doctis
774 2277 821 2316 pro-

123 2323 142 2358 et
159 2318 245 2368 armatis,
263 2318 364 2358 manifeste
381 2318 457 2370 tandem
486 2320 568 2359 latarum
580 2319 682 2359 nonnullas
694 2319 778 2360 breviter
790 2333 821 2359 re·
851 2364 852 2367 Ἴ

122 2372 173 2413 visae
183 2378 266 2413 sunam
275 2380 301 2418 Φ,·
316 2378 337 2414 et
346 2373 458 2414 certisssime
487 2387 566 2414 censere.
594 2374 622 2414 Et
640 2374 723 2427 primum
741 2374 820 2427 quidem

123 2427 169 2468 cod.
180 2428 223 2469 Ms.
233 2432 294 2469 totam
302 2442 370 2469 vocem
380 2435 458 2467 ΑΙΦΝΗ-
486 2429 544 2469 falsus
553 2433 581 2469 est
590 2429 705 2469 Guilielmus
715 2430 790 2469 Burton
799 2429 820 2467 in

123 2490 187 2522 ΔΙοΥΣ
201 2497 261 2536 usque
274 2483 336 2523 adhuc
350 2483 431 2532 exhibet,
440 2491 457 2521 Η
486 2498 509 2524 co
527 2484 577 2537 quod
595 2484 694 2537 putaverit
711 2484 820 2524 universam

121 2546 176 2590 prol
191 2538 260 2591 posito,
269 2552 317 2591 quac
330 2539 408 2591 quidem
420 2539 457 2578 fre·
485 2539 626 2592 Antiquitatam
642 2539 666 2579 de
681 2543 765 2591 tempore
780 2552 820 2590 quo

122 2594 313 2644 quensestmututio.
337 2594 405 2646 Neque
413 2607 457 2634 vero
485 2594 532 2634 hoec
558 2595 629 2647 scripta
652 2594 709 2634 fuerit
731 2593 820 2646 Epistola

122 2661 166 2687 casu
177 2653 212 2688 aut
221 2652 306 2700 tempore
316 2653 396 2689 tantum
406 2649 458 2689 labo·
485 2662 562 2702 prorsus
570 2650 665 2698 tacuissc3
677 2648 756 2701 scriptor
766 2648 819 2688 enim

121 2703 233 2743 rat-Oodcx
245 2702 391 2744 Alexandrinus.
420 2704 458 2744 Hic
486 2704 571 2744 omnium
588 2703 734 2757 antiquissimus¹
753 2703 820 2755 Hege-

122 2762 141 2797 et
150 2758 197 2797 alibi
206 2759 284 2811 paginas
293 2760 324 2803 vel
334 2759 424 2800 totasvcl
433 2773 457 2799 ex
485 2760 556 2812 sippus,
565 2760 636 2799 diserte
646 2758 710 2810 posuit
718 2758 820 2799 dissentio-

121 2817 175 2864 parte
189 2814 246 2866 gallis
258 2814 354 2855 tinctoriis
366 2813 412 2854 olim
424 2815 456 2854 ob·
485 2828 530 2855 nem
544 2814 684 2854 Corinthiacum
697 2813 747 2854 intra
760 2813 818 2866 quin-

121 2867 167 2907 lcvit
180 2869 244 2908 nescio
254 2869 300 2921 quis,
309 2884 360 2910 vana
371 2883 404 2922 spe
415 2869 457 2909 lite-
485 2883 522 2923 que
535 2869 611 2909 ultimos
622 2868 728 2908 Domitiani
741 2868 819 2921 imperii

122 2935 152 2963 ras
160 2928 258 2964 vetustate
271 2924 310 2965 fere
324 2938 391 2965 exesus
404 2938 457 2965 rcvo-
485 2937 549 2973 annos,
562 2922 607 2979 [scil.
616 2923 641 2963 A.
649 2923 672 2963 D.
682 2922 776 2979 92-96,]
789 2924 820 2964 uti

122 2978 176 3017 candi
186 2979 285 3019 adductus.
485 2983 567 3020 testatur
576 2978 676 3028 Eusebius,
686 2979 711 3019 Η,
720 2980 741 3020 E.
752 2980 779 3029 iii,
789 2989 820 3029 15,

147 3032 400 3089 ibaarsroapepeaad,
410 3034 457 3074 Ohe-
488 3037 517 3074 16.
546 3034 644 3085 Beronius,
659 3034 692 3087 qui
708 3035 723 3075 si
737 3035 820 3076 cundem
