2017 3420
219 216 263 261 126

248 344 280 387 47.
317 336 347 383 τῆς
356 334 473 386 φιλαδελφίας
481 336 527 386 ἡμῶν
535 338 588 387 άγνιλν

247 391 320 442 άγωγίην.
333 392 364 438 48.

219 448 338 497 Φιλαργυρεῖν.
381 447 491 496 συμπάσχειν
504 447 588 496 άλλὴλαις

246 502 346 552 ὀφείλομεν,
372 501 399 540 καὶ
423 502 446 550 μη
469 503 586 553 φιλσργνρεῖν.

246 555 338 596 Olemss
349 569 366 605 4.

219 612 330 663 Φιλαργυρία.
365 611 419 650 Οὗτος
429 611 476 662 λέγει
484 642 488 651 .
496 644 501 652 .
509 641 513 649 .
521 613 585 663 φιλορ-

246 668 312 718 γυρίαν.
326 665 385 706 Olem.
400 666 424 705 II
437 667 456 705 6.
485 667 586 717 ἀπεχόμενοι

245 721 304 770 πάσης
318 750 322 760 .
337 751 342 760 .
357 751 362 761 .
377 722 497 773 φιλαργυρίας.
521 721 584 774 Polyc.

246 776 296 816 Phil.
309 790 327 816 2.
354 777 408 828 Ἀρχὴ
422 777 441 814 δέ
454 778 521 815 πάντων
532 780 585 827 χαλε-

246 837 284 871 πῶν
292 833 403 882 φιλαργυρία.
415 846 433 880 4.
460 833 524 882 μακράν
532 835 586 872 οὔσας

245 889 303 935 πάσης
312 917 316 927 .
325 919 329 927 .
338 915 342 924 .
350 887 468 937 φιλαργυρίας.
478 886 502 926 ib.
521 890 586 938 μακρὸν

245 942 293 981 όντες
301 943 358 989 πάσης
367 943 487 993 φιλαργυρίας.
499 942 517 981 6.

218 999 281 1036 Φιλεῖν.
310 997 377 1036 Καλοὺς
391 998 465 1045 μαθητὰς
480 997 509 1035 ε’ὰν
524 999 583 1047 φιλῇς.

245 1050 363 1103 Ign.Polyc.
376 1063 394 1090 ν.

217 1107 353 1145 Φιλοδέσποτος.
378 1108 528 1157 Τδγάργενναῖον.
536 1137 541 1146 .
549 1108 584 1145 ,καί

244 1161 379 1212 φιλοδέσποτον.
389 1161 446 1201 Mart.
457 1161 520 1213 Polyc.
532 1174 550 1200 2.

217 1217 317 1256 Φιλονεικία.
327 1217 358 1264 τὴν
364 1221 397 1255 τῶν
405 1217 490 1255 Ἰουδαίαν
495 1219 585 1267 γενομένην

245 1273 354 1322 φιλονεικίαν.
365 1271 423 1311 Mart.
433 1271 496 1324 Polyo.
510 1273 540 1311 18.

154 1338 155 1341 ’
216 1329 320 1366 Φιλόνεικος.
348 1327 584 1377 Φιλόνεικοίέστε,άδελφοί.’

244 1380 368 1431 Olem.I45.
398 1397 399 1401 ¹

216 1438 314 1484 Φιλοξενία.
347 1439 367 1476 τὸ
377 1437 505 1488 μεγαλοπρεπὲς
514 1439 543 1485 τῆς
552 1440 582 1487 φι-

243 1493 322 1539 λοξενίας
336 1494 382 1540 ὑμῶν
396 1492 440 1539 ἦθος.
460 1491 519 1531 Olem.
535 1491 546 1530 I
564 1505 582 1531 1.

243 1548 277 1584 Διὰ
315 1548 415 1597 φιλοξενίαν
427 1548 475 1595 ἐδόθη
489 1549 534 1599 αὐτῷ
547 1549 583 1586 υίὸς

243 1601 320 1652 ένγίρρη.
336 1614 366 1641 10.
400 1604 432 1640 Διά
445 1603 582 1652 φιλοξενίαν...

244 1658 284 1695 Λὼτ
295 1658 356 1705 ἐσώθη.
371 1669 402 1696 11.
430 1659 462 1695 Διά
471 1687 476 1697 .
484 1688 488 1696 .
497 1687 502 1696 .
510 1658 582 1708 φιλοξε-

243 1712 280 1749 νίαν
289 1712 346 1760 έσάιθη
354 1713 412 1755 Ῥαάβ.
425 1724 455 1750 12.

215 1767 313 1813 Φιλόξενος.
348 1768 371 1804 ‘H
382 1768 411 1805 οῦν
423 1768 512 1816 φιλόξενος
524 1767 581 1813 Ῥαάβ.

243 1820 367 1861 01em.112.

216 1876 275 1915 Φίλος.
290 1876 374 1927 Ἀβραὰμ,
384 1880 394 1914 ὁ
403 1878 456 1927 φίλος
464 1893 581 1927 προσαγορευ-

243 1932 283 1970 θείς.
297 1930 356 1970 Glem.
367 1932 378 1970 I
389 1945 420 1971 10.
453 1935 506 1983 φίλος
515 1948 581 1982 προση-

242 1985 316 2036 γορεύθη
327 1991 357 2024 τοῦ
368 1991 417 2025 θεοῦ.
430 1995 460 2037 17.
495 1989 520 2024 Οὐ
532 1988 581 2024 δυνά-

242 2042 287 2088 μεθα
296 2041 326 2079 οῦν
334 2046 368 2079 τῶν
377 2041 407 2079 δύο
416 2043 466 2090 φίλοι
476 2041 521 2080 εἶναι.
531 2041 553 2079 Π
563 2042 581 2080 6.

215 2097 311 2144 Φιλοτιμία.
340 2097 407 2145 φθάσαι
415 2097 445 2135 τάς
454 2097 552 2146 φιλοτιμίας
564 2099 582 2134 έν

242 2154 263 2196 τῇ
277 2152 344 2201 μεγάλη
357 2151 418 2199 Ῥώμη.
432 2150 489 2190 Mart.
508 2152 547 2203 lgn.
563 2160 580 2200 5.

241 2208 272 2254 τῆς
298 2207 393 2256 ἀκαθάρτου
425 2208 526 2254 φιλοτιμίας.
555 2205 580 2245 ib.

241 2263 345 2308 μελλουσῶν
362 2260 463 2299 καταπαύειν
477 2265 511 2299 τῶν
527 2263 580 2311 φιλο·

241 2319 305 2363 τιμιῶν.
316 2317 334 2355 6.

213 2372 303 2410 Φιλόιῖλος.
332 2373 363 2409 οὐκ
373 2372 420 2408 ἔστιν
433 2371 450 2409 ἐν
459 2371 496 2420 έμοί
506 2373 540 2420 πῦρ
551 2373 580 2420 φι-

240 2428 310 2465 λόῦλον,
321 2426 364 2477 Igu.
375 2426 430 2465 Rom.
442 2434 459 2476 7.

212 2481 333 2530 Φιλόχριστος.
348 2484 378 2519 τὸν
386 2484 416 2529 τῆς
424 2482 540 2530 φιλοχρίστου
550 2483 579 2518 αῦ-

239 2540 271 2573 τοῦ
280 2537 372 2584 ἐπιθυμίας.
384 2536 441 2574 Mart.
453 2535 496 2587 Igu.
507 2543 525 2585 7.

212 2591 272 2640 Φλέψ.
287 2592 338 2640 μέχρι
347 2597 380 2630 τῶν
389 2593 424 2629 έσω
434 2593 510 2640 φλεβῶν.
521 2589 578 2630 Mart.

239 2644 304 2697 Polyo.
317 2659 334 2685 2.

211 2702 266 2748 Φλόξ.
293 2703 374 2752 Μεγάλης
384 2702 402 2738 δέ
411 2702 526 2751 ε’κλομφάσης
535 2703 579 2750 φλο-

238 2758 275 2805 γός.
286 2754 344 2795 Ματο.
356 2755 419 2807 Ροίγο.
432 2765 462 2805 15.

210 2812 311 2856 Φοβεῖσθσι.
332 2814 366 2850 τοῖς
375 2814 489 2860 φοβουμένοις
497 2813 527 2848 τόν
535 2812 578 2848 Θεὸν

237 2867 296 2904 ὁσίως.
308 2865 367 2905 Olem.
378 2865 389 2903 Ι
400 2879 430 2904 21.
464 2868 499 2915 ἔχει
509 2867 577 2915 σπλάγ-

236 2937 271 2969 χνα
289 2922 318 2959 ἐπὶ
333 2922 452 2970 φοβουμένους
469 2922 526 2960 αὐτόν,
546 2933 576 2970 23.

237 2977 343 3025 φοβηθῶμεν
351 2978 408 3014 αὐτόν.
420 2977 450 3014 28.
474 2977 537 3024 Δανιὴλ
544 2977 577 3013 ὑπὸ

236 3035 271 3069 τῶν
286 3032 399 3080 φοβουμένων
414 3033 443 3069 τὸν
457 3033 499 3069 θεὸν
512 3030 577 3079 ἐβλήθη

236 3087 260 3124 εἷς
273 3088 336 3125 λάκκον
349 3089 434 3129 λεόντων,·
449 3095 479 3135 45.
518 3087 538 3124 οὗ
551 3087 577 3123 δεῖ

460 216 558 261 INDEX
572 216 746 273 νααοοαυηι

642 338 685 387 ἡμᾶς
703 338 797 387 φοβεῖσθαι
820 338 860 378 τοῦς
876 335 981 390 άνθρόιπους.

643 393 665 432 ΙΙ
676 405 695 442 4
722 393 746 441 μὴ
758 393 893 462 φοβηθῶμενξ
874 393 882 430 ἒ
882 392 983 440 ξελθεῖνιέκ

642 464 673 486 του
665 450 747 497 κόσμου
757 447 822 486 τούτου
833 456 850 497 5.
884 448 928 486 ὅσον
937 447 981 493 βλε-

642 519 671 542 πει
681 519 707 543 τις
714 508 794 596 ὁσιγῶντα
809 503 906 548 ἐπίσκοπον,
923 504 983 541 πλειό-

641 559 733 598 νωςαῦτδν
723 558 836 609 νφοβείσθω.
847 558 889 610 Ign.
900 556 950 609 Eph.
963 557 980 596 6.

641 614 746 663 φοβηθῶμεν
764 613 794 684 τίχν
812 612 927 663 μακροθυμίαν
951 615 982 651 τοῦ

641 672 692 706 θεοῦ.
706 681 736 707 11.
768 669 798 717 την
813 668 937 718 μέλλουσαν’
928 667 982 718 οργὴν

640 725 750 773 φοβηθῶμεν.
765 722 791 762 ib.
821 726 851 761 νῦν
867 724 901 773 γάρ
918 738 941 771 με
955 723 982 760 δεῖ

640 778 694 817 πλέον
709 779 809 829 φοβείσθω
823 777 879 817 Trall
890 791 914 849 4.
945 780 980 828 φο-

639 836 703 881 βοῦμαι
717 834 740 882 μὴ
757 835 821 881 νηπίοις
834 833 883 872 οὖσιν
899 834 943 882 ὑμῖν.
961 841 979 881 5.

640 891 728 937 Φοβοῦμαι
745 890 779 938 γάρ
796 889 826 937 τὴν
843 889 889 937 ὑμῶν
906 888 980 938 ἀγάπην.

639 942 695 982 Rom.
709 955 726 983 1.
743 943 829 991 δεδεμένας
837 944 926 993 φοβοῦμαι
935 945 980 991 μάλ-

639 1000 676 1036 λον.
686 997 759 1037 Philad.
771 1006 788 1047 5.
805 998 888 1048 φοβηθείς
896 998 940 1047 ῦπέρ
950 999 980 1045 τῆς

639 1053 740 1102 Ἀντιοχέων
745 1054 841 1100 ἐκκλησίας.
847 1051 953 1104 Marfflgn.
961 1064 979 1091 2.

639 1109 724 1157 φοβηθείς
729 1107 752 1156 μή
759 1124 800 1147 ποτε
806 1108 817 1156 ἡ
824 1110 853 1156 τῆς
861 1107 981 1157 άδελφότητος

640 1163 711 1213 στοργὴ.
727 1176 745 1211 4.
773 1163 886 1213 φοβουμένοις
901 1163 920 1201 δέ
936 1163 980 1200 διότι

639 1234 672 1268 περ
679 1219 706 1256 έπί
715 1218 803 1256 θάνατονό
811 1221 886 1256 τοιοῦτος
894 1220 951 1268 ἤγετο.
960 1216 978 1256 6.

612 1274 675 1319 Φόβος.
709 1272 763 1312 πάντα
781 1274 798 1311 ἐν
815 1276 839 1324 τῷ
857 1274 909 1324 φόβῳ
927 1273 980 1310 αὐτοῦ

639 1329 738 1367 ἐπετελείτε,
761 1326 820 1366 Olem.
838 1327 849 1366 I
865 1339 882 1365 2.
920 1328 939 1365 ἐν
954 1329 979 1378 τῷ

639 1382 737 1421 ἀπολείπειν
753 1383 824 1420 ἕκαστον
839 1384 868 1420 τδν
878 1384 937 1431 φόβον
948 1385 980 1420 τοῦ

639 1441 689 1475 θεοῦ.
700 1450 717 1487 3.
745 1438 886 1485 καταδεξαμένους
894 1439 916 1475 τὰ
927 1438 979 1487 λόγια

639 1494 690 1530 αῦτοῦ
702 1494 720 1530 ἐν
729 1494 786 1544 φόβῳ,
799 1505 828 1543 19.
863 1492 893 1540 τὴν
900 1493 979 1531 παιδείαν

638 1551 669 1585 τοῦ
681 1549 740 1597 φόβου
753 1551 783 1585 τοῦ
795 1549 844 1586 θεοῦ.
856 1559 886 1586 21.
920 1552 958 1586 πῶς
969 1549 979 1584 ὁ

638 1604 696 1652 φόβος
711 1603 762 1640 αὐτοῦ
776 1604 831 1641 καλός.
846 1601 872 1641 ib.
909 1603 931 1639 Οί
943 1602 978 1652 γὰρ

638 1658 680 1705 μετὰ
690 1659 748 1706 φόβου
759 1658 785 1695 καλ
794 1656 859 1707 ἀγάπης
867 1658 979 1705 πολιτευόμε·

638 1728 667 1751 ναι.
677 1720 710 1760 51.
723 1712 756 1763 δῴη
763 1712 809 1760 πόση
814 1713 864 1762 ψυχῇ
873 1740 890 1749 ..
900 1711 977 1756 Ιπίστιν,

638 1769 700 1817 φόβον.
709 1769 740 1816 58.
766 1765 829 1806 Οίτινες
836 1766 934 1817 παράγουσι
943 1767 978 1816 φό-

637 1825 681 1867 βους
697 1822 815 1871 ἀνθρωπίνους.
835 1821 856 1860 ΙΙ
874 1833 903 1859 10.
938 1822 977 1858 δον-

637 1877 711 1915 λεῦσατε
722 1880 746 1928 τῷ
758 1880 795 1928 θεῷ
811 1877 829 1914 ἐν
840 1878 897 1927 φόβῳ.
912 1875 977 1927 Polyc.

638 1930 687 1970 Phil.
699 1944 716 1971 2.
749 1932 780 1980 τίρν
790 1932 865 1970 παιδείαν
875 1935 905 1968 τοῦ
916 1933 977 1980 φόβον

637 1991 667 2024 τοῦ
682 1990 731 2024 θεοῦ.
745 1999 767 2035 4.
798 1986 916 2035 δουλεύσομεν
931 1987 977 2037 αὐτῷ

636 2043 679 2090 μετὰ
695 2043 758 2091 φόβου.
772 2041 789 2079 6.
822 2043 873 2092 φόβῳ
887 2042 915 2078 καί
930 2043 978 2090 χαρᾷ

636 2098 777 2145 πεπληρωμένοις.
788 2095 846 2135 Mart.
855 2095 897 2147 Igu.
909 2095 927 2134 6.

610 2152 675 2198 Φοίνιξ.
698 2151 809 2202 ’Ὄρνεονγὰρ
818 2153 865 2189 ἔστιν
872 2150 881 2187 δ
889 2166 976 2201 προσονο-

636 2208 705 2253 μάζετοι
714 2206 777 2255 φοίνιξ.
787 2205 846 2245 Olem.
856 2204 868 2244 Ῑ
878 2213 909 2254 25.

609 2264 677 2299 Φοιτᾶν.
703 2261 751 2299 τότε
760 2262 778 2298 ἐν
786 2263 827 2309 αὐτῇ
840 2263 874 2313 ζῷα
882 2263 974 2310 φοιτῶντα.

612 2318 624 2349 .’
637 2314 761 2365 Olem.133.

608 2374 674 2420 Φορεῖν.
685 2372 752 2410 ἑπτάκις
758 2372 813 2418 δεσμὰ
822 2369 905 2420 φορέσας.
913 2367 975 2408 Olem.

636 2425 647 2463 Ι
657 2435 675 2475 5.
702 2430 736 2464 τῶν
747 2426 798 2463 αῦτδν
806 2427 824 2463 ἐν
832 2425 891 2475 καρδίᾳ
900 2423 976 2474 φοροῦν-

635 2496 673 2519 των,
684 2480 741 2520 Mart.
752 2480 794 2532 Igu.
807 2494 824 2519 2.

607 2537 694 2586 Φορτικάς.
729 2536 797 2574 Δεικνδς
809 2534 869 2573 τοῦτον
881 2536 975 2584 τοῦλόγου

633 2592 653 2628 τδ
663 2593 749 2641 φορτικόν.
760 2590 801 2641 Ign.
812 2589 887 2641 Fragm.
898 2588 910 2628 i.

608 2649 682 2695 Φρονεῖν.
704 2644 757 2684 οὕτως
765 2647 791 2683 δεῖ
801 2646 844 2694 ἡμᾶς
855 2646 925 2694 φρονεῖν
934 2643 975 2692 περὶ

634 2699 973 2748 Ἰησοῦ.(ίίθ111.Π1.μικραφρο

635 2759 668 2793 νεῖν
682 2758 721 2805 περί
736 2758 765 2803 τῆς
781 2755 864 2823 σωτηρίας
878 2754 929 2801 ἡμῶν,
946 2752 972 2791 ἰί).

633 2826 651 2847 εν
662 2814 687 2861 τῷ
698 2812 732 2861 γὰρ
744 2810 832 2860 φρονεῖν
824 2812 867 2857 ημαῖς
877 2807 932 2857 μικρά.
946 2806 972 2846 ib.

632 2848 695 2903 Πολλὰ
704 2866 784 2915 φρονεῖν’
775 2881 793 2902 εν
802 2868 844 2915 θεω
860 2862 902 2914 Igu.
912 2861 971 2901 Trall.

634 2933 651 2968 4.
634 2922 734 2968 ηκαθὼς
745 2923 839 2969 φρονοῦσιν
847 2934 874 2956 και
867 2894 973 2966 ρσυμβίρσε-

632 2991 659 3013 τοι
673 2977 734 3014 αὐτοῖς.
746 2973 820 3026 Smyrn.
833 2987 849 3012 2.
877 2974 916 3022 περὶ
925 2973 973 3020 ἡμῶν

632 3032 651 3067 τὸ
661 3031 702 3068 αὐτὸ
711 3032 809 3080 φρονοῦσιν.
820 3038 838 3078 5.
871 3027 936 3066 Τέλειοι
945 3028 973 3066 όν-

631 3101 659 3125 τες
668 3085 724 3123 τέλεια
733 3087 759 3123 καί
768 3087 851 3134 φρονεῖτε.
864 3095 894 3121 11.
