2017 3420
211 201 253 244 ιιο
310 176 311 180 ’

239 314 314 363 θάρσους
333 314 359 351 καί
381 316 436 364 χαρᾶς
457 314 579 363 ἐνεπίμπλατο.

239 367 296 423 Mart.
305 367 376 420 'Polym
389 380 419 407 12.
460 370 581 420 συναγομένοις
591 411 594 415 .

239 424 257 461 ἐν
265 424 367 475 ἀγαλλιάσει
376 425 404 462 καί
412 428 465 474 χαρᾷ.
478 426 508 464 18.

212 478 305 529 Χαρακτῆρ.
327 481 357 527 τῆς
368 481 428 517 ἑαυτοῦ
441 480 504 519 εἷιιόνος
516 495 580 529 χαρακ-

238 535 285 583 τῆρα.
301 532 361 573 Olem.
373 534 385 572 I
398 547 430 584 33.
447 532 501 573 ’ίδιον
515 549 579 584 χαρακ-

239 591 282 639 τῆρα
297 589 405 638 ἐπικείμενον.
421 587 466 640 Ign.
481 588 547 641 Magn.
562 598 579 639 5.

239 647 336 695 χαρακτῆρα
346 648 395 682 θεοῦ,
407 643 433 683 ib.
456 644 577 693 ἀσπάζομαι...

240 701 258 736 ἐν
275 700 383 751 άπαστολιιεῴ
404 701 503 749 χαρακτῆρι.
522 698 578 738 Trall.

240 752 300 793 Inser.
562 790 564 794 .

213 810 321 860 Χαρίζεσθαι.
344 809 363 846 τό
374 811 413 857 φῶς
426 810 460 859 γὰρ
472 809 511 857 ῆμῖν
522 809 580 859 ε’χαρί-

216 887 218 892 >
241 880 290 909 σατο.
305 861 398 903 016111.Ῑῖ
410 876 426 902 1.
448 864 581 914 ὁχαρισάμενος

230 922 231 925 ’
241 920 279 967 ῦμίν
287 949 303 959 .,
312 922 400 956 ,τοιοῦτον
414 919 509 957 ε’πίσιιοπον
523 920 580 966 κεκτῆ·

228 973 229 978 ’
241 974 287 1012 σθαι,
301 973 344 1025 Ign.
353 972 402 1024 Eph.
413 986 428 1011 1.
450 975 509 1025 κόσμιρ
518 973 540 1022 μὴ
549 989 581 1023 χα-

240 1029 318 1078 ρίσησθε.
333 1027 390 1071 Rom.
402 1028 419 1067 6.

214 1084 270 1135 Χάρις.
293 1083 346 1133 Χάρις
354 1084 392 1131 ὑμῖν
401 1084 428 1121 καλ
441 1081 503 1133 εἷρῆνη.
519 1081 579 1122 Olem.

241 1137 257 1177 Ι.
273 1138 332 1178 Inscr.
362 1140 383 1176 οί
396 1139 493 1188 λειτουργοὶ
507 1140 536 1186 τῆς
549 1138 580 1187 χά-

241 1209 293 1244 ριτος.
308 1196 325 1232 8.
353 1193 386 1231 ὑπὸ
395 1194 425 1231 τὸν
434 1194 485 1242 ζυγόν
493 1195 522 1240 τῆς
531 1193 580 1242 χάρι-

217 1272 218 1277 =
240 1264 270 1288 τος
285 1249 342 1286 αὐτοῦ.
358 1248 387 1286 16.
417 1248 448 1286 τὸς
463 1247 535 1298 χάριτας
553 1249 582 1286 αῦ-

241 1307 272 1342 ταῦ
290 1304 367 1342 ἀποδιδοῖ
383 1305 418 1341 τοῖς
436 1302 582 1353 προσερχομένοις

242 1359 292 1410 αὐτῷ.
308 1371 347 1407 23.,
368 1356 393 1397 αίς
409 1358 419 1405 ἡ
435 1357 486 1406 χάρις
501 1357 535 1395 ἀπὸ
551 1361 581 1395 τοῦ

217 1437 218 1441 =
242 1417 286 1451 Θεοῦ
308 1414 379 1451 δέδοται.
395 1425 427 1461 3ο.
461 1413 509 1450 Τίνος
531 1412 582 1462 χάριν

242 1468 339 1518 ηὐλαγῆθη,·
356 1480 386 1517 31.
430 1466 448 1504 έν
465 1470 535 1515 Πνεῦμα
552 1470 582 1514 τῆς

242 1525 315 1573 χάριτος.
331 1523 362 1571 46.
391 1523 433 1560 κατὰ
447 1522 477 1569 τῆν
490 1525 521 1560 τοῦ
537 1526 582 1559 θεοῦ

241 1580 296 1628 χάριν.
316 1586 346 1626 50.
388 1580 465 1627 γυναῖκες
487 1578 581 1625 ε’νδυναμω-

207 1673 209 1677 ,
242 1634 298 1671 θεῖσαι
315 1634 343 1670 διὰ
360 1635 390 1681 τῆς
407 1633 483 1681 χάριτος.
498 1640 529 1680 55.
559 1633 582 1669 διν

219 1724 220 1727 ,
242 1689 292 1738 χάριν
307 1686 425 1726 ἐκινδύνευσεν.
440 1686 465 1725 ib.
494 1685 517 1723 ‘H
532 1688 583 1736 χάρις

242 1746 273 1781 τοῦ
282 1742 408 1792 Κυρίου.,.μεθ’
418 1743 469 1790 ὑμῶν.
483 1750 513 1790 59.
541 1742 582 1789 άλη-

242 1798 287 1837 θείας
292 1796 345 1849 τόπερ,
350 1798 420 1847 χάριτος
427 1799 499 1835 τελείας.
504 1796 580 1847 Fragm.

243 1851 282 1892 viii.
311 1854 329 1890 έν
346 1853 409 1903 ἀμώμῳ
431 1853 489 1901 χάριτι
510 1852 581 1901 χαίρειν,

243 1906 287 1959 Igu.
297 1906 346 1959 Eph.
357 1907 416 1946 Inscr.
443 1908 474 1954 τὴν
487 1907 583 1944 ε’νεστῶσαν

229 1971 230 1974 ’
243 1965 294 2013 χάριν
306 1962 424 2012 ἀγαπῆσωμεν.
438 1974 468 1999 ΙΙ.
497 1962 515 1999 έν
527 1963 583 2011 χάριτι

216 2041 229 2045 π’
244 2018 264 2064 ἐξ
277 2019 357 2065 ὀνόματος
370 2016 483 2066 συνέρχεσθε.
500 2028 530 2054 20.
556 2017 583 2053 εῦ-

244 2073 327 2123 λογημένη
343 2073 361 2109 έν
376 2072 434 2120 χάριτι
450 2074 494 2108 Θεοῦ
509 2073 582 2121 Πατρός.

230 2126 309 2179 Magn.
326 2125 385 2165 Inscr.
423 2125 539 2163 ὑποτάσσεται
559 2129 583 2177 τῷ

222 2211 224 2213 -
244 2183 331 2233 ε’πισιεάπιρ
341 2183 363 2219 ὣς
371 2180 428 2230 χάριτι
438 2184 488 2218 Θεοῦ.
502 2192 518 2218 2.
542 2183 582 2228 ὁμα-

243 2240 327 2287 λυγοῦμεν
344 2235 394 2286 χάριν
411 2236 435 2284 μὴ
453 2235 546 2284 εἶληφέναι.
564 2236 581 2273 8.

244 2293 348 2340 ἐνπνεόμενοι
365 2292 399 2329 ῦπό
417 2292 447 2338 τῆς
465 2290 534 2339 χάριτας
552 2291 581 2327 αῦ-

218 2382 220 2386 .
243 2351 279 2386 τοῦ.
294 2346 318 2386 ib.
356 2347 495 2395 πεπληρωμένοις
514 2345 583 2395 χάριτος

223 2438 225 2440 ,
245 2405 295 2440 Θεοῦ.
310 2402 365 2440 Rom.
381 2400 440 2439 Inscr.
473 2399 534 2449 ἐάνπερ
552 2399 584 2449 χά-

244 2473 290 2507 ριτος
308 2457 388 2505 ε’πιτῦχω.
406 2468 422 2493 1.
465 2455 545 2492 Πιστεύω
563 2458 583 2502 τῇ

243 2512 300 2562 χάριτι
308 2513 365 2560 Ἰησοῦ
378 2517 400 2549 X.
418 2508 491 2548 Philad.
506 2510 524 2548 8.
552 2512 583 2547 λυ-

244 2568 348 2616 τρωθείησαν
357 2567 375 2604 ἐν
383 2570 404 2614 τῆ
417 2565 475 2615 χάριτι
486 2568 517 2602 τοῦ
525 2565 583 2612 Ἰησοῦ

225 2643 227 2647 ·
244 2628 265 2660 Χ.
283 2633 312 2661 11.
349 2622 389 2660 τοῦς
404 2620 545 2670 ἕτεραδοξσῦντας
560 2620 584 2657 εἷς

244 2677 274 2724 τῆν
291 2677 341 2727 χάριν
358 2676 416 2724 Ἰησοῦ
434 2681 453 2714 Χ,
473 2673 548 2725 Smyrn.
565 2674 582 2712 6.

244 2731 302 2769 Πάντα
311 2731 340 2769 οῦν
348 2732 387 2779 ὑμῖν
395 2732 414 2768 έν
421 2730 480 2780 χάριτι
489 2744 583 2779 περισσευ-

244 2787 281 2825 έτω.
298 2799 313 2836 9.
346 2787 376 2824 οὐκ
392 2787 410 2823 εἰς
426 2786 529 2832 συνειδότος,
544 2784 583 2821 ἀλλ’

227 2858 228 2861 ’
244 2843 262 2879 εἰς
274 2842 345 2891 χάριτος
358 2844 406 2878 θεοῦ.
422 2852 454 2878 ῐΙ.
482 2840 584 2889 Ἀμείψεται

219 2932 221 2939 .
245 2898 295 2934 αὐτόν
304 2897 313 2944 ἡ
322 2896 376 2946 χάρις.
389 2908 418 2933 12.
441 2894 494 2944 Χάρις
503 2896 546 2943 ὑμῖν.
557 2893 582 2932 ib.

239 2951 331 3002 ’Ἔρρωσθε
338 2952 356 2989 ἐν
360 2950 417 3001 χάριτι
423 2954 474 2989 Θεοῦ,
480 2962 510 2999 13.
525 2956 584 2999 Παρα-

218 3042 219 3045 ,
245 3009 290 3044 καλῶ
309 3022 329 3044 σε
348 3007 365 3044 ἐν
381 3006 445 3055 χάριτι,
461 3003 473 3051 ᾗ
489 3006 583 3043 ένδέδυσαι,

218 3097 219 3100 ,
245 3061 337 3113 Polyc.1.
372 3061 439 3098 Καλοὺς
459 3061 535 3108 μαθητὰς
556 3061 585 3097 ε’ἀν

449 200 548 245 INDEX
557 197 734 266 ‘VERBORUM

634 316 694 364 φιλῇς,
713 314 762 365 χάρις
783 330 812 352 σοι
832 314 972 363 οῦκέὲστινμυ.

634 369 714 408 Πιστείω
726 370 759 420 γάρ
769 372 789 417 τῆ
800 369 861 419 χάριτι,
874 377 894 419 ⁴7.
923 369 973 406 ἔσται

635 424 645 472 ῆ
654 423 703 474 χάρις
712 424 748 473 μετ’
755 425 811 463 αὐτοῦ.
826 426 843 463 8.
862 423 974 472 πνευματικὴν

637 505 668 518 ...
678 479 807 525 ἀποσταζόντων
830 479 884 529 χάριν.
912 478 973 517 Mart.

634 533 677 586 Ign.
689 547 707 583 4.
738 535 771 573 ῦπὸ
785 536 815 583 τῆς
830 535 848 572 ἒν
862 537 886 586 τῷ
900 533 974 583 μάρτυρι

634 589 707 640 χάριτας.
724 590 741 629 6.
776 589 890 639 προσέχοντες
905 591 973 636 τῆτοῦ

634 648 711 693 Χριστοῦ
726 644 788 694 χάριτι.
802 643 859 683 Mart.
875 642 938 695 Polye.
954 655 971 682 2.
1005 685 1007 688 y

634 699 680 737 ἀλλὰ
688 699 738 749 χάρις
746 703 770 752 τῷ
779 703 822 751 Θεῷ.
835 712 852 749 3.
874 698 940 748 πλήρης
949 698 973 735 ὢν

634 756 664 802 τῆς
672 754 742 804 χάριτος
750 758 781 792 τοῦ
790 757 839 792 θεοῦ.
850 765 867 803 7.
888 755 908 791 τό
917 756 973 804 πρόσ-

635 824 681 847 ωπον
689 811 740 846 αὐτοῦ
750 810 819 859 χάριτος
828 810 926 859 ἐπληροῦτο.
941 820 971 846 12.

635 864 653 900 έν
662 867 681 911 τῇ
693 864 744 901 αὐτοῦ
757 864 813 914 χάριτι
825 866 851 902 καί
863 865 924 913 δωρεᾷ.
940 876 971 902 20.

634 917 657 955 'H
665 918 715 969 χάρις
723 919 766 967 μετίι
774 919 844 957 πάντων.
861 931 891 957 22.

608 973 692 1023 Χάρισμα.
720 973 774 1013 καθὼς
784 975 811 1011 καὶ
823 973 870 1021 ἐτέθη
880 974 898 1011 ἐν
906 976 930 1024 τῷ
940 976 973 1022 χα-

635 1028 705 1078 ρίσματι
722 1030 777 1068 αῦτοῦ.
794 1027 853 1067 Olem.
866 1027 878 1066 Ι
893 1029 923 1077 38.
952 1027 972 1064 ἀ-

634 1086 723 1133 γνοοῦντες
736 1084 756 1121 τό
772 1082 852 1133 χάρισμα.
868 1082 911 1135 Igu.
922 1080 971 1133 Eph.

638 1145 667 1188 17.
685 1138 764 1186 ἐκκλησία
773 1169 776 1178 .
785 1169 789 1177 .
798 1137 890 1186 ,ῆλεημένη
898 1138 916 1175 ε’ν
922 1138 973 1175 παντί

634 1193 732 1243 χαρίσματι.
749 1192 823 1244 Smyrn.
839 1192 898 1247 Inger.
932 1193 972 1230 ἀνο-

636 1247 713 1300 στερῆτῳ
727 1250 770 1296 οῦση
784 1249 847 1288 παντός
860 1248 971 1297 χαρίσματος.

635 1300 660 1342 ib.
689 1304 716 1340 καὶ
725 1304 787 1342 παντὸς
798 1304 903 1353 χαρίσματος
911 1317 973 1351 περισ-

636 1357 691 1406 σεῦης.
705 1357 768 1409 Polyc.
780 1370 796 1396 2.
820 1362 933 1405 πνευματικῶν
941 1357 972 1394 αῦ-

635 1416 659 1463 τῷ
671 1413 772 1460 κοινωνῆαας
784 1413 898 1462 χαρισμάτων.
913 1411 971 1450 Mart.

635 1466 678 1518 Ign.
690 1480 709 1516 3.
738 1466 754 1505 εί
760 1484 796 1506 πως
806 1468 856 1518 μέρος
867 1467 973 1517 χαρίσματος

635 1522 704 1567 λάθωσι
713 1527 830 1570 πνευματικοῦ.
844 1522 869 1561 ib.

608 1579 674 1626 Χείλος.
702 1578 724 1626 μῆ
736 1580 787 1625 μόνον
799 1579 874 1627 χείλεσιν
885 1578 936 1614 αὐτόν
946 1592 972 1614 τι-

635 1635 673 1680 μᾶν,
690 1631 748 1671 Olem.
760 1631 808 1682 113.

608 1687 725 1733 Χειμάζεσθαι.
750 1690 772 1726 ὡς
780 1690 899 1736 χειμαζόμενος
907 1687 971 1734 λιμένα.

636 1740 679 1793 Ign.
689 1741 753 1792 Polye.
765 1755 781 1780 2.

609 1799 709 1846 Χειμερινός,
724 1798 904 1847 Καιραί...χειρερινοι’.
911 1795 971 1835 olem.

636 1851 685 1890 120.

610 1908 679 1954 Χειμάν.
703 1908 742 1946 τοῦς
757 1906 810 1945 πάλαι
826 1911 908 1955 χειμῶνας
923 1908 973 1954 μόλις

636 1964 742 2011 παραγαγών.
757 1961 814 2001 Mart.
825 1960 867 2013 Ign.
881 1974 896 2000 1.
953 2006 955 2012 Ι

609 2016 656 2064 Χείρ.
689 2017 780 2063 ἐξετείνατε
797 2018 827 2055 τὰς
844 2020 902 2066 χεῖρας
920 2017 971 2064 ὑμῶν.

637 2070 696 2109 Olem.
707 2070 718 2108 Ι
728 2084 744 2110 1.
772 2074 833 2121 φυγεῖν
845 2072 878 2109 ἀπὸ
888 2074 918 2120 τῆς
932 2087 972 2120 κρα-

637 2129 684 2164 ταίας
694 2129 751 2176 χειρὸς
762 2127 819 2164 αὐτοῦ.
835 2128 864 2165 28.
885 2126 974 2174 α’μιάντους

637 2183 695 2231 χεῖρας
711 2180 789 2231 αίροντες.
806 2193 835 2230 29.
870 2185 906 2221 ταῖς
922 2183 974 2231 ἱεραῖς

638 2265 654 2273 ..
666 2265 670 2273 .
676 2237 738 2285 χερσίν
746 2237 825 2275 ἐ’πλασεν.
836 2249 867 2286 33.
888 2236 973 2286 Ὀλοφέρ-

637 2305 665 2337 νην
674 2291 691 2327 ἐν
700 2293 745 2340 χειρὶ
753 2291 825 2338 θηλείας.
837 2300 867 2340 55.
887 2292 904 2328 ἐν
912 2293 974 2340 χερσίν

636 2346 704 2384 ὁαῖών.
719 2344 770 2395 117.
799 2348 857 2393 Πηλός
871 2348 904 2396 γάρ
920 2348 974 2395 ἐσμεν

637 2401 661 2439 εἷς
669 2401 700 2448 τὴν
709 2404 758 2451 χεῖρα
770 2405 800 2439 τοῦ
811 2401 893 2450 τεχνίτου.
909 2403 926 2440 8.
955 2402 974 2439 έν

637 2458 673 2494 ταῖς
686 2458 747 2505 χερσίν
760 2459 812 2494 αὐτοῦ
827 2458 932 2507 διαστραφῆ.
947 2456 972 2495 ib.

638 2511 726 2550 ε’πισείσιις
739 2513 795 2550 αῦτοῖς
807 2512 837 2559 τῆν
845 2514 899 2562 χεῖρα.
914 2511 972 2550 Mart.

637 2565 700 2616 Polye.
712 2578 729 2615 9.
753 2567 809 2605 ὀπίσω
818 2568 848 2606 τὰς
858 2570 916 2616 χεῖρας
924 2566 973 2614 ποιῆι

637 2636 674 2660 σας.
687 2634 715 2669 14.

611 2679 718 2724 Χειρατονεῖν.
756 2679 874 2725 χειροτονῆσαι
891 2677 973 2716 διάκονον.

637 2730 679 2782 Ign.
691 2729 763 2769 Philad.
775 2743 803 2770 10.
830 2735 971 2781 χειροτονῆσαι...

638 2786 769 2835 θεοπρεσβῦτην.
786 2785 860 2837 Smyrn.
874 2799 902 2825 11.
938 2802 975 2836 χει-

637 2842 729 2889 ρστονῆσιιί
745 2856 786 2886 τινα,
801 2841 820 2879 δν
835 2843 920 2891 ἀγαπητόν
935 2843 975 2879 λίαν

638 2896 690 2944 ἔχετε.
706 2895 768 2947 Polyc.
780 2904 796 2945 7.

611 2950 680 2999 Χείρων.
704 2949 720 2988 σί
729 2953 755 2988 καί
765 2951 898 3002 εὐεργετούμενοι
907 2951 975 3001 χείρους

637 3005 716 3054 γίνονται.
729 3006 771 3057 Igu.
779 3005 834 3044 Rom.
844 3015 861 3055 5.
880 3006 945 3054 ῆ;..ε’πί
954 3008 975 3043 τὰ

638 3061 690 3111 χείρω
699 3062 781 3109 μετάνοια.
797 3060 853 3101 Mart.
862 3061 925 3112 Ροίγυ.
935 3073 965 3099 11.
