1975 3455
304 233 346 277 ΑΙ)
360 232 555 285 CORINTHIOS,
570 232 620 276 xlvi.
767 232 807 279 171

113 359 204 412 rentes„
213 350 304 418 gloriae
319 355 346 399 et
358 349 456 423 honoris
470 348 586 398 haeredes
602 347 662 398 facti
677 353 742 406 sunt,
754 354 780 397 et
794 367 810 398 a

113 433 167 482 Deo
184 431 211 480 in
230 429 345 479 memoria
362 429 472 495 ipsorum
491 426 595 477 exaltati
613 432 644 476 et
666 426 760 485 elevati,
783 427 809 476 in

113 512 208 564 saecula
226 510 381 561 saeculonim.
416 508 503 560 Amen.
613 542 615 546 ψ

119 576 120 582 ¹
147 589 239 641 XLVI.
258 588 357 639 Talibus
367 589 446 656 igitur
456 586 575 654 exemplis
587 593 613 637 et
623 604 668 636 nos
680 585 809 636 adhaerere

112 674 216 737 oportet,
236 668 329 718 iratres.
365 667 489 734 Scriptum
509 664 810 726 cumanensibus

108 747 248 814 ,ndjnnpa'tn
262 746 323 813 qnin
340 745 384 812 qni
399 744 450 796 illis
469 744 605 795 colliderent
621 742 808 810 snncn'ptccbnn-

112 835 159 875 tnr.
193 824 229 874 Et
238 841 324 874 narsus
340 823 366 873 in
381 823 428 873 alio
444 822 496 873 loeo
510 822 576 882 dicit,
589 822 652 874 Onne
666 822 721 872 niro
738 821 808 871 t'nno-
817 833 844 920 fg.
853 833 895 911 {gin

112 912 178 953 cente
195 902 312 952 innocens
329 901 384 961 erlo,
402 911 423 951 ct
444 919 500 952 cnon
520 902 590 952 electo
611 902 698 952 electns
717 918 772 959 erne,
787 908 809 950 ct

111 1068 192 1107 authore
201 1063 289 1108 Bernaba
296 1067 351 1107 Pauli
357 1067 446 1120 Apostoli
474 1081 531 1120 quam
545 1067 591 1107 hoec
606 1066 710 1106 Clementis
724 1066 808 1106 Alexan-

84 1145 87 1149 ·
112 1123 180 1171 sodali,
189 1123 221 1162 lex
230 1123 319 1172 Mosaios,
330 1123 375 1162 Lev.
386 1123 412 1172 xi,
422 1123 446 1162 de
473 1123 530 1166 driui,
549 1127 624 1162 mutato
647 1135 713 1162 eorum
735 1121 807 1171 ordine,

112 1177 234 1217 comedendis
242 1177 266 1217 iis
272 1177 391 1227 animalibus,
398 1191 446 1230 quae
472 1177 566 1217 translata
572 1177 665 1229 judicent.
681 1177 719 1217 Sed
729 1190 762 1216 cur
768 1190 807 1217 non

112 1237 132 1273 et
141 1232 240 1273 ruminant
251 1237 271 1273 et
280 1233 352 1273 bisulca
365 1238 415 1282 sunt,
425 1246 447 1273 ao
473 1233 537 1285 potius
549 1232 600 1272 hunc
609 1232 636 1272 ibi
646 1231 763 1272 Clementem
773 1246 807 1272 no-

112 1287 129 1327 si
143 1290 238 1326 κολλᾶσθαι
249 1291 285 1328 τοῖς
297 1290 351 1339 ἁγίοις
363 1288 445 1340 juberet.
472 1292 535 1328 strum
548 1287 619 1328 imitari
630 1288 753 1326 censeamusl
766 1300 806 1326 ma·

114 1342 205 1392 [Barnab.
220 1342 281 1395 Epist.
298 1343 308 1394 ξ
322 1340 361 1397 re]
378 1341 445 1382 BOIS.
472 1343 524 1382 xime
533 1356 593 1395 quum
601 1342 647 1382 alibi
656 1342 697 1394 ejus
705 1343 764 1382 verbe
773 1356 806 1381 ex-

111 1396 179 1437 Monet
194 1396 306 1442 Ootelerius
318 1411 338 1438 se
351 1411 446 1450 nusquam
472 1398 542 1438 scribet
564 1397 666 1445 interdum,
685 1402 704 1438 et
727 1410 750 1436 ea
771 1401 805 1437 aut

110 1450 245 1504 inSoripturis
254 1452 305 1492 huno
317 1453 379 1492 locum
393 1453 445 1492 inve·
471 1452 591 1505 paucioribus
605 1452 758 1505 perstringendo,
771 1457 805 1492 aut

111 1506 167 1555 nisse,
177 1520 258 1559 eumque
272 1521 297 1547 ex
307 1507 394 1560 pluribus
402 1511 444 1547 tex·
470 1507 557 1560 pluribus
575 1507 709 1560 interpolando
732 1507 805 1547 imitari

110 1561 163 1601 tibus
175 1562 278 1612 conflatum
289 1563 388 1614 conjectet,
397 1567 444 1615 puta
471 1562 598 1603 convincetur.
635 1561 698 1601 Nobis
720 1562 804 1614 quidem,

110 1630 135 1655 ex
150 1616 185 1666 his,
200 1617 358 1657 Ecclesiasticivi
372 1626 404 1668 35,
418 1619 445 1657 rte
470 1617 504 1657 sed
513 1616 803 1669 ignoramusubiscriptumsit,

110 1674 178 1721 σοφός,’
187 1674 232 1724 αὐτῷ
240 1672 410 1723 προσκολλήθητι,θὺ
419 1686 443 1712 ex
469 1672 592 1713 Senecione
605 1671 705 1724 aelp'nnffl'te
718 1672 803 1712 diever·
821 1705 823 1709 Α

110 1725 178 1766 IOor.
188 1726 216 1767 vii
229 1740 258 1776 14,
272 1727 306 1767 ubi
318 1727 348 1767 vir
361 1727 443 1766 infidelis
469 1727 538 1768 borum
556 1726 661 1767 Clementis
678 1725 804 1766 Alexandrini

109 1794 144 1832 per
152 1782 253 1821 mulierem
260 1781 342 1830 fidelem,
350 1786 369 1822 et
374 1782 443 1822 mulier
470 1782 517 1822 ordo
529 1780 606 1822 videtur
622 1780 736 1821 concinnior.
766 1781 804 1822 Sed

108 1835 191 1875 infidelis
199 1837 303 1888 pervirum
309 1836 442 1876 fidelemsanc-
469 1836 519 1877 forte
534 1837 585 1876 hunc
600 1850 623 1876 ee
635 1836 677 1888 ipsa
688 1836 744 1885 ratio,
759 1837 804 1889 quia

109 1891 179 1930 tificari
196 1892 271 1932 dicitur.
308 1891 391 1931 Facilius
407 1892 442 1932 hoc
469 1892 520 1932 unde
529 1896 592 1932 sumta
605 1896 654 1931 esset
663 1891 696 1930 ille
709 1892 804 1932 sententia

110 1946 181 1995 darem,
191 1946 207 1986 si
220 1949 297 1987 tantum
310 1947 373 1999 legere
386 1951 442 1997 esset,
469 1946 571 1991 nesciebat,
594 1946 681 1997 adduxit,
703 1951 726 1987 ut
743 1946 804 1987 totius

109 2001 203 2053 ocniptwn
220 2008 247 2042 est
266 2002 323 2051 enirn,
343 2002 391 2053 qnin
408 2003 443 2053 qni
469 2002 506 2042 loci
519 2002 607 2042 ordinem
619 2002 729 2044 inverteret,
741 2015 803 2054 neque

108 2056 181 2096 ecsnctc'e
205 2057 314 2106 adbaerent,
337 2057 443 2108 sancteflen
470 2056 575 2097 Clementis
590 2056 651 2097 nostri
667 2057 744 2096 nomine
758 2070 802 2097 eum

108 2110 186 2160 benten,
202 2124 238 2151 nee
254 2112 401 2165 subjungeretur
413 2112 442 2151 di·
468 2113 560 2152 laudaret.
582 2111 728 2152 OOUSTANT.
770 2111 802 2151 Ad

110 2170 172 2216 sertus
187 2165 297 2219 scripturae
311 2171 381 2207 textus.
410 2167 440 2207 Jo.
469 2166 540 2208 Sirach.
557 2167 577 2207 vi
596 2176 628 2218 35,
647 2168 679 2217 3⁶,
696 2168 802 2219 respexisse

109 2220 199 2270 Olericus,
217 2221 261 2262 Are.
281 2221 328 2262 Orit.
346 2222 396 2262 Part.
413 2222 441 2267 iii,
469 2222 589 2262 Clementem
610 2226 667 2274 putat
688 2221 800 2275 Herzogius.

109 2275 158 2316 Soet.
176 2290 193 2325 2,
207 2290 222 2316 c.
240 2286 258 2327 5,
272 2291 290 2318 n.
307 2291 337 2327 12,
352 2278 441 2326 observat
468 2279 522 2330 ἀθῷοι
528 2277 650 2317 scribendum
657 2290 702 2326 esse,
711 2290 750 2316 non
757 2279 800 2316 ἀθῶ-

107 2330 190 2371 similem
204 2344 244 2372 esse
259 2333 323 2372 locum
336 2332 441 2372 Clementis
468 2349 491 2377 or,
506 2333 562 2373 docet
575 2332 678 2372 Elmsleius
692 2332 717 2371 ad
732 2332 798 2384 Eurip.

108 2384 240 2436 Alexandrini,
256 2387 326 2427 Strom.
342 2402 360 2437 v,
379 2385 406 2442 [8,
420 2401 439 2440 p.
467 2387 518 2427 Med.
531 2388 587 2438 1267.

110 2441 147 2491 677
163 2442 191 2481 ed.
209 2441 291 2497 Polion]
309 2443 336 2482 lla
354 2443 441 2482 enuntia·
495 2456 512 2493 9.
532 2445 559 2481 καὶ
574 2443 609 2492 μετ’
625 2444 704 2480 estserae
722 2442 798 2481 ἐκλεκτὸς

107 2498 162 2535 tum:
181 2497 274 2548 γέγραπται
288 2499 312 2547 δέ,
326 2499 441 2549 perstrepis
467 2495 507 2551 ἔσῃ]
518 2496 798 2537 EditoribusanteWottenum

108 2551 164 2602 ἀθῴοο
177 2552 232 2603 ἀθῷος
244 2554 283 2601 ἔσῃ,
293 2555 320 2591 καὶ
332 2554 374 2602 μετὰ
384 2555 441 2591 eea
467 2552 500 2604 qui
514 2552 564 2598 hanc
581 2551 683 2592 clausulam
699 2549 797 2601 omittunt,

106 2606 139 2642 λοῦ
152 2607 230 2646 ἐκλεκτὸς
243 2609 280 2657 ἴσῃ,
293 2610 320 2646 καὶ
333 2610 375 2657 μετὰ
390 2625 439 2658 στρε-
466 2607 529 2647 fraudi
547 2606 583 2646 fult
597 2606 663 2658 magis,
678 2610 701 2645 ut
715 2605 796 2654 videtur,

106 2662 152 2703 βλοῦ
168 2663 284 2713 διαπρέψας·
303 2664 397 2701 κολλᾶσθαι
410 2664 440 2702 οὖν
466 2662 610 2715 typothetarum
619 2660 692 2699 incuria
701 2673 758 2711 quam
767 2674 796 2699 er·

105 2714 298 2766 τοῖςὰγίοιςπροσὴκει,
308 2718 334 2756 ὅτι
346 2720 362 2756 οἱ
374 2720 439 2756 κολλώ-
465 2731 499 2757 ror
511 2716 570 2765 dumi,
586 2715 639 2768 eujus
652 2715 714 2754 versio
728 2715 797 2754 Latine

106 2784 152 2818 μενοι
166 2771 223 2810 αὐτοῖς
237 2773 375 2822 ἁγιασθήσονται.
403 2772 439 2813 Ab·
466 2773 511 2812 haee
519 2772 577 2811 verba
585 2769 675 2822 agnoscit.
699 2769 797 2810 Russellus

106 2836 142 2874 que
151 2822 168 2862 is
177 2828 206 2863 est
215 2826 289 2877 primus
298 2827 350 2867 loeus
362 2841 387 2867 ex
400 2841 438 2879 quo
464 2827 540 2879 plenam
557 2825 658 2864 lectionem
672 2824 760 2864 Wottoni
777 2830 796 2865 et

105 2881 159 2917 notat
177 2879 208 2917 vir
230 2882 316 2922 eruditus
334 2882 438 2923 elementis
465 2881 540 2922 Codicis
552 2880 604 2920 nse
618 2879 695 2919 exhibet
707 2879 796 2920 inene-

102 2932 165 2986 -nostri
180 2933 281 2985 epistolam
299 2938 395 2977 nonnullis
410 2939 438 2977 vi-
465 2937 496 2986 cis,
506 2935 662 2987 interpretationi
670 2939 734 2975 autem
748 2936 795 2975 nihil

105 2987 145 3026 deri
167 2988 308 3041 interpolatam,
327 2997 395 3045 utpote
418 2993 437 3031 in
464 2991 522 3031 addit.

502 3069 537 3099 Η
