2017 3420
161 174 193 252 υοῖ

160 320 292 369 Περιτειγίζειν.4
312 320 367 371 κύκλῳ
383 321 496 369 περιετείχισε
508 321 528 358 τό

188 380 244 423 σῶμα.
258 374 316 414 Mart.
327 374 390 427 Polyc.
403 384 432 424 15.

160 430 270 479 Περιτιθέναι,
307 431 328 467 τὰ
345 430 470 479 περιτεθειμένο
487 431 528 478 αῦτῇ

188 486 263 535 κλεῖθρα.
279 484 339 524 Olem.
352 485 363 523 Ι
379 497 409 523 20.
433 486 529 535 ὁπεριθείς

188 541 241 592 ἑαυτῷ
255 542 354 591 ἁλουργίδα.
373 539 417 592 Igu.
428 538 505 591 Fragm.
515 540 527 578 i.

187 594 223 642 μετ’
236 595 350 644 ἐὐφροσύνης
376 595 483 644 περιθέμενος
507 596 528 633 τὰ

187 650 248 698 δεσμά.
262 649 320 689 Mam
330 650 372 701 Ign.
385 664 401 688 2.
425 650 528 700 περιετίθετο

187 706 209 742 τὰ
222 705 265 756 πρδς
279 706 310 754 τὴν
320 707 375 755 πυρὰν
387 705 484 755 ἡρμοσμένα
498 705 527 755 ὅρ-

187 775 236 809 γανα.
251 759 309 800 Μοςι.
320 760 383 812 Polyc.
397 772 425 810 ¹3·

160 814 254 863 Περιτομή.
288 817 334 865 παρὰ
356 816 417 864 ἀνδρὸς
438 816 529 864 περιτομὴν

188 870 262 919 ἔχοντας.
276 870 319 921 Igu.
330 868 403 908 Philad.
415 871 431 908 6.

160 925 268 975 Περιφέρειν.
293 927 339 976 δόλῳ
357 928 424 976 πονηρῷ
438 926 458 962 τδ
476 925 528 972 όνομα

139 1001 140 1006 =
188 980 293 1029 περιφέρειν.
307 979 350 1031 Ign.
361 978 410 1030 Eph.
423 988 440 1029 7.
457 981 476 1016 ἐν
484 977 498 1030 ᾦ
507 980 528 1017 τίς

188 1035 244 1082 δεσμὰ
253 1036 346 1085 περιφέρω.
360 1047 389 1072 ΙΙ.
419 1036 437 1072 ἐν
445 1031 470 1072 οίς
479 1049 526 1083 περι-

187 1089 236 1139 φέρω
246 1090 321 1138 δεσμοῖς.
331 1088 396 1140 Magn.
410 1101 427 1127 Ι.
450 1089 462 1126 δ
474 1089 528 1126 ἕνεκεν

188 1143 245 1192 Ἰησοῦ
259 1148 335 1194 Χριστοῦ
351 1144 445 1194 περιφέρω.
470 1143 527 1187 Trall.

193 1210 224 1237 12.
243 1199 343 1249 περιφέρειν
353 1200 382 1237 τὸν
394 1199 526 1249 ἐσταυρωμένον.

187 1253 297 1306 Μυνδίςο.
310 1267 328 1293 2.

159 1310 263 1359 Περίχωρος.
283 1312 313 1357 τῆς
322 1311 418 1360 περιχώρου
427 1310 484 1356 πάσης
492 1324 527 1359 κρι-

186 1364 249 1412 θείσης.
265 1362 325 1403 Olem.
335 1363 346 1401 Ι
358 1376 390 1402 11.

159 1420 259 1469 Περίφημα,
283 1420 378 1469 Περίψημα
388 1421 434 1467 ὑμῶν
442 1417 470 1456 καί
480 1419 526 1467 ἁγνί-

186 1475 245 1521 ζωμοι.
264 1473 307 1526 Igu.
321 1473 371 1525 Eph.
387 1476 404 1512 8.
433 1473 527 1523 Περίφημο

185 1530 205 1565 τό
215 1529 255 1577 έμδν
263 1534 328 1577 πνεῦμα
336 1533 367 1566 τοῦ
377 1532 457 1579 σταυροῦ.
475 1529 504 1565 Ι8.

158 1583 222 1633 Πέτρα.
254 1584 360 1634 ἡδρασμένην
378 1585 401 1623 ὡς
419 1584 446 1621 έπί
463 1584 527 1632 πέτραν

185 1638 266 1686 ἀκίνητον.
281 1639 324 1690 Ign.
335 1637 399 1689 Polyo.
412 1651 428 1676 1.

158 1693 213 1743 Πηγίγ.
228 1694 289 1732 Ἀένοοί
297 1710 317 1732 τε
325 1692 382 1743 πηγαί.
393 1692 454 1732 Olem.
463 1691 474 1729 Ῑ
482 1705 513 1730 20.

157 1750 222 1794 Πηλός.
240 1751 299 1797 Πηλδς
307 1750 341 1799 γάρ
350 1750 402 1796 ἐσμεν
409 1750 432 1787 εἷς
441 1750 472 1796 τὴν
478 1750 527 1797 χεῖρα

185 1807 215 1840 τοῦ
224 1803 306 1852 τεχνίτου.
322 1802 383 1842 Clem.
394 1802 417 1840 Π
426 1804 443 1841 8.

158 1861 219 1905 Πηρός.
239 1860 289 1909 πηροί
300 1859 346 1896 όντες
355 1861 376 1905 τῇ
386 1859 455 1906 διανοίᾳ.
465 1856 525 1895 Olem.

185 1912 207 1950 Π
219 1926 235 1951 1.

156 1966 219 2006 Πίνειν,
246 1969 310 2017 ἕφαγέν
328 1984 347 2005 τε
365 1969 391 2005 καί
408 1969 460 2006 ἔπιεν.
483 1966 525 2018 Igu.

183 2021 241 2061 Τιέιίί.
254 2035 271 2072 9.
299 2023 411 2071 παρατεθῆναι
424 2024 486 2071 φαγεῖν
499 2023 526 2059 καί

183 2080 233 2116 πιεῖν.
248 2077 306 2116 Maria.
318 2077 381 2128 Polyc.
393 2086 410 2126 7.

156 2132 233 2170 Πίπτειν.
257 2133 345 2171 πέπτωκεν
357 2133 381 2170 εἷς
392 2132 422 2179 τὴν
434 2134 466 2180 γῆν
477 2132 525 2180 ξηρά.

184 2186 245 2225 Olem.
256 2188 265 2224 I
276 2199 306 2235 24.
336 2188 356 2224 οῦ
369 2188 391 2223 τὰ
404 2188 470 2223 ἑστῶτα
484 2201 525 2233 στη·

183 2244 240 2290 ρι’ζειν,
250 2243 296 2280 ἀλλὰ
305 2243 326 2279 τὰ
335 2242 422 2280 πίπτοντα.
439 2241 464 2278 ΙΙ.
475 2253 493 2278 2.

156 2298 250 2335 Πιστεύειν.
275 2300 319 2335 πᾶσι
331 2300 366 2335 τοῖς
378 2295 490 2335 πιστεύουσιν
500 2296 526 2332 καί

185 2354 286 2399 ἐλπίζουσιν
294 2353 323 2390 ἐπὶ
337 2353 367 2389 τόν
380 2353 428 2388 Θεόν,
444 2348 504 2389 olem.
515 2349 526 2387 I

186 2420 215 2446 12.
244 2408 330 2446 διακόνους
341 2411 376 2443 τῶν
389 2407 487 2455 μελλόντων
497 2420 525 2442 πι-

183 2462 254 2501 στεύειν.
268 2475 299 2509 42.
324 2463 340 2498 οἱ
350 2463 368 2498 ἐν
376 2464 446 2511 Χριστῷ
455 2475 525 2498 πιστευ-

183 2519 240 2556 θέντες
246 2518 292 2566 παρίι
300 2520 343 2554 Θεοῦ
351 2518 401 2566 ἔργον
409 2519 480 2553 τοιοῦτο.
492 2526 523 2563 43.

183 2574 218 2610 νυνί
232 2573 251 2610 δέ
258 2571 391 2616 πιστεύσαντες,
401 2571 479 2608 πλείονες
487 2571 524 2618 ἐγε-

183 2628 250 2675 νόμεθα.
266 2626 289 2664 Π
300 2639 317 2664 2.
346 2627 373 2663 διὰ
382 2629 413 2664 τοῦ
421 2626 444 2674 μὴ
453 2623 523 2663 πιστεύ-

183 2698 207 2719 ειν
213 2682 256 2730 ἡμᾶς
263 2684 283 2729 τῇ
290 2682 383 2731 ἐπαγγελίᾳ
391 2685 421 2719 τοῦ
431 2683 480 2717 θεοῦ.
494 2691 523 2716 ΙΙ.

182 2742 216 2775 τῶν
228 2736 478 2783 διακόνων...πεπιστευμένων
490 2735 525 2771 δια-

182 2793 238 2830 κονίαν
246 2792 304 2839 Ἰησοῦ
312 2794 393 2841 Χριστοῦ.
408 2790 451 2841 Ign.
458 2788 522 2839 Magn.

183 2848 201 2884 6.
236 2848 253 2884 δί
267 2846 288 2883 οὗ
301 2846 394 2895 μυστηρίου
408 2847 493 2893 ἐλάβομεν
504 2846 524 2881 τό

181 2901 297 2951 πιστεύεινη,
320 2901 339 2937 Ὁ
346 2903 380 2950 γὰρ
387 2900 523 2950 Χριστιανισμός

182 2954 345 2995 οῦκ...ε’πίστευσεν.
361 2968 388 2993 Ιο.
406 2958 453 2993 πᾶσα
462 2957 522 3004 γλῶσ-

181 3028 204 3048 σα
218 3011 333 3049 πιστεύσασα.
351 3009 376 3049 ib.
400 3009 523 3048 πιστεύσαντες

181 3068 204 3105 εἷς
220 3068 249 3104 τὸν
265 3068 337 3104 θάνατον
352 3066 409 3103 αὐτοῦ.
432 3064 489 3103 Τντιίί.
504 3077 521 3102 2.

398 206 496 249 INDEX
511 206 683 250 VERBORUM

583 319 617 357 κατ’
627 320 675 367 ἀξίαν
682 321 805 368 πιστευόμενοι.
822 321 840 359 6.
864 319 883 360 ὃς
895 322 922 358 καί

582 376 625 423 ἡμᾶς
636 375 677 414 τοῦς
688 374 801 416 πιστεύοντας,
814 377 858 428 αὐτῷ
869 374 923 415 οὕτως

582 431 641 480 ἐγερεῖ,
658 442 675 480 9.
702 429 808 469 πιστεύσατέ
815 446 850 479 μοι.
865 429 920 469 Rom.

583 486 600 524 8.
625 484 700 523 πιστεύω
710 485 874 536 ῦρῖιςέπεγνωκέναι.
891 497 921 524 10.
938 511 940 515 ·

583 541 600 577 έν
615 538 629 590 ᾦ
643 542 669 577 κοί
685 539 807 579 πιστεύσαντες
825 540 921 588 ἐσώθησαν.

583 593 657 633 Philad.
668 603 686 644 5.
706 594 786 633 Πιστεύω
795 598 815 642 τῇ
824 597 881 645 χάριτι
889 595 922 643 Ἰη-

582 653 616 688 σοῦ
629 653 709 699 Χριστοῦ.
725 651 743 688 8.
767 650 817 701 ἐντῷ
829 649 922 702 εὐαγγελίῳ

582 706 602 742 οὐ
616 704 697 743 πιστεύω.
713 703 739 743 ib.
763 707 775 742 ’ὁ
791 704 923 754 πεπιστευμένος

582 761 603 797 τὰ
617 760 657 810 ἅγια
670 764 704 798 τῶν
717 761 774 810 ἁγίων.
796 772 813 810 9.
838 759 856 799 δς
871 762 922 809 μόνος

582 814 692 853 πεπίστευται
708 816 729 852 τὰ
744 816 810 864 κρυπτὰ
825 818 861 853 τοῦ,
871 818 921 854 θεοῦ,

582 868 608 909 ib.
633 870 662 907 ε’ίιν
676 870 693 906 έν
707 869 764 919 είγόπη
778 869 873 917 πιστεύητε.
894 868 921 908 ib.

583 926 601 961 ἐν
615 926 665 974 σαρκί
680 925 729 962 αὐτὸν
744 923 787 968 οἶδα,
802 926 829 962 καί
846 923 922 963 πιστεύω

582 980 627 1017 όντα.
643 978 718 1030 Smyrn.
729 993 748 1029 3.
772 981 804 1017 Καί
813 980 862 1018 εὐθὺς
870 980 922 1017 αὺτοῦ

581 1034 654 1084 ἥψαντο,
671 1035 698 1072 καί
713 1034 821 1073 ἐπίστευσαν,
837 1033 865 1073 ib.
893 1034 922 1072 ε’ίεν

581 1090 604 1138 μὴ
618 1089 736 1127 πιστεύσωσιν
749 1090 773 1128 εἷς
789 1090 809 1127 τό
824 1088 865 1137 αίμο
879 1095 921 1139 Χρι-

581 1147 630 1182 στοῦ.
646 1144 665 1182 6.
693 1143 773 1182 Πιστεύω
784 1144 818 1194 γὰρ
827 1148 847 1192 τῇ
856 1145 920 1194 χάριτι.

582 1197 645 1249 Polyc.
664 1207 681 1249 7.
711 1198 834 1239 πιστεύσαντες
851 1200 875 1238 εἷς
892 1200 922 1237 τόν

581 1253 667 1303 ἐγείραντα
678 1255 708 1291 τόν
716 1253 778 1303 Κύριον
788 1254 840 1303 ἡμῶν.
855 1253 920 1305 Polyc.

582 1307 630 1347 Phil.
643 1321 660 1348 2.
687 1308 838 1359 ε’ίγεπιστεύομεν,
853 1317 871 1358 5.
898 1310 921 1357 μὴ

581 1364 645 1413 ταχέως
658 1362 766 1402 πιστεύοντες
779 1366 821 1401 κοτό
834 1379 883 1403 τινος.
901 1364 920 1402 6.

581 1420 608 1456 καί
617 1419 663 1466 ἡμεῖς
672 1422 722 1456 τοῦτο
732 1418 861 1467 ἐπιστεύσαμεν.
876 1420 894 1457 8.

581 1489 625 1513 οτις.
650 1474 680 1522 τὴν
696 1474 790 1522 πανόρετον
806 1475 833 1512 καί
849 1474 922 1519 βεβαίαν

554 1529 624 1577 Πίὺμῶν
639 1526 702 1567 πίστιν.
724 1527 807 1567 olem]
822 1541 839 1566 1.
868 1529 886 1566 έν
899 1531 920 1576 τῇ

581 1585 639 1621 πίστει
652 1585 702 1620 αὐτοῦ
716 1583 846 1631 ἆμβλυωπῆσσι.
863 1596 881 1632 3.
900 1584 921 1620 τδ

581 1641 657 1687 γενναῖον
670 1641 699 1685 τῆς
712 1639 786 1676 πίστεως
799 1639 850 1676 αὐτοῦ
864 1637 919 1677 κλέος.

582 1702 600 1741 5.
622 1695 652 1731 τόν
665 1695 695 1738 τῆς
710 1692 783 1731 πίστεως
796 1694 868 1739 βέβαιον
881 1694 920 1742 δρό-

580 1763 617 1796 μον.
633 1748 652 1785 6.
678 1749 710 1785 Διὰ
719 1746 778 1786 πίστιν
786 1749 812 1785 καὶ
821 1748 920 1798 φιλοξενίαν

581 1803 630 1850 ἐδόθη
640 1803 684 1852 αῦτῴ
693 1804 728 1841 υἱός
737 1803 755 1839 έν
763 1801 811 1853 γήρᾳ.
829 1815 858 1841 10.
888 1804 920 1840 Διὰ

580 1858 639 1895 πίστιν
650 1859 677 1894 καὶ
689 1857 788 1906 φιλοξενίαν
797 1857 853 1905 ἐσώθη
861 1857 914 1901 Ῥαάβ

582 1924 613 1950 12.
642 1911 661 1949 οὐ
675 1916 726 1958 μόνον
739 1913 803 1960 πίστις,
818 1913 864 1950 ἀλλὰ
878 1927 920 1962 προ-

580 1968 647 2015 φητεία.
664 1966 689 2005 ib.
715 1969 771 2004 πάντα
788 1969 856 2012 βεβαιοῖ
873 1967 883 2014 ἡ
902 1968 921 2004 έν

579 2025 649 2073 Χριστῷ
658 2022 721 2060 πίστις,
738 2034 770 2060 22.
793 2021 921 2070 ε’νπεποιθίηοει

579 2078 654 2114 πίστεως
666 2076 733 2126 ἀγαθῆς.
751 2076 780 2114 26.
808 2077 920 2126 Ἀναζωπυρη-

580 2133 627 2169 σάτω
640 2131 670 2168 οῦν
684 2132 693 2178 ἦ
708 2132 766 2170 πίστις
780 2133 830 2169 αὐτοῦ
844 2133 862 2169 ἐν
873 2132 918 2179 ἡμῖν.

581 2194 611 2235 27.
627 2186 706 2233 ἀλήθειαν
713 2187 740 2223 διίι
747 2189 776 2234 τῆς
783 2186 862 2235 πίστεως,
870 2186 918 2234 ποιίη-

580 2252 625 2287 σος;
641 2252 671 2289 31.
695 2242 722 2277 διὰ
736 2244 766 2288 τῆς
779 2242 859 2288 πίστεως,
869 2241 890 2278 διΙ
899 2241 919 2289 ἧς

579 2297 642 2334 πάντας
650 2326 654 2333 .
663 2327 666 2334 ,
676 2297 697 2333 ,ό
712 2297 754 2342 θεός
766 2296 868 2334 ἐδικαίωσεν.
886 2308 917 2346 32.

579 2351 637 2389 πίστις
649 2351 667 2387 ἒν
679 2350 783 2398 πεποιθίγσει.
801 2360 832 2400 35.
861 2351 871 2398 ἡ
884 2352 919 2389 διό-

579 2421 616 2443 νοια
629 2406 674 2454 ἡμων
687 2405 761 2444 πίστεως
774 2407 817 2455 πρὸς
830 2407 859 2443 τὸν
870 2408 917 2444 θεόν.

578 2459 603 2498 ib.
626 2460 636 2507 ἡ
648 2461 705 2497 τελεία
721 2461 762 2498 κατὰ
775 2462 834 2498 πίστιν
847 2460 918 2510 Ἐσθίγρ.

579 2523 620 2563 55.⁴
640 2515 674 2562 δίνη
689 2516 736 2562 πόση
754 2517 805 2565 ψυχῇ
815 2516 917 2560 ,..πίοτιν,

579 2572 640 2617 φόβον.
656 2570 688 2618 58.
707 2570 730 2609 εἷς
739 2570 809 2618 μίμησιν
817 2572 847 2618 τῆς
856 2571 918 2608 ἐκείνου

578 2625 658 2662 πίστεως.
673 2623 748 2676 Fragm.
759 2624 778 2663 ii.
807 2626 849 2662 κατὰ
860 2626 919 2664 πίστιν

579 2680 605 2716 καί
619 2679 689 2728 ἀγάπην.
705 2678 747 2731 Ign.
763 2679 811 2731 Eph.
829 2692 846 2719 1.
874 2682 917 2719 ὑπα-

579 2735 669 2783 λειφθῆναι
682 2735 745 2772 πίστει.
759 2747 778 2783 3.
806 2736 865 2785 ὥσπερ
879 2736 918 2773 οῦδὲ

579 2788 588 2833 ἡ
603 2788 662 2827 πίστις
675 2791 697 2826 τίι
710 2792 739 2837 τῆς
753 2791 837 2834 ἀπιστίας,
854 2791 892 2827 οὐδὲ
907 2791 918 2837 ἡ

578 2843 648 2880 ἅπιστία
660 2845 681 2881 τὰ
694 2847 724 2892 τῆς
736 2845 817 2883 πίστεως.
833 2846 852 2883 8.
876 2845 886 2892 ἡ
899 2846 918 2882 δὲ

577 2899 635 2936 πίστις
653 2900 698 2946 ὑμῶν
713 2900 809 2949 όναγωγεῦς
826 2900 877 2948 ὑμῶν,
899 2912 916 2949 9.

552 2952 553 2956 ¹
577 2954 639 3001 ἑδραῖοι
648 2957 668 3001 τῇ
678 2955 742 2992 πίστει.
759 2967 789 2992 10.
817 2956 915 3004 ε’ντῇὸμο-

577 3009 613 3056 νοίᾳ
630 3009 674 3056 ὑμῶν
689 3012 719 3057 τῆς
734 3010 814 3048 πίστεως.
830 3021 861 3059 13.
889 3010 918 3048 έδν

577 3063 645 3102 τελείως
659 3065 682 3102 εἰς
698 3065 765 3111 Ἰησοῦν
779 3066 854 3114 Χριστόν
867 3066 917 3114 ἔχητε
