<?xml version="1.0" encoding="UTF-8"?>
<!DOCTYPE html PUBLIC "-//W3C//DTD XHTML 1.0 Transitional//EN"
    "http://www.w3.org/TR/xhtml1/DTD/xhtml1-transitional.dtd">
<html xmlns="http://www.w3.org/1999/xhtml" xml:lang="en" lang="en">
 <head>
  <title>
</title>
<meta http-equiv="Content-Type" content="text/html;charset=utf-8" />
  <meta name='ocr-system' content='tesseract 3.04.00' />
  <meta name='ocr-capabilities' content='ocr_page ocr_carea ocr_par ocr_line ocrx_word'/>
</head>
<body>
  <div class='ocr_page' id='page_1' title='image "./lta-2000/MN41360ucmf_0/MN41360ucmf_0_0341.png"; bbox 0 0 1975 3455; ppageno 0'>
   <div class='ocr_carea' id='block_1_1' title="bbox 326 221 805 266">
    <p class='ocr_par' dir='ltr' id='par_1_1' title="bbox 326 221 805 266">
     <span class='ocr_line' id='line_1_1' title="bbox 326 221 805 266; baseline 0 -1"><span class='ocrx_word' id='word_1_1' title='bbox 326 223 365 265; x_wconf 85' lang='lat' dir='ltr'><strong>DE</strong></span> <span class='ocrx_word' id='word_1_2' title='bbox 380 222 526 265; x_wconf 74' lang='lat' dir='ltr'><strong>nrlsronn</strong></span> <span class='ocrx_word' id='word_1_3' title='bbox 541 221 572 264; x_wconf 92' lang='lat' dir='ltr'><strong>II.</strong></span> <span class='ocrx_word' id='word_1_4' title='bbox 761 222 805 266; x_wconf 69' lang='lat'><strong>227</strong></span> 
     </span>
    </p>
   </div>
   <div class='ocr_carea' id='block_1_2' title="bbox 81 327 804 2016">
    <p class='ocr_par' dir='ltr' id='par_1_2' title="bbox 81 327 804 973">
     <span class='ocr_line' id='line_1_2' title="bbox 106 327 803 390; baseline -0.013 -10"><span class='ocrx_word' id='word_1_5' title='bbox 106 336 164 390; x_wconf 85' lang='lat' dir='ltr'><strong>cifioa</strong></span> <span class='ocrx_word' id='word_1_6' title='bbox 178 338 284 389; x_wconf 67' lang='lat' dir='ltr'><strong>temporaj</strong></span> <span class='ocrx_word' id='word_1_7' title='bbox 300 333 322 374; x_wconf 89' lang='lat' dir='ltr'><strong>et</strong></span> <span class='ocrx_word' id='word_1_8' title='bbox 336 346 362 374; x_wconf 85' lang='lat' dir='ltr'><strong>ex</strong></span> <span class='ocrx_word' id='word_1_9' title='bbox 374 329 445 373; x_wconf 89' lang='lat' dir='ltr'><strong>Photii</strong></span> <span class='ocrx_word' id='word_1_10' title='bbox 461 328 537 372; x_wconf 79' lang='lat' dir='ltr'>Codice</span> <span class='ocrx_word' id='word_1_11' title='bbox 553 328 615 372; x_wconf 82' lang='grc'>0111111</span> <span class='ocrx_word' id='word_1_12' title='bbox 628 327 746 383; x_wconf 81' lang='lat' dir='ltr'><strong>colligimus</strong></span> <span class='ocrx_word' id='word_1_13' title='bbox 761 328 803 371; x_wconf 88' lang='lat' dir='ltr'><strong>dis-</strong></span> 
     </span>
     <span class='ocr_line' id='line_1_3' title="bbox 105 400 804 453; baseline -0.013 0"><span class='ocrx_word' id='word_1_14' title='bbox 105 410 152 453; x_wconf 89' lang='lat' dir='ltr'><strong>sidii</strong></span> <span class='ocrx_word' id='word_1_15' title='bbox 163 405 291 451; x_wconf 85' lang='lat' dir='ltr'><strong>Corinthiaci</strong></span> <span class='ocrx_word' id='word_1_16' title='bbox 301 405 324 447; x_wconf 90' lang='lat' dir='ltr'><strong>in</strong></span> <span class='ocrx_word' id='word_1_17' title='bbox 336 420 360 447; x_wconf 87' lang='lat' dir='ltr'><strong>ea</strong></span> <span class='ocrx_word' id='word_1_18' title='bbox 374 405 452 447; x_wconf 89' lang='lat' dir='ltr'><strong>factam</strong></span> <span class='ocrx_word' id='word_1_19' title='bbox 463 417 506 445; x_wconf 92' lang='lat' dir='ltr'><strong>non</strong></span> <span class='ocrx_word' id='word_1_20' title='bbox 518 403 582 445; x_wconf 82' lang='lat' dir='ltr'><strong>fuisse</strong></span> <span class='ocrx_word' id='word_1_21' title='bbox 594 400 723 445; x_wconf 70' lang='lat' dir='ltr'>mentionem</span> <span class='ocrx_word' id='word_1_22' title='bbox 729 418 735 453; x_wconf 72' lang='grc' dir='ltr'><strong><em>ς</em></strong></span> <span class='ocrx_word' id='word_1_23' title='bbox 751 404 774 444; x_wconf 89' lang='lat' dir='ltr'><strong>at</strong></span> <span class='ocrx_word' id='word_1_24' title='bbox 786 401 804 445; x_wconf 83' lang='lat' dir='ltr'><strong>ei</strong></span> 
     </span>
     <span class='ocr_line' id='line_1_4' title="bbox 81 476 803 537; baseline -0.011 -9"><span class='ocrx_word' id='word_1_25' title='bbox 81 514 83 517; x_wconf 38' lang='lat' dir='ltr'>v</span> <span class='ocrx_word' id='word_1_26' title='bbox 105 486 154 528; x_wconf 91' lang='lat' dir='ltr'><strong>data</strong></span> <span class='ocrx_word' id='word_1_27' title='bbox 168 486 223 526; x_wconf 89' lang='lat' dir='ltr'><strong>esset</strong></span> <span class='ocrx_word' id='word_1_28' title='bbox 234 483 282 537; x_wconf 89' lang='lat' dir='ltr'><strong>post</strong></span> <span class='ocrx_word' id='word_1_29' title='bbox 296 479 392 536; x_wconf 83' lang='lat' dir='ltr'>priorem,</span> <span class='ocrx_word' id='word_1_30' title='bbox 408 479 447 521; x_wconf 92' lang='lat' dir='ltr'><strong>hoo</strong></span> <span class='ocrx_word' id='word_1_31' title='bbox 462 481 501 530; x_wconf 90' lang='lat' dir='ltr'><strong>est,</strong></span> <span class='ocrx_word' id='word_1_32' title='bbox 512 480 560 534; x_wconf 88' lang='lat' dir='ltr'><strong>post</strong></span> <span class='ocrx_word' id='word_1_33' title='bbox 575 478 639 520; x_wconf 90' lang='lat' dir='ltr'><strong>finem</strong></span> <span class='ocrx_word' id='word_1_34' title='bbox 654 476 803 532; x_wconf 74' lang='lat' dir='ltr'><strong>persecutionis</strong></span> 
     </span>
     <span class='ocr_line' id='line_1_5' title="bbox 96 551 803 612; baseline -0.008 -10"><span class='ocrx_word' id='word_1_35' title='bbox 96 557 228 610; x_wconf 83' lang='lat' dir='ltr'><strong>Domitiani,</strong></span> <span class='ocrx_word' id='word_1_36' title='bbox 244 558 338 612; x_wconf 84' lang='lat' dir='ltr'><strong>tempore</strong></span> <span class='ocrx_word' id='word_1_37' title='bbox 352 554 415 612; x_wconf 83' lang='lat' dir='ltr'><strong>pacis,</strong></span> <span class='ocrx_word' id='word_1_38' title='bbox 433 558 496 611; x_wconf 88' lang='lat' dir='ltr'><strong>atque</strong></span> <span class='ocrx_word' id='word_1_39' title='bbox 514 558 564 597; x_wconf 89' lang='lat' dir='ltr'><strong>ante</strong></span> <span class='ocrx_word' id='word_1_40' title='bbox 579 551 745 610; x_wconf 70' lang='lat' dir='ltr'><strong>persecutionem</strong></span> <span class='ocrx_word' id='word_1_41' title='bbox 764 553 803 596; x_wconf 90' lang='lat' dir='ltr'><strong>sub</strong></span> 
     </span>
     <span class='ocr_line' id='line_1_6' title="bbox 104 627 803 690; baseline -0.011 -13"><span class='ocrx_word' id='word_1_42' title='bbox 104 635 191 690; x_wconf 76' lang='lat' dir='ltr'><strong>Trajano</strong></span> <span class='ocrx_word' id='word_1_43' title='bbox 203 631 375 688; x_wconf 78' lang='lat' dir='ltr'><strong>redintegratam,</strong></span> <span class='ocrx_word' id='word_1_44' title='bbox 385 645 428 673; x_wconf 92' lang='lat' dir='ltr'><strong>non</strong></span> <span class='ocrx_word' id='word_1_45' title='bbox 440 628 614 687; x_wconf 84' lang='lat' dir='ltr'><strong>praetermisisset</strong></span> <span class='ocrx_word' id='word_1_46' title='bbox 627 627 751 672; x_wconf 86' lang='lat' dir='ltr'><strong>discordiam</strong></span> <span class='ocrx_word' id='word_1_47' title='bbox 766 630 803 670; x_wconf 90' lang='lat' dir='ltr'><strong>aut</strong></span> 
     </span>
     <span class='ocr_line' id='line_1_7' title="bbox 104 704 801 763; baseline -0.003 -12"><span class='ocrx_word' id='word_1_48' title='bbox 104 706 293 751; x_wconf 68' lang='lat' dir='ltr'><strong>reconciliationem</strong></span> <span class='ocrx_word' id='word_1_49' title='bbox 303 704 468 758; x_wconf 82' lang='lat' dir='ltr'><strong>Corinthiorum,</strong></span> <span class='ocrx_word' id='word_1_50' title='bbox 477 720 542 761; x_wconf 88' lang='lat' dir='ltr'><strong>quum</strong></span> <span class='ocrx_word' id='word_1_51' title='bbox 552 708 665 763; x_wconf 85' lang='lat' dir='ltr'><strong>utrumque</strong></span> <span class='ocrx_word' id='word_1_52' title='bbox 675 708 759 761; x_wconf 88' lang='lat' dir='ltr'><strong>tempus</strong></span> <span class='ocrx_word' id='word_1_53' title='bbox 769 722 801 749; x_wconf 95' lang='lat' dir='ltr'><strong>so-</strong></span> 
     </span>
     <span class='ocr_line' id='line_1_8' title="bbox 103 779 803 837; baseline -0.001 -13"><span class='ocrx_word' id='word_1_54' title='bbox 103 781 209 825; x_wconf 90' lang='lat' dir='ltr'><strong>lummodo</strong></span> <span class='ocrx_word' id='word_1_55' title='bbox 225 795 292 823; x_wconf 88' lang='lat' dir='ltr'><strong>annus</strong></span> <span class='ocrx_word' id='word_1_56' title='bbox 312 780 416 837; x_wconf 79' lang='lat' dir='ltr'><strong>sejungat.</strong></span> <span class='ocrx_word' id='word_1_57' title='bbox 454 779 523 824; x_wconf 75' lang='lat' dir='ltr'><strong>Quare</strong></span> <span class='ocrx_word' id='word_1_58' title='bbox 539 779 625 823; x_wconf 88' lang='lat' dir='ltr'><strong>missam</strong></span> <span class='ocrx_word' id='word_1_59' title='bbox 643 779 733 823; x_wconf 89' lang='lat' dir='ltr'><strong>arbitror</strong></span> <span class='ocrx_word' id='word_1_60' title='bbox 746 780 803 825; x_wconf 87' lang='lat' dir='ltr'><strong>inter</strong></span> 
     </span>
     <span class='ocr_line' id='line_1_9' title="bbox 103 854 802 912; baseline 0.001 -13"><span class='ocrx_word' id='word_1_61' title='bbox 103 857 154 899; x_wconf 85' lang='lat' dir='ltr'><strong>duas</strong></span> <span class='ocrx_word' id='word_1_62' title='bbox 168 855 246 912; x_wconf 90' lang='lat' dir='ltr'><strong>primas</strong></span> <span class='ocrx_word' id='word_1_63' title='bbox 260 854 420 911; x_wconf 85' lang='lat' dir='ltr'><strong>persecutiones,</strong></span> <span class='ocrx_word' id='word_1_64' title='bbox 433 854 524 897; x_wconf 88' lang='lat' dir='ltr'><strong>Neronis</strong></span> <span class='ocrx_word' id='word_1_65' title='bbox 539 870 563 898; x_wconf 93' lang='lat' dir='ltr'><strong>ac</strong></span> <span class='ocrx_word' id='word_1_66' title='bbox 578 854 703 908; x_wconf 88' lang='lat' dir='ltr'><strong>Domitiani,</strong></span> <span class='ocrx_word' id='word_1_67' title='bbox 717 859 739 899; x_wconf 92' lang='grc'><strong>01</strong></span> <span class='ocrx_word' id='word_1_68' title='bbox 752 860 802 900; x_wconf 86' lang='grc'>0110</span> 
     </span>
     <span class='ocr_line' id='line_1_10' title="bbox 102 919 468 973; baseline -0.005 0"><span class='ocrx_word' id='word_1_69' title='bbox 102 929 225 973; x_wconf 87' lang='lat' dir='ltr'><strong>seditionem</strong></span> <span class='ocrx_word' id='word_1_70' title='bbox 237 927 335 971; x_wconf 84' lang='lat' dir='ltr'><strong>Corinthi</strong></span> <span class='ocrx_word' id='word_1_71' title='bbox 343 919 468 971; x_wconf 79' lang='grc'>0101101011.</span> 
     </span>
    </p>

    <p class='ocr_par' dir='ltr' id='par_1_3' title="bbox 95 1002 800 2016">
     <span class='ocr_line' id='line_1_11' title="bbox 131 1002 800 1061; baseline 0.001 -15"><span class='ocrx_word' id='word_1_72' title='bbox 131 1003 262 1047; x_wconf 88' lang='lat' dir='ltr'><strong>Omittebam</strong></span> <span class='ocrx_word' id='word_1_73' title='bbox 281 1002 322 1055; x_wconf 83' lang='lat' dir='ltr'><strong>hio,</strong></span> <span class='ocrx_word' id='word_1_74' title='bbox 340 1006 365 1045; x_wconf 90' lang='grc'><strong>11</strong></span> <span class='ocrx_word' id='word_1_75' title='bbox 380 1002 403 1045; x_wconf 91' lang='lat' dir='ltr'><strong>in</strong></span> <span class='ocrx_word' id='word_1_76' title='bbox 416 1002 519 1045; x_wconf 88' lang='lat' dir='ltr'><strong>Veterum</strong></span> <span class='ocrx_word' id='word_1_77' title='bbox 536 1003 677 1056; x_wconf 77' lang='lat' dir='ltr'><strong>Testimoniis,</strong></span> <span class='ocrx_word' id='word_1_78' title='bbox 690 1004 731 1047; x_wconf 92' lang='lat' dir='ltr'><strong>duo</strong></span> <span class='ocrx_word' id='word_1_79' title='bbox 748 1019 800 1061; x_wconf 89' lang='lat' dir='ltr'><strong>quae</strong></span> 
     </span>
     <span class='ocr_line' id='line_1_12' title="bbox 101 1077 800 1136; baseline -0.001 -14"><span class='ocrx_word' id='word_1_80' title='bbox 101 1083 173 1136; x_wconf 87' lang='lat' dir='ltr'><strong>postea</strong></span> <span class='ocrx_word' id='word_1_81' title='bbox 196 1082 329 1121; x_wconf 84' lang='lat' dir='ltr'><strong>occurrerunt</strong></span> <span class='ocrx_word' id='word_1_82' title='bbox 348 1077 399 1120; x_wconf 88' lang='grc'>1000.</span> <span class='ocrx_word' id='word_1_83' title='bbox 430 1077 512 1120; x_wconf 87' lang='lat' dir='ltr'><strong>Primus</strong></span> <span class='ocrx_word' id='word_1_84' title='bbox 532 1078 590 1121; x_wconf 90' lang='lat' dir='ltr'><strong>locus</strong></span> <span class='ocrx_word' id='word_1_85' title='bbox 610 1081 642 1121; x_wconf 91' lang='grc'><strong>001</strong></span> <span class='ocrx_word' id='word_1_86' title='bbox 662 1078 800 1122; x_wconf 87' lang='lat' dir='ltr'><strong>Praefationis</strong></span> 
     </span>
     <span class='ocr_line' id='line_1_13' title="bbox 101 1152 798 1209; baseline -0.001 -12"><span class='ocrx_word' id='word_1_87' title='bbox 101 1153 189 1197; x_wconf 87' lang='lat' dir='ltr'><strong>Concilii</strong></span> <span class='ocrx_word' id='word_1_88' title='bbox 208 1152 304 1205; x_wconf 86' lang='lat' dir='ltr'><strong>Nicaeni,</strong></span> <span class='ocrx_word' id='word_1_89' title='bbox 324 1152 413 1195; x_wconf 83' lang='lat' dir='ltr'><strong>Latinae</strong></span> <span class='ocrx_word' id='word_1_90' title='bbox 435 1167 461 1195; x_wconf 84' lang='lat' dir='ltr'><strong>ex</strong></span> <span class='ocrx_word' id='word_1_91' title='bbox 480 1152 570 1196; x_wconf 84' lang='lat' dir='ltr'><strong>Arabico</strong></span> <span class='ocrx_word' id='word_1_92' title='bbox 595 1169 631 1209; x_wconf 89' lang='lat' dir='ltr'><strong>per</strong></span> <span class='ocrx_word' id='word_1_93' title='bbox 652 1153 798 1196; x_wconf 83' lang='lat' dir='ltr'><strong>Abrahamum</strong></span> 
     </span>
     <span class='ocr_line' id='line_1_14' title="bbox 99 1227 799 1285; baseline 0 -13"><span class='ocrx_word' id='word_1_94' title='bbox 99 1228 255 1272; x_wconf 81' lang='lat' dir='ltr'><strong>Eoohellensem</strong></span> <span class='ocrx_word' id='word_1_95' title='bbox 269 1228 342 1280; x_wconf 81' lang='lat' dir='ltr'><strong>factae,</strong></span> <span class='ocrx_word' id='word_1_96' title='bbox 356 1227 431 1283; x_wconf 89' lang='lat' dir='ltr'><strong>inquo</strong></span> <span class='ocrx_word' id='word_1_97' title='bbox 444 1227 520 1270; x_wconf 88' lang='lat' dir='ltr'><strong>dicitur</strong></span> <span class='ocrx_word' id='word_1_98' title='bbox 532 1227 662 1271; x_wconf 81' lang='lat' dir='ltr'><strong>Clementem</strong></span> <span class='ocrx_word' id='word_1_99' title='bbox 675 1228 771 1285; x_wconf 78' lang='lat' dir='ltr'><strong>Epistola</strong></span> <span class='ocrx_word' id='word_1_100' title='bbox 783 1229 799 1272; x_wconf 94' lang='lat' dir='ltr'><strong>ii</strong></span> 
     </span>
     <span class='ocr_line' id='line_1_15' title="bbox 100 1301 798 1359; baseline 0 -13"><span class='ocrx_word' id='word_1_101' title='bbox 100 1302 227 1346; x_wconf 87' lang='lat' dir='ltr'><strong>mentionem</strong></span> <span class='ocrx_word' id='word_1_102' title='bbox 244 1301 316 1345; x_wconf 86' lang='lat' dir='ltr'><strong>fecisse</strong></span> <span class='ocrx_word' id='word_1_103' title='bbox 332 1302 442 1344; x_wconf 79' lang='lat' dir='ltr'><strong>Sectarnm</strong></span> <span class='ocrx_word' id='word_1_104' title='bbox 457 1312 491 1357; x_wconf 85' lang='lat'><strong>70.</strong></span> <span class='ocrx_word' id='word_1_105' title='bbox 520 1303 601 1345; x_wconf 85' lang='lat' dir='ltr'><strong>Verum</strong></span> <span class='ocrx_word' id='word_1_106' title='bbox 615 1302 652 1345; x_wconf 89' lang='lat' dir='ltr'><strong>illa</strong></span> <span class='ocrx_word' id='word_1_107' title='bbox 666 1302 769 1359; x_wconf 78' lang='lat' dir='ltr'><strong>Epistola,</strong></span> <span class='ocrx_word' id='word_1_108' title='bbox 780 1303 798 1346; x_wconf 90' lang='grc'><strong>01</strong></span> 
     </span>
     <span class='ocr_line' id='line_1_16' title="bbox 99 1363 796 1433; baseline 0 -13"><span class='ocrx_word' id='word_1_109' title='bbox 99 1377 171 1420; x_wconf 85' lang='lat' dir='ltr'><strong>eadem</strong></span> <span class='ocrx_word' id='word_1_110' title='bbox 184 1379 216 1419; x_wconf 90' lang='grc'><strong>001</strong></span> <span class='ocrx_word' id='word_1_111' title='bbox 228 1391 251 1433; x_wconf 81' lang='lat' dir='ltr'><strong>ac</strong></span> <span class='ocrx_word' id='word_1_112' title='bbox 266 1378 344 1428; x_wconf 87' lang='grc'>100110,</span> <span class='ocrx_word' id='word_1_113' title='bbox 354 1391 392 1418; x_wconf 90' lang='grc'><strong>100</strong></span> <span class='ocrx_word' id='word_1_114' title='bbox 407 1379 439 1418; x_wconf 91' lang='grc'><strong>001</strong></span> <span class='ocrx_word' id='word_1_115' title='bbox 448 1376 509 1432; x_wconf 88' lang='lat' dir='ltr'><strong>plane</strong></span> <span class='ocrx_word' id='word_1_116' title='bbox 519 1376 653 1433; x_wconf 83' lang='lat' dir='ltr'><strong>Apocrypha,</strong></span> <span class='ocrx_word' id='word_1_117' title='bbox 664 1363 796 1433; x_wconf 82' lang='lat' dir='ltr'><strong>nequaquam</strong></span> 
     </span>
     <span class='ocr_line' id='line_1_17' title="bbox 99 1450 795 1506; baseline 0 -12"><span class='ocrx_word' id='word_1_118' title='bbox 99 1451 171 1494; x_wconf 86' lang='lat' dir='ltr'><strong>retulit</strong></span> <span class='ocrx_word' id='word_1_119' title='bbox 187 1460 214 1506; x_wconf 85' lang='lat'><strong>70</strong></span> <span class='ocrx_word' id='word_1_120' title='bbox 227 1450 336 1502; x_wconf 82' lang='lat' dir='ltr'><strong>Haereses,</strong></span> <span class='ocrx_word' id='word_1_121' title='bbox 345 1450 418 1492; x_wconf 90' lang='lat' dir='ltr'><strong>retulit</strong></span> <span class='ocrx_word' id='word_1_122' title='bbox 431 1451 501 1493; x_wconf 87' lang='lat' dir='ltr'><strong>forsan</strong></span> <span class='ocrx_word' id='word_1_123' title='bbox 514 1462 534 1505; x_wconf 89' lang='lat'><strong>7.</strong></span> <span class='ocrx_word' id='word_1_124' title='bbox 564 1451 661 1493; x_wconf 87' lang='lat' dir='ltr'><strong>Alterum</strong></span> <span class='ocrx_word' id='word_1_125' title='bbox 675 1451 744 1494; x_wconf 88' lang='lat' dir='ltr'><strong>locum</strong></span> <span class='ocrx_word' id='word_1_126' title='bbox 759 1452 795 1495; x_wconf 92' lang='grc'>(10-</span> 
     </span>
     <span class='ocr_line' id='line_1_18' title="bbox 95 1523 795 1582; baseline 0.001 -14"><span class='ocrx_word' id='word_1_127' title='bbox 95 1526 191 1582; x_wconf 87' lang='lat' dir='ltr'><strong>prompsi</strong></span> <span class='ocrx_word' id='word_1_128' title='bbox 205 1540 231 1567; x_wconf 82' lang='lat' dir='ltr'><strong>cx</strong></span> <span class='ocrx_word' id='word_1_129' title='bbox 245 1523 331 1580; x_wconf 89' lang='lat' dir='ltr'><strong>optimis</strong></span> <span class='ocrx_word' id='word_1_130' title='bbox 346 1524 472 1567; x_wconf 85' lang='lat' dir='ltr'><strong>membranis</strong></span> <span class='ocrx_word' id='word_1_131' title='bbox 487 1524 570 1567; x_wconf 78' lang='lat' dir='ltr'><strong>Codicis</strong></span> <span class='ocrx_word' id='word_1_132' title='bbox 584 1525 697 1568; x_wconf 87' lang='lat' dir='ltr'><strong>admodum</strong></span> <span class='ocrx_word' id='word_1_133' title='bbox 713 1526 795 1582; x_wconf 88' lang='lat' dir='ltr'><strong>antiqui</strong></span> 
     </span>
     <span class='ocr_line' id='line_1_19' title="bbox 97 1598 795 1654; baseline 0 -11"><span class='ocrx_word' id='word_1_134' title='bbox 97 1602 120 1643; x_wconf 93' lang='lat' dir='ltr'><strong>in</strong></span> <span class='ocrx_word' id='word_1_135' title='bbox 139 1599 270 1652; x_wconf 88' lang='lat' dir='ltr'><strong>Bibliotheca</strong></span> <span class='ocrx_word' id='word_1_136' title='bbox 286 1598 327 1641; x_wconf 89' lang='grc' dir='ltr'><strong>ΡΡ.</strong></span> <span class='ocrx_word' id='word_1_137' title='bbox 346 1598 391 1641; x_wconf 82' lang='lat' dir='ltr'><strong>Soc.</strong></span> <span class='ocrx_word' id='word_1_138' title='bbox 409 1598 467 1651; x_wconf 88' lang='lat' dir='ltr'><strong>Jesu,</strong></span> <span class='ocrx_word' id='word_1_139' title='bbox 488 1599 569 1654; x_wconf 90' lang='lat' dir='ltr'><strong>copiam</strong></span> <span class='ocrx_word' id='word_1_140' title='bbox 588 1599 677 1642; x_wconf 84' lang='lat' dir='ltr'><strong>faciente</strong></span> <span class='ocrx_word' id='word_1_141' title='bbox 698 1600 795 1643; x_wconf 84' lang='lat' dir='ltr'><strong>Gabriele</strong></span> 
     </span>
     <span class='ocr_line' id='line_1_20' title="bbox 98 1672 794 1731; baseline -0.001 -13"><span class='ocrx_word' id='word_1_142' title='bbox 98 1673 209 1725; x_wconf 83' lang='lat' dir='ltr'><strong>Cossartio,</strong></span> <span class='ocrx_word' id='word_1_143' title='bbox 219 1673 264 1716; x_wconf 87' lang='lat' dir='ltr'><strong>viro</strong></span> <span class='ocrx_word' id='word_1_144' title='bbox 274 1688 322 1715; x_wconf 89' lang='lat' dir='ltr'><strong>cum</strong></span> <span class='ocrx_word' id='word_1_145' title='bbox 332 1672 421 1729; x_wconf 82' lang='lat' dir='ltr'><strong>insignis</strong></span> <span class='ocrx_word' id='word_1_146' title='bbox 431 1672 544 1726; x_wconf 87' lang='lat' dir='ltr'><strong>doctrinae,</strong></span> <span class='ocrx_word' id='word_1_147' title='bbox 554 1677 602 1716; x_wconf 89' lang='lat' dir='ltr'><strong>turn</strong></span> <span class='ocrx_word' id='word_1_148' title='bbox 615 1674 707 1731; x_wconf 84' lang='lat' dir='ltr'><strong>prolixae</strong></span> <span class='ocrx_word' id='word_1_149' title='bbox 719 1675 794 1718; x_wconf 90' lang='lat' dir='ltr'><strong>huma-</strong></span> 
     </span>
     <span class='ocr_line' id='line_1_21' title="bbox 97 1746 793 1804; baseline 0.001 -13"><span class='ocrx_word' id='word_1_150' title='bbox 97 1748 176 1792; x_wconf 90' lang='lat' dir='ltr'><strong>nitatis.</strong></span> <span class='ocrx_word' id='word_1_151' title='bbox 208 1748 248 1790; x_wconf 83' lang='lat' dir='ltr'><strong>Est</strong></span> <span class='ocrx_word' id='word_1_152' title='bbox 264 1751 334 1789; x_wconf 90' lang='lat' dir='ltr'><strong>autern</strong></span> <span class='ocrx_word' id='word_1_153' title='bbox 350 1747 372 1789; x_wconf 82' lang='lat' dir='ltr'><strong>S.</strong></span> <span class='ocrx_word' id='word_1_154' title='bbox 389 1746 514 1790; x_wconf 87' lang='lat' dir='ltr'><strong>Damasccni</strong></span> <span class='ocrx_word' id='word_1_155' title='bbox 529 1747 657 1804; x_wconf 83' lang='lat' dir='ltr'><strong>Eologarum</strong></span> <span class='ocrx_word' id='word_1_156' title='bbox 676 1749 793 1802; x_wconf 82' lang='lat' dir='ltr'><strong>Sacrarum,</strong></span> 
     </span>
     <span class='ocr_line' id='line_1_22' title="bbox 97 1823 794 1881; baseline 0.004 -15"><span class='ocrx_word' id='word_1_157' title='bbox 97 1840 142 1879; x_wconf 83' lang='lat' dir='ltr'><strong>cap.</strong></span> <span class='ocrx_word' id='word_1_158' title='bbox 154 1824 203 1877; x_wconf 88' lang='grc' dir='ltr'>Περὶ</span> <span class='ocrx_word' id='word_1_159' title='bbox 213 1827 252 1864; x_wconf 81' lang='grc' dir='ltr'><strong>τῶν</strong></span> <span class='ocrx_word' id='word_1_160' title='bbox 261 1823 385 1876; x_wconf 59' lang='lat' dir='ltr'><strong>apocri-uipera</strong></span> <span class='ocrx_word' id='word_1_161' title='bbox 395 1823 427 1864; x_wconf 83' lang='lat' dir='ltr'><strong>rel</strong></span> <span class='ocrx_word' id='word_1_162' title='bbox 437 1826 475 1865; x_wconf 77' lang='grc' dir='ltr'><strong>τῶυ</strong></span> <span class='ocrx_word' id='word_1_163' title='bbox 486 1824 570 1865; x_wconf 77' lang='grc' dir='ltr'>αἰωνίων</span> <span class='ocrx_word' id='word_1_164' title='bbox 580 1824 666 1878; x_wconf 80' lang='grc' dir='ltr'><strong>ἀγαθῶν,</strong></span> <span class='ocrx_word' id='word_1_165' title='bbox 675 1826 706 1868; x_wconf 85' lang='grc' dir='ltr'><strong>καὶ</strong></span> <span class='ocrx_word' id='word_1_166' title='bbox 715 1825 746 1867; x_wconf 82' lang='grc' dir='ltr'><strong>ὅτι</strong></span> <span class='ocrx_word' id='word_1_167' title='bbox 755 1827 794 1881; x_wconf 75' lang='grc' dir='ltr'><strong>χρὴ</strong></span> 
     </span>
     <span class='ocr_line' id='line_1_23' title="bbox 96 1883 793 1955; baseline 0.001 -14"><span class='ocrx_word' id='word_1_168' title='bbox 96 1904 134 1941; x_wconf 80' lang='grc' dir='ltr'><strong>τῶν</strong></span> <span class='ocrx_word' id='word_1_169' title='bbox 140 1899 242 1952; x_wconf 77' lang='grc' dir='ltr'>παρόντων</span> <span class='ocrx_word' id='word_1_170' title='bbox 250 1897 274 1938; x_wconf 80' lang='grc' dir='ltr'><strong>τὰ</strong></span> <span class='ocrx_word' id='word_1_171' title='bbox 283 1895 383 1949; x_wconf 77' lang='grc' dir='ltr'>μέλλοντα</span> <span class='ocrx_word' id='word_1_172' title='bbox 390 1883 492 1953; x_wconf 71' lang='grc' dir='ltr'>110011μᾲ1·</span> <span class='ocrx_word' id='word_1_173' title='bbox 504 1895 560 1952; x_wconf 88' lang='lat' dir='ltr'><strong>quod</strong></span> <span class='ocrx_word' id='word_1_174' title='bbox 569 1898 681 1954; x_wconf 85' lang='lat' dir='ltr'><strong>respondet</strong></span> <span class='ocrx_word' id='word_1_175' title='bbox 691 1899 754 1955; x_wconf 86' lang='lat' dir='ltr'><strong>capiti</strong></span> <span class='ocrx_word' id='word_1_176' title='bbox 766 1913 793 1945; x_wconf 82' lang='lat'><strong>20</strong></span> 
     </span>
     <span class='ocr_line' id='line_1_24' title="bbox 95 1969 466 2016; baseline -0.011 0"><span class='ocrx_word' id='word_1_177' title='bbox 95 1972 143 2016; x_wconf 90' lang='lat' dir='ltr'><strong>libri</strong></span> <span class='ocrx_word' id='word_1_178' title='bbox 155 1971 170 2014; x_wconf 94' lang='lat' dir='ltr'><strong>ii</strong></span> <span class='ocrx_word' id='word_1_179' title='bbox 185 1969 332 2013; x_wconf 89' lang='lat' dir='ltr'><strong>Parallelorum</strong></span> <span class='ocrx_word' id='word_1_180' title='bbox 344 1969 466 2013; x_wconf 88' lang='lat' dir='ltr'><strong>editorum.i</strong></span> 
     </span>
    </p>
   </div>
   <div class='ocr_carea' id='block_1_3' title="bbox 282 2137 598 2188">
    <p class='ocr_par' dir='ltr' id='par_1_4' title="bbox 282 2137 598 2188">
     <span class='ocr_line' id='line_1_25' title="bbox 282 2137 598 2188; baseline 0.009 -14"><span class='ocrx_word' id='word_1_181' title='bbox 282 2137 287 2163; x_wconf 68' lang='lat' dir='ltr'><strong>i</strong></span> <span class='ocrx_word' id='word_1_182' title='bbox 300 2137 345 2175; x_wconf 84' lang='lat' dir='ltr'><strong>Vide</strong></span> <span class='ocrx_word' id='word_1_183' title='bbox 353 2138 423 2187; x_wconf 79' lang='lat' dir='ltr'><strong>Fragm.</strong></span> <span class='ocrx_word' id='word_1_184' title='bbox 434 2139 459 2176; x_wconf 93' lang='lat' dir='ltr'><strong>IV</strong></span> <span class='ocrx_word' id='word_1_185' title='bbox 468 2140 519 2183; x_wconf 81' lang='lat' dir='ltr'><strong>intra,</strong></span> <span class='ocrx_word' id='word_1_186' title='bbox 531 2154 548 2188; x_wconf 90' lang='lat' dir='ltr'><strong>p.</strong></span> <span class='ocrx_word' id='word_1_187' title='bbox 559 2142 598 2178; x_wconf 84' lang='lat'>261.</span> 
     </span>
    </p>
   </div>
   <div class='ocr_carea' id='block_1_4' title="bbox 0 0 992 3455">
    <p class='ocr_par' dir='ltr' id='par_1_5' title="bbox 0 0 992 3455">
     <span class='ocr_line' id='line_1_26' title="bbox 0 0 992 3455; baseline 0 5"><span class='ocrx_word' id='word_1_188' title='bbox 0 0 992 3455; x_wconf 95' lang='lat' dir='ltr'><strong> </strong></span> 
     </span>
    </p>
   </div>
  </div>
 </body>
</html>
