<?xml version="1.0" encoding="UTF-8"?>
<!DOCTYPE html PUBLIC "-//W3C//DTD XHTML 1.0 Transitional//EN"
    "http://www.w3.org/TR/xhtml1/DTD/xhtml1-transitional.dtd">
<html xmlns="http://www.w3.org/1999/xhtml" xml:lang="en" lang="en">
 <head>
  <title>
</title>
<meta http-equiv="Content-Type" content="text/html;charset=utf-8" />
  <meta name='ocr-system' content='tesseract 3.04.00' />
  <meta name='ocr-capabilities' content='ocr_page ocr_carea ocr_par ocr_line ocrx_word'/>
</head>
<body>
  <div class='ocr_page' id='page_1' title='image "./MN41360ucmf_0/MN41360ucmf_0_0427.png"; bbox 0 0 1931 3420; ppageno 0'>
   <div class='ocr_carea' id='block_1_1' title="bbox 261 233 542 308">
    <p class='ocr_par' dir='ltr' id='par_1_1' title="bbox 261 233 542 308">
     <span class='ocr_line' id='line_1_1' title="bbox 261 233 542 308; baseline 0.011 -3"><span class='ocrx_word' id='word_1_1' title='bbox 261 261 299 305; x_wconf 78' lang='grc' dir='ltr'>ος</span> <span class='ocrx_word' id='word_1_2' title='bbox 315 233 542 308; x_wconf 61' lang='lat' dir='ltr'>mmmm</span> 
     </span>
    </p>
   </div>
   <div class='ocr_carea' id='block_1_2' title="bbox 17 371 390 755">
    <p class='ocr_par' dir='ltr' id='par_1_2' title="bbox 17 371 390 755">
     <span class='ocr_line' id='line_1_2' title="bbox 46 371 389 423; baseline -0.006 -6"><span class='ocrx_word' id='word_1_3' title='bbox 46 374 128 418; x_wconf 57' lang='lat' dir='ltr'>Olem]</span> <span class='ocrx_word' id='word_1_4' title='bbox 138 388 169 423; x_wconf 87' lang='lat'>40.</span> <span class='ocrx_word' id='word_1_5' title='bbox 203 371 303 414; x_wconf 78' lang='grc' dir='ltr'>Ἐνκύπτετε</span> <span class='ocrx_word' id='word_1_6' title='bbox 319 378 343 415; x_wconf 82' lang='grc' dir='ltr'>εἰς</span> <span class='ocrx_word' id='word_1_7' title='bbox 358 377 389 415; x_wconf 82' lang='grc' dir='ltr'>τδς</span> 
     </span>
     <span class='ocr_line' id='line_1_3' title="bbox 44 429 389 483; baseline -0.003 -14"><span class='ocrx_word' id='word_1_8' title='bbox 44 432 118 483; x_wconf 80' lang='grc' dir='ltr'>γραφάς.</span> <span class='ocrx_word' id='word_1_9' title='bbox 135 439 166 479; x_wconf 85' lang='lat'>45.</span> <span class='ocrx_word' id='word_1_10' title='bbox 205 429 308 480; x_wconf 80' lang='grc' dir='ltr'>εἠκεκύφατε</span> <span class='ocrx_word' id='word_1_11' title='bbox 326 430 350 469; x_wconf 88' lang='grc' dir='ltr'>εἰς</span> <span class='ocrx_word' id='word_1_12' title='bbox 368 432 389 470; x_wconf 87' lang='grc' dir='ltr'>τὰ</span> 
     </span>
     <span class='ocr_line' id='line_1_4' title="bbox 44 485 390 536; baseline 0 -12"><span class='ocrx_word' id='word_1_13' title='bbox 44 489 95 536; x_wconf 80' lang='grc' dir='ltr'>λόγια</span> <span class='ocrx_word' id='word_1_14' title='bbox 111 488 142 522; x_wconf 84' lang='grc' dir='ltr'>τοῦ</span> <span class='ocrx_word' id='word_1_15' title='bbox 158 487 207 522; x_wconf 82' lang='grc' dir='ltr'>θεοῦ.</span> <span class='ocrx_word' id='word_1_16' title='bbox 223 493 255 533; x_wconf 82' lang='grc'>54.</span> <span class='ocrx_word' id='word_1_17' title='bbox 285 486 309 524; x_wconf 85' lang='grc' dir='ltr'>εἰς</span> <span class='ocrx_word' id='word_1_18' title='bbox 324 485 344 523; x_wconf 75' lang='grc' dir='ltr'>ἃς</span> <span class='ocrx_word' id='word_1_19' title='bbox 360 486 390 524; x_wconf 72' lang='grc' dir='ltr'>ε’ἰιν</span> 
     </span>
     <span class='ocr_line' id='line_1_5' title="bbox 45 537 313 590; baseline -0.007 -11"><span class='ocrx_word' id='word_1_20' title='bbox 45 540 145 590; x_wconf 81' lang='grc' dir='ltr'>ε’γκύπτητε.</span> <span class='ocrx_word' id='word_1_21' title='bbox 160 537 224 590; x_wconf 80' lang='lat' dir='ltr'>Polyc.</span> <span class='ocrx_word' id='word_1_22' title='bbox 236 537 285 577; x_wconf 78' lang='lat' dir='ltr'>Phil.</span> <span class='ocrx_word' id='word_1_23' title='bbox 296 551 313 589; x_wconf 85' lang='lat'>3.</span> 
     </span>
     <span class='ocr_line' id='line_1_6' title="bbox 17 594 389 644; baseline -0.005 -10"><span class='ocrx_word' id='word_1_24' title='bbox 17 597 108 644; x_wconf 74' lang='grc' dir='ltr'>Ἐδριίζειν.</span> <span class='ocrx_word' id='word_1_25' title='bbox 142 594 217 643; x_wconf 77' lang='grc' dir='ltr'>ἤδρασεν</span> <span class='ocrx_word' id='word_1_26' title='bbox 231 594 259 632; x_wconf 76' lang='grc' dir='ltr'>ἐπὶ</span> <span class='ocrx_word' id='word_1_27' title='bbox 273 596 304 632; x_wconf 83' lang='grc' dir='ltr'>τὸν</span> <span class='ocrx_word' id='word_1_28' title='bbox 316 594 389 643; x_wconf 74' lang='grc' dir='ltr'>ἀσφαλῆ</span> 
     </span>
     <span class='ocr_line' id='line_1_7' title="bbox 45 648 387 697; baseline -0.003 -9"><span class='ocrx_word' id='word_1_29' title='bbox 45 653 75 688; x_wconf 87' lang='grc' dir='ltr'>τοῦ</span> <span class='ocrx_word' id='word_1_30' title='bbox 99 649 143 688; x_wconf 83' lang='grc' dir='ltr'>ἰδίου</span> <span class='ocrx_word' id='word_1_31' title='bbox 169 648 279 695; x_wconf 76' lang='grc' dir='ltr'>βουλήματος</span> <span class='ocrx_word' id='word_1_32' title='bbox 302 648 387 697; x_wconf 81' lang='grc' dir='ltr'>θεμέλιον.</span> 
     </span>
     <span class='ocr_line' id='line_1_8' title="bbox 42 701 389 755; baseline -0.006 -12"><span class='ocrx_word' id='word_1_33' title='bbox 42 702 106 751; x_wconf 65' lang='lat' dir='ltr'>clem.</span> <span class='ocrx_word' id='word_1_34' title='bbox 116 701 128 740; x_wconf 87' lang='lat' dir='ltr'>I</span> <span class='ocrx_word' id='word_1_35' title='bbox 138 715 169 752; x_wconf 86' lang='grc'>33.</span> <span class='ocrx_word' id='word_1_36' title='bbox 196 703 302 755; x_wconf 73' lang='grc' dir='ltr'>ἐκκλησίᾳ..</span> <span class='ocrx_word' id='word_1_37' title='bbox 312 703 389 752; x_wconf 81' lang='grc' dir='ltr'>,ἡδρασ-</span> 
     </span>
    </p>
   </div>
   <div class='ocr_carea' id='block_1_3' title="bbox 45 756 417 810">
    <p class='ocr_par' dir='ltr' id='par_1_3' title="bbox 45 756 417 810">
     <span class='ocr_line' id='line_1_9' title="bbox 45 756 417 810; baseline 0.008 -17"><span class='ocrx_word' id='word_1_38' title='bbox 45 759 85 810; x_wconf 81' lang='grc' dir='ltr'>μένη</span> <span class='ocrx_word' id='word_1_39' title='bbox 95 757 113 794; x_wconf 80' lang='grc' dir='ltr'>ἐν</span> <span class='ocrx_word' id='word_1_40' title='bbox 122 758 192 806; x_wconf 77' lang='grc' dir='ltr'>ὁμονοίᾳ</span> <span class='ocrx_word' id='word_1_41' title='bbox 199 760 248 795; x_wconf 82' lang='grc' dir='ltr'>Θεοῦ.</span> <span class='ocrx_word' id='word_1_42' title='bbox 263 756 305 808; x_wconf 83' lang='lat' dir='ltr'>Ign.</span> <span class='ocrx_word' id='word_1_43' title='bbox 314 756 388 796; x_wconf 72' lang='lat' dir='ltr'>Philad.</span> <span class='ocrx_word' id='word_1_44' title='bbox 416 794 417 797; x_wconf 76' lang='grc'>,</span> 
     </span>
    </p>
   </div>
   <div class='ocr_carea' id='block_1_4' title="bbox 14 811 390 2061">
    <p class='ocr_par' dir='ltr' id='par_1_4' title="bbox 44 811 390 1026">
     <span class='ocr_line' id='line_1_10' title="bbox 45 811 388 861; baseline -0.003 -10"><span class='ocrx_word' id='word_1_45' title='bbox 45 812 105 851; x_wconf 80' lang='lat' dir='ltr'>Inscr.</span> <span class='ocrx_word' id='word_1_46' title='bbox 146 811 262 861; x_wconf 79' lang='grc' dir='ltr'>ἡδρασμένους</span> <span class='ocrx_word' id='word_1_47' title='bbox 284 813 302 849; x_wconf 81' lang='grc' dir='ltr'>ἐν</span> <span class='ocrx_word' id='word_1_48' title='bbox 325 813 388 861; x_wconf 80' lang='grc' dir='ltr'>ιίηάπη.</span> 
     </span>
     <span class='ocr_line' id='line_1_11' title="bbox 46 865 390 917; baseline -0.006 -12"><span class='ocrx_word' id='word_1_49' title='bbox 46 866 121 917; x_wconf 75' lang='lat' dir='ltr'>Smyrn.</span> <span class='ocrx_word' id='word_1_50' title='bbox 135 878 151 904; x_wconf 88' lang='grc' dir='ltr'>Ι.</span> <span class='ocrx_word' id='word_1_51' title='bbox 191 865 210 914; x_wconf 72' lang='grc' dir='ltr'>ἣν</span> <span class='ocrx_word' id='word_1_52' title='bbox 223 868 295 914; x_wconf 74' lang='grc' dir='ltr'>εὔχομαι</span> <span class='ocrx_word' id='word_1_53' title='bbox 308 867 390 915; x_wconf 81' lang='grc' dir='ltr'>ἑδρᾶσθαι</span> 
     </span>
     <span class='ocr_line' id='line_1_12' title="bbox 45 921 390 972; baseline -0.006 -12"><span class='ocrx_word' id='word_1_54' title='bbox 45 922 103 960; x_wconf 82' lang='grc' dir='ltr'>πίστει</span> <span class='ocrx_word' id='word_1_55' title='bbox 114 922 141 958; x_wconf 81' lang='grc' dir='ltr'>καί</span> <span class='ocrx_word' id='word_1_56' title='bbox 152 921 216 970; x_wconf 77' lang='grc' dir='ltr'>ἀγάπῃ.</span> <span class='ocrx_word' id='word_1_57' title='bbox 228 932 257 969; x_wconf 81' lang='grc'>13.</span> <span class='ocrx_word' id='word_1_58' title='bbox 286 923 316 969; x_wconf 81' lang='grc' dir='ltr'>την</span> <span class='ocrx_word' id='word_1_59' title='bbox 325 922 343 959; x_wconf 83' lang='grc' dir='ltr'>ἐν</span> <span class='ocrx_word' id='word_1_60' title='bbox 352 927 390 972; x_wconf 70' lang='grc' dir='ltr'>Θεῷ</span> 
     </span>
     <span class='ocr_line' id='line_1_13' title="bbox 44 974 340 1026; baseline -0.003 -13"><span class='ocrx_word' id='word_1_61' title='bbox 44 978 112 1026; x_wconf 67' lang='grc' dir='ltr'>γνώμην</span> <span class='ocrx_word' id='word_1_62' title='bbox 120 974 232 1024; x_wconf 85' lang='grc' dir='ltr'>ἡδρασμέυην.</span> <span class='ocrx_word' id='word_1_63' title='bbox 247 974 312 1026; x_wconf 75' lang='lat' dir='ltr'>Polyc.</span> <span class='ocrx_word' id='word_1_64' title='bbox 324 988 340 1013; x_wconf 89' lang='lat'>1.</span> 
     </span>
    </p>

    <p class='ocr_par' dir='ltr' id='par_1_5' title="bbox 17 1029 389 1190">
     <span class='ocr_line' id='line_1_14' title="bbox 17 1029 388 1081; baseline 0 -13"><span class='ocrx_word' id='word_1_65' title='bbox 17 1032 98 1080; x_wconf 83' lang='grc' dir='ltr'>Ἑδραῖας.</span> <span class='ocrx_word' id='word_1_66' title='bbox 142 1031 206 1079; x_wconf 82' lang='grc' dir='ltr'>ἑδραῖοι</span> <span class='ocrx_word' id='word_1_67' title='bbox 223 1032 244 1076; x_wconf 79' lang='grc' dir='ltr'>τῇ</span> <span class='ocrx_word' id='word_1_68' title='bbox 265 1031 328 1068; x_wconf 88' lang='grc' dir='ltr'>πίστει.</span> <span class='ocrx_word' id='word_1_69' title='bbox 344 1029 388 1081; x_wconf 80' lang='lat' dir='ltr'>Igu.</span> 
     </span>
     <span class='ocr_line' id='line_1_15' title="bbox 45 1083 389 1135; baseline -0.006 -12"><span class='ocrx_word' id='word_1_70' title='bbox 45 1083 95 1135; x_wconf 82' lang='lat' dir='ltr'>Eph.</span> <span class='ocrx_word' id='word_1_71' title='bbox 105 1096 134 1122; x_wconf 90' lang='lat'>10.</span> <span class='ocrx_word' id='word_1_72' title='bbox 161 1084 212 1132; x_wconf 82' lang='grc' dir='ltr'>Στῆθι</span> <span class='ocrx_word' id='word_1_73' title='bbox 221 1084 287 1131; x_wconf 81' lang='grc' dir='ltr'>ἑδραῖος</span> <span class='ocrx_word' id='word_1_74' title='bbox 296 1085 319 1123; x_wconf 77' lang='grc' dir='ltr'>ὥς</span> <span class='ocrx_word' id='word_1_75' title='bbox 327 1084 389 1132; x_wconf 80' lang='grc' dir='ltr'>ύίκμων.</span> 
     </span>
     <span class='ocr_line' id='line_1_16' title="bbox 45 1138 138 1190; baseline -0.011 -13"><span class='ocrx_word' id='word_1_76' title='bbox 45 1138 115 1190; x_wconf 75' lang='lat' dir='ltr'>Polyc.</span> <span class='ocrx_word' id='word_1_77' title='bbox 121 1151 138 1188; x_wconf 83' lang='lat'>3.</span> 
     </span>
    </p>

    <p class='ocr_par' dir='ltr' id='par_1_6' title="bbox 14 1193 389 1299">
     <span class='ocr_line' id='line_1_17' title="bbox 14 1193 389 1244; baseline -0.005 -13"><span class='ocrx_word' id='word_1_78' title='bbox 14 1193 78 1231; x_wconf 61' lang='lat' dir='ltr'>*anm</span> <span class='ocrx_word' id='word_1_79' title='bbox 107 1193 183 1230; x_wconf 80' lang='grc' dir='ltr'>Εἰὼθασι</span> <span class='ocrx_word' id='word_1_80' title='bbox 197 1193 230 1242; x_wconf 81' lang='grc' dir='ltr'>γάρ</span> <span class='ocrx_word' id='word_1_81' title='bbox 242 1207 286 1232; x_wconf 86' lang='grc' dir='ltr'>τινες</span> <span class='ocrx_word' id='word_1_82' title='bbox 299 1193 344 1244; x_wconf 76' lang='grc' dir='ltr'>δαλῷ</span> <span class='ocrx_word' id='word_1_83' title='bbox 358 1209 389 1231; x_wconf 82' lang='grc' dir='ltr'>το-</span> 
     </span>
     <span class='ocr_line' id='line_1_18' title="bbox 45 1246 243 1299; baseline 0.01 -5"><span class='ocrx_word' id='word_1_84' title='bbox 45 1251 96 1299; x_wconf 63' lang='grc' dir='ltr'>νινιῑ·</span> <span class='ocrx_word' id='word_1_85' title='bbox 111 1247 154 1297; x_wconf 73' lang='lat' dir='ltr'>Igu·</span> <span class='ocrx_word' id='word_1_86' title='bbox 165 1246 214 1298; x_wconf 74' lang='lat' dir='ltr'><strong>Eph·</strong></span> <span class='ocrx_word' id='word_1_87' title='bbox 226 1255 243 1296; x_wconf 88' lang='lat'>7-</span> 
     </span>
    </p>

    <p class='ocr_par' dir='ltr' id='par_1_7' title="bbox 18 1300 390 1407">
     <span class='ocr_line' id='line_1_19' title="bbox 18 1300 390 1351; baseline -0.003 -11"><span class='ocrx_word' id='word_1_88' title='bbox 18 1303 94 1348; x_wconf 76' lang='grc' dir='ltr'>Ἐθίζειν</span> <span class='ocrx_word' id='word_1_89' title='bbox 123 1302 153 1339; x_wconf 85' lang='grc' dir='ltr'>Ἐν</span> <span class='ocrx_word' id='word_1_90' title='bbox 162 1300 188 1340; x_wconf 81' lang='grc' dir='ltr'>αἰς</span> <span class='ocrx_word' id='word_1_91' title='bbox 200 1302 234 1351; x_wconf 83' lang='grc' dir='ltr'>γὰρ</span> <span class='ocrx_word' id='word_1_92' title='bbox 243 1302 314 1340; x_wconf 82' lang='grc' dir='ltr'>ἕκαστος</span> <span class='ocrx_word' id='word_1_93' title='bbox 323 1303 342 1339; x_wconf 82' lang='grc' dir='ltr'>ἐκ</span> <span class='ocrx_word' id='word_1_94' title='bbox 350 1317 390 1340; x_wconf 87' lang='grc' dir='ltr'>ται-</span> 
     </span>
     <span class='ocr_line' id='line_1_20' title="bbox 46 1355 378 1407; baseline 0 -13"><span class='ocrx_word' id='word_1_95' title='bbox 46 1357 95 1394; x_wconf 90' lang='grc' dir='ltr'>δόθεν</span> <span class='ocrx_word' id='word_1_96' title='bbox 104 1357 180 1401; x_wconf 82' lang='grc' dir='ltr'>ἐθίζεται.</span> <span class='ocrx_word' id='word_1_97' title='bbox 196 1355 255 1395; x_wconf 79' lang='lat' dir='ltr'>Olem.</span> <span class='ocrx_word' id='word_1_98' title='bbox 266 1355 342 1407; x_wconf 77' lang='lat' dir='ltr'>Fragm.</span> <span class='ocrx_word' id='word_1_99' title='bbox 353 1356 378 1395; x_wconf 77' lang='lat' dir='ltr'>vi.</span> 
     </span>
    </p>

    <p class='ocr_par' dir='ltr' id='par_1_8' title="bbox 14 1410 390 2061">
     <span class='ocr_line' id='line_1_21' title="bbox 14 1410 388 1461; baseline -0.003 -13"><span class='ocrx_word' id='word_1_100' title='bbox 14 1410 81 1450; x_wconf 76' lang='grc' dir='ltr'>Ἔθυος.</span> <span class='ocrx_word' id='word_1_101' title='bbox 122 1411 161 1459; x_wconf 76' lang='grc' dir='ltr'>ἕθνη</span> <span class='ocrx_word' id='word_1_102' title='bbox 183 1412 250 1460; x_wconf 76' lang='grc' dir='ltr'>μεγάλα</span> <span class='ocrx_word' id='word_1_103' title='bbox 272 1411 388 1461; x_wconf 78' lang='grc' dir='ltr'>ἐξερρίζαοεν.</span> 
     </span>
     <span class='ocr_line' id='line_1_22' title="bbox 46 1464 388 1515; baseline -0.006 -11"><span class='ocrx_word' id='word_1_104' title='bbox 46 1464 105 1504; x_wconf 76' lang='grc' dir='ltr'>(ίίθῐῐι.</span> <span class='ocrx_word' id='word_1_105' title='bbox 118 1464 157 1503; x_wconf 85' lang='grc' dir='ltr'>Ῑ6.</span> <span class='ocrx_word' id='word_1_106' title='bbox 198 1466 314 1515; x_wconf 76' lang='grc' dir='ltr'>ὑποδείγματα</span> <span class='ocrx_word' id='word_1_107' title='bbox 332 1466 388 1503; x_wconf 78' lang='grc' dir='ltr'>ἐθνῶν.</span> 
     </span>
     <span class='ocr_line' id='line_1_23' title="bbox 46 1520 389 1568; baseline 0 -12"><span class='ocrx_word' id='word_1_108' title='bbox 46 1528 79 1568; x_wconf 90' lang='lat'>55.</span> <span class='ocrx_word' id='word_1_109' title='bbox 107 1520 130 1567; x_wconf 81' lang='grc' dir='ltr'>μὴ</span> <span class='ocrx_word' id='word_1_110' title='bbox 141 1520 221 1568; x_wconf 79' lang='grc' dir='ltr'>ἀφορμὰς</span> <span class='ocrx_word' id='word_1_111' title='bbox 233 1521 288 1557; x_wconf 84' lang='grc' dir='ltr'>δίδοτε</span> <span class='ocrx_word' id='word_1_112' title='bbox 297 1523 332 1559; x_wconf 79' lang='grc' dir='ltr'>τοῖς</span> <span class='ocrx_word' id='word_1_113' title='bbox 344 1521 389 1557; x_wconf 68' lang='grc' dir='ltr'>ἔθνε-</span> 
     </span>
     <span class='ocr_line' id='line_1_24' title="bbox 46 1572 388 1625; baseline -0.003 -14"><span class='ocrx_word' id='word_1_114' title='bbox 46 1589 79 1612; x_wconf 91' lang='grc' dir='ltr'>σιν.</span> <span class='ocrx_word' id='word_1_115' title='bbox 95 1573 137 1625; x_wconf 83' lang='lat' dir='ltr'>Ign.</span> <span class='ocrx_word' id='word_1_116' title='bbox 148 1572 206 1612; x_wconf 81' lang='lat' dir='ltr'>Trall.</span> <span class='ocrx_word' id='word_1_117' title='bbox 218 1577 235 1613; x_wconf 87' lang='lat'>8.</span> <span class='ocrx_word' id='word_1_118' title='bbox 274 1573 307 1611; x_wconf 84' lang='grc' dir='ltr'>ε’ίτε</span> <span class='ocrx_word' id='word_1_119' title='bbox 320 1575 338 1611; x_wconf 80' lang='grc' dir='ltr'>έν</span> <span class='ocrx_word' id='word_1_120' title='bbox 346 1574 388 1611; x_wconf 89' lang='grc' dir='ltr'>Ἰαυ-</span> 
     </span>
     <span class='ocr_line' id='line_1_25' title="bbox 45 1627 388 1679; baseline 0.003 -13"><span class='ocrx_word' id='word_1_121' title='bbox 45 1630 103 1672; x_wconf 84' lang='grc' dir='ltr'>δαίοις,</span> <span class='ocrx_word' id='word_1_122' title='bbox 118 1627 152 1666; x_wconf 83' lang='grc' dir='ltr'>εἰτε</span> <span class='ocrx_word' id='word_1_123' title='bbox 166 1630 184 1665; x_wconf 77' lang='grc' dir='ltr'>ἐν</span> <span class='ocrx_word' id='word_1_124' title='bbox 197 1630 267 1668; x_wconf 73' lang='grc' dir='ltr'>ἔθνεσιν.</span> <span class='ocrx_word' id='word_1_125' title='bbox 284 1627 359 1679; x_wconf 72' lang='lat' dir='ltr'>Smyrn.</span> <span class='ocrx_word' id='word_1_126' title='bbox 372 1641 388 1667; x_wconf 88' lang='grc' dir='ltr'>Ι.</span> 
     </span>
     <span class='ocr_line' id='line_1_26' title="bbox 46 1682 388 1733; baseline 0.006 -13"><span class='ocrx_word' id='word_1_127' title='bbox 46 1684 74 1720; x_wconf 77' lang='grc' dir='ltr'>καὶ</span> <span class='ocrx_word' id='word_1_128' title='bbox 92 1684 153 1733; x_wconf 81' lang='grc' dir='ltr'>ἑτέραν</span> <span class='ocrx_word' id='word_1_129' title='bbox 171 1685 241 1720; x_wconf 80' lang='grc' dir='ltr'>πολλῶν</span> <span class='ocrx_word' id='word_1_130' title='bbox 257 1683 312 1721; x_wconf 83' lang='grc' dir='ltr'>ε’θνῶν,</span> <span class='ocrx_word' id='word_1_131' title='bbox 330 1682 388 1722; x_wconf 74' lang='lat' dir='ltr'>Mart.</span> 
     </span>
     <span class='ocr_line' id='line_1_27' title="bbox 46 1736 390 1788; baseline -0.003 -13"><span class='ocrx_word' id='word_1_132' title='bbox 46 1736 89 1788; x_wconf 83' lang='lat' dir='ltr'>Ign.</span> <span class='ocrx_word' id='word_1_133' title='bbox 101 1750 118 1775; x_wconf 86' lang='lat'>2.</span> <span class='ocrx_word' id='word_1_134' title='bbox 156 1739 198 1785; x_wconf 85' lang='grc' dir='ltr'>μετὰ</span> <span class='ocrx_word' id='word_1_135' title='bbox 214 1739 281 1775; x_wconf 86' lang='grc' dir='ltr'>πάντων</span> <span class='ocrx_word' id='word_1_136' title='bbox 296 1737 390 1775; x_wconf 76' lang='grc' dir='ltr'>ύττεισιέναι</span> 
     </span>
     <span class='ocr_line' id='line_1_28' title="bbox 46 1790 390 1840; baseline 0 -11"><span class='ocrx_word' id='word_1_137' title='bbox 46 1796 80 1829; x_wconf 77' lang='grc' dir='ltr'>τῶν</span> <span class='ocrx_word' id='word_1_138' title='bbox 94 1793 150 1830; x_wconf 77' lang='grc' dir='ltr'>ἐθνῶν.</span> <span class='ocrx_word' id='word_1_139' title='bbox 165 1790 190 1830; x_wconf 83' lang='lat' dir='ltr'>ib.</span> <span class='ocrx_word' id='word_1_140' title='bbox 228 1793 253 1829; x_wconf 81' lang='grc' dir='ltr'>Τὰ</span> <span class='ocrx_word' id='word_1_141' title='bbox 266 1793 343 1840; x_wconf 85' lang='grc' dir='ltr'>δαιμόνια</span> <span class='ocrx_word' id='word_1_142' title='bbox 356 1796 390 1829; x_wconf 78' lang='grc' dir='ltr'>τῶν</span> 
     </span>
     <span class='ocr_line' id='line_1_29' title="bbox 46 1846 389 1898; baseline 0 -15"><span class='ocrx_word' id='word_1_143' title='bbox 46 1847 102 1884; x_wconf 85' lang='grc' dir='ltr'>ε’θυῶν.</span> <span class='ocrx_word' id='word_1_144' title='bbox 118 1846 142 1884; x_wconf 82' lang='lat' dir='ltr'>ib.</span> <span class='ocrx_word' id='word_1_145' title='bbox 172 1851 206 1883; x_wconf 82' lang='grc' dir='ltr'>τῶν</span> <span class='ocrx_word' id='word_1_146' title='bbox 215 1847 233 1883; x_wconf 83' lang='grc' dir='ltr'>ἐν</span> <span class='ocrx_word' id='word_1_147' title='bbox 241 1850 265 1898; x_wconf 79' lang='grc' dir='ltr'>τῷ</span> <span class='ocrx_word' id='word_1_148' title='bbox 278 1847 342 1898; x_wconf 79' lang='grc' dir='ltr'>σταδίῳ</span> <span class='ocrx_word' id='word_1_149' title='bbox 351 1846 389 1884; x_wconf 78' lang='grc' dir='ltr'>ἀνό-</span> 
     </span>
     <span class='ocr_line' id='line_1_30' title="bbox 45 1899 390 1951; baseline 0 -14"><span class='ocrx_word' id='word_1_150' title='bbox 45 1916 83 1949; x_wconf 85' lang='grc' dir='ltr'>μων</span> <span class='ocrx_word' id='word_1_151' title='bbox 96 1902 153 1939; x_wconf 77' lang='grc' dir='ltr'>ἐθνῶν,</span> <span class='ocrx_word' id='word_1_152' title='bbox 168 1899 226 1939; x_wconf 70' lang='lat' dir='ltr'>Mart.</span> <span class='ocrx_word' id='word_1_153' title='bbox 240 1899 304 1951; x_wconf 77' lang='lat' dir='ltr'>Polyc.</span> <span class='ocrx_word' id='word_1_154' title='bbox 316 1913 333 1950; x_wconf 85' lang='lat'>9.</span> <span class='ocrx_word' id='word_1_155' title='bbox 361 1902 390 1937; x_wconf 62' lang='grc' dir='ltr'>»τδ</span> 
     </span>
     <span class='ocr_line' id='line_1_31' title="bbox 45 1956 388 2003; baseline 0 -10"><span class='ocrx_word' id='word_1_156' title='bbox 45 1956 111 2003; x_wconf 76' lang='grc' dir='ltr'>πλῆθος</span> <span class='ocrx_word' id='word_1_157' title='bbox 125 1956 178 1993; x_wconf 80' lang='grc' dir='ltr'>ε’θνῶν</span> <span class='ocrx_word' id='word_1_158' title='bbox 186 1970 205 1992; x_wconf 88' lang='grc' dir='ltr'>τε</span> <span class='ocrx_word' id='word_1_159' title='bbox 219 1957 245 1992; x_wconf 84' lang='grc' dir='ltr'>καὶ</span> <span class='ocrx_word' id='word_1_160' title='bbox 254 1956 345 1992; x_wconf 83' lang='grc' dir='ltr'>Ἰουδαίων.</span> <span class='ocrx_word' id='word_1_161' title='bbox 358 1967 388 1993; x_wconf 84' lang='lat'>12.</span> 
     </span>
     <span class='ocr_line' id='line_1_32' title="bbox 47 2011 389 2061; baseline 0 -14"><span class='ocrx_word' id='word_1_162' title='bbox 47 2011 80 2047; x_wconf 83' lang='grc' dir='ltr'>ὑπὸ</span> <span class='ocrx_word' id='word_1_163' title='bbox 93 2015 128 2048; x_wconf 82' lang='grc' dir='ltr'>τῶν</span> <span class='ocrx_word' id='word_1_164' title='bbox 140 2011 192 2047; x_wconf 80' lang='grc' dir='ltr'>ἐθνῶν</span> <span class='ocrx_word' id='word_1_165' title='bbox 203 2011 221 2047; x_wconf 82' lang='grc' dir='ltr'>ἐν</span> <span class='ocrx_word' id='word_1_166' title='bbox 234 2011 284 2048; x_wconf 84' lang='grc' dir='ltr'>παντὶ</span> <span class='ocrx_word' id='word_1_167' title='bbox 297 2011 344 2061; x_wconf 77' lang='grc' dir='ltr'>τόπῳ</span> <span class='ocrx_word' id='word_1_168' title='bbox 358 2012 389 2047; x_wconf 87' lang='grc' dir='ltr'>λα-</span> 
     </span>
    </p>
   </div>
   <div class='ocr_carea' id='block_1_5' title="bbox 46 2065 162 2113">
    <p class='ocr_par' dir='ltr' id='par_1_9' title="bbox 46 2065 162 2113">
     <span class='ocr_line' id='line_1_33' title="bbox 46 2065 162 2113; baseline 0.017 -12"><span class='ocrx_word' id='word_1_169' title='bbox 46 2065 119 2103; x_wconf 87' lang='grc' dir='ltr'>λεῖσθαι.</span> <span class='ocrx_word' id='word_1_170' title='bbox 133 2077 162 2113; x_wconf 88' lang='lat'>19.</span> 
     </span>
    </p>
   </div>
   <div class='ocr_carea' id='block_1_6' title="bbox 757 266 827 310">
    <p class='ocr_par' dir='ltr' id='par_1_10' title="bbox 757 266 827 310">
     <span class='ocr_line' id='line_1_34' title="bbox 757 266 827 310; baseline -0.014 0"><span class='ocrx_word' id='word_1_171' title='bbox 757 266 827 310; x_wconf 54' lang='lat'>45‘</span> 
     </span>
    </p>
   </div>
   <div class='ocr_carea' id='block_1_7' title="bbox 440 376 832 2056">
    <p class='ocr_par' dir='ltr' id='par_1_11' title="bbox 440 376 788 752">
     <span class='ocr_line' id='line_1_35' title="bbox 442 376 787 428; baseline 0.006 -13"><span class='ocrx_word' id='word_1_172' title='bbox 442 376 490 416; x_wconf 83' lang='lat' dir='ltr'>Phil.</span> <span class='ocrx_word' id='word_1_173' title='bbox 503 391 519 428; x_wconf 92' lang='lat'>9.</span> <span class='ocrx_word' id='word_1_174' title='bbox 554 377 616 425; x_wconf 77' lang='grc' dir='ltr'>ἴδωμεν</span> <span class='ocrx_word' id='word_1_175' title='bbox 632 380 655 418; x_wconf 82' lang='grc' dir='ltr'>ὡς</span> <span class='ocrx_word' id='word_1_176' title='bbox 671 380 719 417; x_wconf 79' lang='grc' dir='ltr'>ἔστιν</span> <span class='ocrx_word' id='word_1_177' title='bbox 732 381 787 428; x_wconf 87' lang='grc' dir='ltr'>τίμιον</span> 
     </span>
     <span class='ocr_line' id='line_1_36' title="bbox 442 431 787 483; baseline 0.006 -14"><span class='ocrx_word' id='word_1_178' title='bbox 442 435 466 483; x_wconf 72' lang='grc' dir='ltr'>τῷ</span> <span class='ocrx_word' id='word_1_179' title='bbox 476 436 520 483; x_wconf 77' lang='grc' dir='ltr'>Θεῷ.</span> <span class='ocrx_word' id='word_1_180' title='bbox 532 431 591 471; x_wconf 74' lang='lat' dir='ltr'>Olem.</span> <span class='ocrx_word' id='word_1_181' title='bbox 603 432 613 470; x_wconf 90' lang='lat' dir='ltr'>I</span> <span class='ocrx_word' id='word_1_182' title='bbox 624 440 641 481; x_wconf 97' lang='lat'>7.</span> <span class='ocrx_word' id='word_1_183' title='bbox 666 432 727 481; x_wconf 77' lang='grc' dir='ltr'>ἴδωμεν</span> <span class='ocrx_word' id='word_1_184' title='bbox 736 436 787 472; x_wconf 80' lang='grc' dir='ltr'>αὐτὸν</span> 
     </span>
     <span class='ocr_line' id='line_1_37' title="bbox 443 486 787 538; baseline 0.009 -15"><span class='ocrx_word' id='word_1_185' title='bbox 443 486 485 523; x_wconf 75' lang='grc' dir='ltr'>κατὰ</span> <span class='ocrx_word' id='word_1_186' title='bbox 492 487 570 524; x_wconf 81' lang='grc' dir='ltr'>διάνοιαν.</span> <span class='ocrx_word' id='word_1_187' title='bbox 588 499 617 536; x_wconf 84' lang='lat'>19.</span> <span class='ocrx_word' id='word_1_188' title='bbox 634 486 707 536; x_wconf 82' lang='grc' dir='ltr'>Ἰδωμεν</span> <span class='ocrx_word' id='word_1_189' title='bbox 713 492 749 527; x_wconf 79' lang='grc' dir='ltr'>πῶς</span> <span class='ocrx_word' id='word_1_190' title='bbox 758 490 787 538; x_wconf 77' lang='grc' dir='ltr'>ἐγ-</span> 
     </span>
     <span class='ocr_line' id='line_1_38' title="bbox 442 540 787 590; baseline 0.009 -13"><span class='ocrx_word' id='word_1_191' title='bbox 442 540 474 590; x_wconf 84' lang='grc' dir='ltr'>γύς</span> <span class='ocrx_word' id='word_1_192' title='bbox 483 542 535 578; x_wconf 81' lang='grc' dir='ltr'>ἐστιν.</span> <span class='ocrx_word' id='word_1_193' title='bbox 547 552 577 578; x_wconf 78' lang='lat'>21.</span> <span class='ocrx_word' id='word_1_194' title='bbox 592 540 666 589; x_wconf 75' lang='grc' dir='ltr'>Ἴδωμεν</span> <span class='ocrx_word' id='word_1_195' title='bbox 672 571 687 580; x_wconf 89' lang='grc'>,.</span> <span class='ocrx_word' id='word_1_196' title='bbox 697 543 736 590; x_wconf 76' lang='grc' dir='ltr'>,τὴν</span> <span class='ocrx_word' id='word_1_197' title='bbox 745 544 787 580; x_wconf 80' lang='grc' dir='ltr'>κατὰ</span> 
     </span>
     <span class='ocr_line' id='line_1_39' title="bbox 443 595 785 645; baseline 0.009 -13"><span class='ocrx_word' id='word_1_198' title='bbox 443 596 500 645; x_wconf 80' lang='grc' dir='ltr'>καιρὸν</span> <span class='ocrx_word' id='word_1_199' title='bbox 526 595 612 645; x_wconf 73' lang='grc' dir='ltr'>γινομένην</span> <span class='ocrx_word' id='word_1_200' title='bbox 636 596 735 634; x_wconf 78' lang='grc' dir='ltr'>ἀνάστασιν.</span> <span class='ocrx_word' id='word_1_201' title='bbox 755 609 785 644; x_wconf 84' lang='lat'>24.</span> 
     </span>
     <span class='ocr_line' id='line_1_40' title="bbox 440 648 785 699; baseline 0.012 -13"><span class='ocrx_word' id='word_1_202' title='bbox 440 648 512 696; x_wconf 77' lang='grc' dir='ltr'>Ἰδωμεν</span> <span class='ocrx_word' id='word_1_203' title='bbox 522 651 542 686; x_wconf 89' lang='grc' dir='ltr'>τδ</span> <span class='ocrx_word' id='word_1_204' title='bbox 554 649 651 699; x_wconf 79' lang='grc' dir='ltr'>παράδοξον</span> <span class='ocrx_word' id='word_1_205' title='bbox 663 653 737 698; x_wconf 82' lang='grc' dir='ltr'>σημεῖον.</span> <span class='ocrx_word' id='word_1_206' title='bbox 754 659 785 699; x_wconf 86' lang='lat'>25.</span> 
     </span>
     <span class='ocr_line' id='line_1_41' title="bbox 443 702 788 752; baseline 0.009 -12"><span class='ocrx_word' id='word_1_207' title='bbox 443 702 505 752; x_wconf 84' lang='grc' dir='ltr'>’ίδωμεν</span> <span class='ocrx_word' id='word_1_208' title='bbox 514 702 558 741; x_wconf 90' lang='grc' dir='ltr'>τίνες</span> <span class='ocrx_word' id='word_1_209' title='bbox 570 705 588 741; x_wconf 87' lang='grc' dir='ltr'>αί</span> <span class='ocrx_word' id='word_1_210' title='bbox 601 704 643 741; x_wconf 88' lang='grc' dir='ltr'>ὁδοί.</span> <span class='ocrx_word' id='word_1_211' title='bbox 659 715 690 752; x_wconf 79' lang='grc'>31.</span> <span class='ocrx_word' id='word_1_212' title='bbox 715 705 788 752; x_wconf 76' lang='grc' dir='ltr'>Ἴδωμεν</span> 
     </span>
    </p>

    <p class='ocr_par' dir='ltr' id='par_1_12' title="bbox 443 754 832 2056">
     <span class='ocr_line' id='line_1_42' title="bbox 444 754 832 808; baseline 0.005 -13"><span class='ocrx_word' id='word_1_213' title='bbox 444 758 470 796; x_wconf 77' lang='grc' dir='ltr'>ὅτι</span> <span class='ocrx_word' id='word_1_214' title='bbox 479 760 499 795; x_wconf 92' lang='grc' dir='ltr'>τδ</span> <span class='ocrx_word' id='word_1_215' title='bbox 511 758 529 795; x_wconf 86' lang='grc' dir='ltr'>ε’ν</span> <span class='ocrx_word' id='word_1_216' title='bbox 538 755 594 807; x_wconf 73' lang='grc' dir='ltr'>ἔργοις</span> <span class='ocrx_word' id='word_1_217' title='bbox 607 759 682 807; x_wconf 77' lang='grc' dir='ltr'>ἀγαθαῖς.</span> <span class='ocrx_word' id='word_1_218' title='bbox 698 771 729 808; x_wconf 85' lang='grc'>33.</span> <span class='ocrx_word' id='word_1_219' title='bbox 758 761 787 797; x_wconf 81' lang='grc' dir='ltr'>Εἰ·</span> <span class='ocrx_word' id='word_1_220' title='bbox 830 754 832 757; x_wconf 37' lang='lat'><strong>⁴</strong></span> 
     </span>
     <span class='ocr_line' id='line_1_43' title="bbox 443 812 788 862; baseline 0.003 -12"><span class='ocrx_word' id='word_1_221' title='bbox 443 813 489 850; x_wconf 84' lang='grc' dir='ltr'>δὲναι</span> <span class='ocrx_word' id='word_1_222' title='bbox 501 813 544 860; x_wconf 82' lang='grc' dir='ltr'>ἡμᾶς</span> <span class='ocrx_word' id='word_1_223' title='bbox 555 813 586 850; x_wconf 83' lang='grc' dir='ltr'>δεῖ.</span> <span class='ocrx_word' id='word_1_224' title='bbox 597 812 619 850; x_wconf 87' lang='grc' dir='ltr'>Π</span> <span class='ocrx_word' id='word_1_225' title='bbox 627 820 644 862; x_wconf 97' lang='grc'>7.</span> <span class='ocrx_word' id='word_1_226' title='bbox 665 812 738 861; x_wconf 72' lang='grc' dir='ltr'>ἠξιώθην</span> <span class='ocrx_word' id='word_1_227' title='bbox 747 814 788 851; x_wconf 81' lang='grc' dir='ltr'>ἰδεῖν</span> 
     </span>
     <span class='ocr_line' id='line_1_44' title="bbox 443 866 788 918; baseline 0.003 -14"><span class='ocrx_word' id='word_1_228' title='bbox 443 868 491 913; x_wconf 75' lang='grc' dir='ltr'>ὑμᾶς.</span> <span class='ocrx_word' id='word_1_229' title='bbox 506 866 625 918; x_wconf 76' lang='lat' dir='ltr'>Ign.·Magn.</span> <span class='ocrx_word' id='word_1_230' title='bbox 638 880 654 906; x_wconf 82' lang='lat'>2.</span> <span class='ocrx_word' id='word_1_231' title='bbox 687 868 728 905; x_wconf 78' lang='grc' dir='ltr'>ἰδεῖν</span> <span class='ocrx_word' id='word_1_232' title='bbox 742 868 788 916; x_wconf 78' lang='grc' dir='ltr'>ὑμῶν</span> 
     </span>
     <span class='ocr_line' id='line_1_45' title="bbox 443 920 786 971; baseline 0.003 -13"><span class='ocrx_word' id='word_1_233' title='bbox 443 923 465 959; x_wconf 82' lang='grc' dir='ltr'>τὰ</span> <span class='ocrx_word' id='word_1_234' title='bbox 474 921 543 968; x_wconf 78' lang='grc' dir='ltr'>θξιόθεα</span> <span class='ocrx_word' id='word_1_235' title='bbox 551 923 641 971; x_wconf 79' lang='grc' dir='ltr'>πρόσωπα.</span> <span class='ocrx_word' id='word_1_236' title='bbox 655 920 710 960; x_wconf 87' lang='lat' dir='ltr'>Rom.</span> <span class='ocrx_word' id='word_1_237' title='bbox 722 933 737 959; x_wconf 87' lang='lat'>1.</span> <span class='ocrx_word' id='word_1_238' title='bbox 762 923 786 959; x_wconf 88' lang='grc' dir='ltr'>εἰ-</span> 
     </span>
     <span class='ocr_line' id='line_1_46' title="bbox 444 976 788 1024; baseline 0.003 -11"><span class='ocrx_word' id='word_1_239' title='bbox 444 977 477 1015; x_wconf 85' lang='grc' dir='ltr'>δὼς</span> <span class='ocrx_word' id='word_1_240' title='bbox 486 977 507 1013; x_wconf 86' lang='grc' dir='ltr'>τὰ</span> <span class='ocrx_word' id='word_1_241' title='bbox 517 976 610 1024; x_wconf 75' lang='grc' dir='ltr'>συνίχοντά</span> <span class='ocrx_word' id='word_1_242' title='bbox 619 991 646 1024; x_wconf 88' lang='grc' dir='ltr'>με.</span> <span class='ocrx_word' id='word_1_243' title='bbox 658 976 675 1022; x_wconf 82' lang='lat'>6.</span> <span class='ocrx_word' id='word_1_244' title='bbox 698 978 752 1015; x_wconf 78' lang='grc' dir='ltr'>Εἰδὼς</span> <span class='ocrx_word' id='word_1_245' title='bbox 761 976 788 1014; x_wconf 76' lang='grc' dir='ltr'>ὅτι</span> 
     </span>
     <span class='ocr_line' id='line_1_47' title="bbox 444 1030 788 1082; baseline 0.009 -15"><span class='ocrx_word' id='word_1_246' title='bbox 444 1033 488 1068; x_wconf 77' lang='grc' dir='ltr'>θεοῦ</span> <span class='ocrx_word' id='word_1_247' title='bbox 505 1030 571 1080; x_wconf 87' lang='grc' dir='ltr'>γέμετε.</span> <span class='ocrx_word' id='word_1_248' title='bbox 589 1030 653 1082; x_wconf 79' lang='lat' dir='ltr'>Magn.</span> <span class='ocrx_word' id='word_1_249' title='bbox 667 1043 696 1078; x_wconf 84' lang='lat'>14.</span> <span class='ocrx_word' id='word_1_250' title='bbox 739 1032 788 1070; x_wconf 81' lang='grc' dir='ltr'>εἰδὼς</span> 
     </span>
     <span class='ocr_line' id='line_1_48' title="bbox 443 1084 786 1136; baseline 0.006 -14"><span class='ocrx_word' id='word_1_251' title='bbox 443 1085 470 1122; x_wconf 78' lang='grc' dir='ltr'>ύτι</span> <span class='ocrx_word' id='word_1_252' title='bbox 480 1086 507 1122; x_wconf 81' lang='grc' dir='ltr'>καὶ</span> <span class='ocrx_word' id='word_1_253' title='bbox 518 1085 565 1132; x_wconf 78' lang='grc' dir='ltr'>ὑμεῖς</span> <span class='ocrx_word' id='word_1_254' title='bbox 576 1084 629 1123; x_wconf 69' lang='grc' dir='ltr'>οὕτως</span> <span class='ocrx_word' id='word_1_255' title='bbox 640 1087 693 1134; x_wconf 83' lang='grc' dir='ltr'>έχετε.</span> <span class='ocrx_word' id='word_1_256' title='bbox 709 1085 786 1136; x_wconf 75' lang='lat' dir='ltr'>Smyrn.</span> 
     </span>
     <span class='ocr_line' id='line_1_49' title="bbox 444 1139 786 1188; baseline 0.006 -12"><span class='ocrx_word' id='word_1_257' title='bbox 444 1151 462 1187; x_wconf 90' lang='lat'>4.</span> <span class='ocrx_word' id='word_1_258' title='bbox 496 1140 544 1178; x_wconf 79' lang='grc' dir='ltr'>εἰδὼς</span> <span class='ocrx_word' id='word_1_259' title='bbox 560 1139 589 1177; x_wconf 86' lang='grc' dir='ltr'>ούν</span> <span class='ocrx_word' id='word_1_260' title='bbox 603 1141 650 1188; x_wconf 80' lang='grc' dir='ltr'>ὑμῶν</span> <span class='ocrx_word' id='word_1_261' title='bbox 663 1142 683 1177; x_wconf 86' lang='grc' dir='ltr'>τδ</span> <span class='ocrx_word' id='word_1_262' title='bbox 699 1140 786 1178; x_wconf 74' lang='grc' dir='ltr'>σύντονον.</span> 
     </span>
     <span class='ocr_line' id='line_1_50' title="bbox 444 1192 786 1247; baseline 0.003 -16"><span class='ocrx_word' id='word_1_263' title='bbox 444 1192 506 1244; x_wconf 78' lang='lat' dir='ltr'>Polyc.</span> <span class='ocrx_word' id='word_1_264' title='bbox 519 1200 536 1242; x_wconf 97' lang='lat'>7.</span> <span class='ocrx_word' id='word_1_265' title='bbox 567 1196 597 1231; x_wconf 85' lang='grc' dir='ltr'>τδν</span> <span class='ocrx_word' id='word_1_266' title='bbox 608 1194 629 1231; x_wconf 77' lang='grc' dir='ltr'>τὰ</span> <span class='ocrx_word' id='word_1_267' title='bbox 645 1194 708 1247; x_wconf 89' lang='grc' dir='ltr'>κρύφια</span> <span class='ocrx_word' id='word_1_268' title='bbox 724 1195 786 1233; x_wconf 86' lang='grc' dir='ltr'>εἰδότα.</span> 
     </span>
     <span class='ocr_line' id='line_1_51' title="bbox 444 1247 787 1299; baseline 0.003 -13"><span class='ocrx_word' id='word_1_269' title='bbox 444 1247 508 1299; x_wconf 73' lang='lat' dir='ltr'>Magn.</span> <span class='ocrx_word' id='word_1_270' title='bbox 521 1260 538 1297; x_wconf 84' lang='lat'>3.</span> <span class='ocrx_word' id='word_1_271' title='bbox 566 1249 629 1286; x_wconf 85' lang='grc' dir='ltr'>εἰδότες</span> <span class='ocrx_word' id='word_1_272' title='bbox 638 1248 664 1286; x_wconf 80' lang='grc' dir='ltr'>δτι</span> <span class='ocrx_word' id='word_1_273' title='bbox 672 1249 736 1297; x_wconf 80' lang='grc' dir='ltr'>χάριτι.</span> <span class='ocrx_word' id='word_1_274' title='bbox 750 1249 787 1287; x_wconf 86' lang='lat' dir='ltr'>Po·</span> 
     </span>
     <span class='ocr_line' id='line_1_52' title="bbox 444 1301 786 1353; baseline 0.003 -14"><span class='ocrx_word' id='word_1_275' title='bbox 444 1302 479 1353; x_wconf 79' lang='lat' dir='ltr'>lyc.</span> <span class='ocrx_word' id='word_1_276' title='bbox 490 1301 538 1341; x_wconf 85' lang='lat' dir='ltr'>Phil.</span> <span class='ocrx_word' id='word_1_277' title='bbox 551 1314 567 1340; x_wconf 92' lang='grc' dir='ltr'>Ι.</span> <span class='ocrx_word' id='word_1_278' title='bbox 596 1303 665 1341; x_wconf 83' lang='grc' dir='ltr'>Εἶδύτες</span> <span class='ocrx_word' id='word_1_279' title='bbox 678 1302 710 1344; x_wconf 65' lang='grc' dir='ltr'>σύν,</span> <span class='ocrx_word' id='word_1_280' title='bbox 718 1302 745 1340; x_wconf 78' lang='grc' dir='ltr'>ὅτι</span> <span class='ocrx_word' id='word_1_281' title='bbox 757 1305 786 1341; x_wconf 84' lang='grc' dir='ltr'>αιἰ-</span> 
     </span>
     <span class='ocr_line' id='line_1_53' title="bbox 444 1356 784 1406; baseline 0.006 -12"><span class='ocrx_word' id='word_1_282' title='bbox 444 1358 476 1395; x_wconf 88' lang='grc' dir='ltr'>δέν.</span> <span class='ocrx_word' id='word_1_283' title='bbox 487 1370 504 1405; x_wconf 85' lang='lat'>4.</span> <span class='ocrx_word' id='word_1_284' title='bbox 535 1356 608 1395; x_wconf 85' lang='grc' dir='ltr'>Εἰδύτες</span> <span class='ocrx_word' id='word_1_285' title='bbox 618 1356 648 1394; x_wconf 85' lang='grc' dir='ltr'>σύν</span> <span class='ocrx_word' id='word_1_286' title='bbox 662 1356 688 1394; x_wconf 81' lang='grc' dir='ltr'>ύτι</span> <span class='ocrx_word' id='word_1_287' title='bbox 703 1359 750 1396; x_wconf 84' lang='grc' dir='ltr'>θεός.</span> <span class='ocrx_word' id='word_1_288' title='bbox 766 1366 784 1406; x_wconf 86' lang='grc'>5.</span> 
     </span>
     <span class='ocr_line' id='line_1_54' title="bbox 444 1411 785 1460; baseline 0.006 -12"><span class='ocrx_word' id='word_1_289' title='bbox 444 1413 506 1450; x_wconf 83' lang='grc' dir='ltr'>εἰδότες</span> <span class='ocrx_word' id='word_1_290' title='bbox 518 1411 544 1448; x_wconf 81' lang='grc' dir='ltr'>δτι</span> <span class='ocrx_word' id='word_1_291' title='bbox 556 1411 717 1460; x_wconf 77' lang='grc' dir='ltr'>πάντεςύφειλέται</span> <span class='ocrx_word' id='word_1_292' title='bbox 728 1413 785 1460; x_wconf 79' lang='grc' dir='ltr'>ἐσμέν.</span> 
     </span>
     <span class='ocr_line' id='line_1_55' title="bbox 445 1465 786 1516; baseline 0.003 -13"><span class='ocrx_word' id='word_1_293' title='bbox 445 1467 462 1504; x_wconf 86' lang='grc'>6,</span> <span class='ocrx_word' id='word_1_294' title='bbox 499 1466 522 1514; x_wconf 73' lang='grc' dir='ltr'>μὴ</span> <span class='ocrx_word' id='word_1_295' title='bbox 542 1465 604 1504; x_wconf 86' lang='grc' dir='ltr'>εἰδότες</span> <span class='ocrx_word' id='word_1_296' title='bbox 622 1465 649 1503; x_wconf 79' lang='grc' dir='ltr'>ὅτι</span> <span class='ocrx_word' id='word_1_297' title='bbox 667 1466 786 1516; x_wconf 80' lang='grc' dir='ltr'>ὁὛφιστος.</span> 
     </span>
     <span class='ocr_line' id='line_1_56' title="bbox 444 1519 787 1568; baseline 0.003 -10"><span class='ocrx_word' id='word_1_298' title='bbox 444 1519 503 1559; x_wconf 77' lang='lat' dir='ltr'>Olem.</span> <span class='ocrx_word' id='word_1_299' title='bbox 519 1519 530 1557; x_wconf 90' lang='lat' dir='ltr'>I</span> <span class='ocrx_word' id='word_1_300' title='bbox 544 1528 575 1568; x_wconf 82' lang='lat'>45.</span> <span class='ocrx_word' id='word_1_301' title='bbox 605 1521 639 1557; x_wconf 82' lang='grc' dir='ltr'>οὔκ</span> <span class='ocrx_word' id='word_1_302' title='bbox 654 1520 716 1566; x_wconf 78' lang='grc' dir='ltr'>εἰδότες</span> <span class='ocrx_word' id='word_1_303' title='bbox 734 1522 787 1559; x_wconf 86' lang='grc' dir='ltr'>πόθεν</span> 
     </span>
     <span class='ocr_line' id='line_1_57' title="bbox 444 1574 787 1622; baseline 0 -10"><span class='ocrx_word' id='word_1_304' title='bbox 444 1574 541 1622; x_wconf 77' lang='grc' dir='ltr'>ε’κλίηθημεν.</span> <span class='ocrx_word' id='word_1_305' title='bbox 557 1574 580 1612; x_wconf 91' lang='grc' dir='ltr'>Π</span> <span class='ocrx_word' id='word_1_306' title='bbox 591 1585 607 1612; x_wconf 92' lang='lat'>1.</span> <span class='ocrx_word' id='word_1_307' title='bbox 643 1574 706 1613; x_wconf 81' lang='grc' dir='ltr'>εἰδότες</span> <span class='ocrx_word' id='word_1_308' title='bbox 724 1574 750 1612; x_wconf 78' lang='grc' dir='ltr'>ὅτι</span> <span class='ocrx_word' id='word_1_309' title='bbox 768 1577 787 1612; x_wconf 77' lang='grc' dir='ltr'>ἐν</span> 
     </span>
     <span class='ocr_line' id='line_1_58' title="bbox 443 1629 786 1679; baseline 0 -13"><span class='ocrx_word' id='word_1_310' title='bbox 443 1631 504 1679; x_wconf 77' lang='grc' dir='ltr'>χερσὶν</span> <span class='ocrx_word' id='word_1_311' title='bbox 517 1631 527 1665; x_wconf 92' lang='grc' dir='ltr'>ὁ</span> <span class='ocrx_word' id='word_1_312' title='bbox 541 1629 587 1666; x_wconf 87' lang='grc' dir='ltr'>αἶών,</span> <span class='ocrx_word' id='word_1_313' title='bbox 602 1636 619 1678; x_wconf 89' lang='lat'>7.</span> <span class='ocrx_word' id='word_1_314' title='bbox 644 1629 692 1668; x_wconf 83' lang='grc' dir='ltr'>εἰδὼς</span> <span class='ocrx_word' id='word_1_315' title='bbox 706 1629 752 1677; x_wconf 82' lang='grc' dir='ltr'>ἡμῶν</span> <span class='ocrx_word' id='word_1_316' title='bbox 764 1631 786 1666; x_wconf 82' lang='grc' dir='ltr'>τὰ</span> 
     </span>
     <span class='ocr_line' id='line_1_59' title="bbox 444 1682 788 1733; baseline 0.003 -13"><span class='ocrx_word' id='word_1_317' title='bbox 444 1685 462 1720; x_wconf 78' lang='grc' dir='ltr'>ἐν</span> <span class='ocrx_word' id='word_1_318' title='bbox 473 1684 537 1733; x_wconf 78' lang='grc' dir='ltr'>καρδίᾳ.</span> <span class='ocrx_word' id='word_1_319' title='bbox 553 1696 571 1732; x_wconf 85' lang='lat'>9.</span> <span class='ocrx_word' id='word_1_320' title='bbox 606 1684 669 1721; x_wconf 80' lang='grc' dir='ltr'>εἰδότες</span> <span class='ocrx_word' id='word_1_321' title='bbox 682 1682 708 1720; x_wconf 79' lang='grc' dir='ltr'>ὅτι</span> <span class='ocrx_word' id='word_1_322' title='bbox 723 1684 788 1730; x_wconf 89' lang='grc' dir='ltr'>δίσσην</span> 
     </span>
     <span class='ocr_line' id='line_1_60' title="bbox 443 1736 787 1787; baseline 0.003 -13"><span class='ocrx_word' id='word_1_323' title='bbox 443 1738 512 1784; x_wconf 80' lang='grc' dir='ltr'>ἕξουσιν</span> <span class='ocrx_word' id='word_1_324' title='bbox 521 1738 551 1785; x_wconf 85' lang='grc' dir='ltr'>τὴν</span> <span class='ocrx_word' id='word_1_325' title='bbox 560 1738 622 1787; x_wconf 80' lang='grc' dir='ltr'>κρίσιν.</span> <span class='ocrx_word' id='word_1_326' title='bbox 634 1749 663 1775; x_wconf 88' lang='lat'>10.</span> <span class='ocrx_word' id='word_1_327' title='bbox 691 1736 709 1776; x_wconf 77' lang='grc' dir='ltr'>ὃς</span> <span class='ocrx_word' id='word_1_328' title='bbox 718 1739 758 1775; x_wconf 79' lang='grc' dir='ltr'>ἰδὼν</span> <span class='ocrx_word' id='word_1_329' title='bbox 767 1740 787 1775; x_wconf 86' lang='grc' dir='ltr'>τὸ</span> 
     </span>
     <span class='ocr_line' id='line_1_61' title="bbox 443 1790 786 1841; baseline 0.003 -12"><span class='ocrx_word' id='word_1_330' title='bbox 443 1794 526 1830; x_wconf 84' lang='grc' dir='ltr'>ταπεινόν.</span> <span class='ocrx_word' id='word_1_331' title='bbox 541 1790 552 1829; x_wconf 83' lang='grc' dir='ltr'>Ι</span> <span class='ocrx_word' id='word_1_332' title='bbox 567 1799 598 1840; x_wconf 88' lang='lat'>55.</span> <span class='ocrx_word' id='word_1_333' title='bbox 633 1792 673 1828; x_wconf 78' lang='grc' dir='ltr'>ἰδὼν</span> <span class='ocrx_word' id='word_1_334' title='bbox 691 1792 712 1828; x_wconf 85' lang='grc' dir='ltr'>τὰ</span> <span class='ocrx_word' id='word_1_335' title='bbox 730 1793 786 1841; x_wconf 85' lang='grc' dir='ltr'>θηρία.</span> 
     </span>
     <span class='ocr_line' id='line_1_62' title="bbox 444 1845 788 1897; baseline 0 -14"><span class='ocrx_word' id='word_1_336' title='bbox 444 1845 501 1885; x_wconf 71' lang='lat' dir='ltr'>Mart.</span> <span class='ocrx_word' id='word_1_337' title='bbox 509 1845 571 1897; x_wconf 81' lang='lat' dir='ltr'>Polyc.</span> <span class='ocrx_word' id='word_1_338' title='bbox 580 1858 597 1893; x_wconf 85' lang='lat'>4.</span> <span class='ocrx_word' id='word_1_339' title='bbox 622 1846 663 1883; x_wconf 77' lang='grc' dir='ltr'>ἰδὼν</span> <span class='ocrx_word' id='word_1_340' title='bbox 671 1847 713 1883; x_wconf 83' lang='grc' dir='ltr'>αύτδ</span> <span class='ocrx_word' id='word_1_341' title='bbox 722 1849 788 1895; x_wconf 85' lang='grc' dir='ltr'>καιόμε-</span> 
     </span>
     <span class='ocr_line' id='line_1_63' title="bbox 444 1901 786 1950; baseline 0.006 -13"><span class='ocrx_word' id='word_1_342' title='bbox 444 1916 476 1939; x_wconf 90' lang='grc' dir='ltr'>νον.</span> <span class='ocrx_word' id='word_1_343' title='bbox 490 1913 519 1939; x_wconf 81' lang='lat'>12.</span> <span class='ocrx_word' id='word_1_344' title='bbox 548 1901 588 1938; x_wconf 79' lang='grc' dir='ltr'>ἰδὼν</span> <span class='ocrx_word' id='word_1_345' title='bbox 599 1902 619 1937; x_wconf 89' lang='grc' dir='ltr'>τό</span> <span class='ocrx_word' id='word_1_346' title='bbox 632 1916 652 1937; x_wconf 91' lang='grc' dir='ltr'>τε</span> <span class='ocrx_word' id='word_1_347' title='bbox 664 1901 740 1950; x_wconf 71' lang='grc' dir='ltr'>μέγεθος.</span> <span class='ocrx_word' id='word_1_348' title='bbox 756 1909 786 1950; x_wconf 87' lang='lat'>17.</span> 
     </span>
     <span class='ocr_line' id='line_1_64' title="bbox 443 1954 788 2005; baseline 0.006 -14"><span class='ocrx_word' id='word_1_349' title='bbox 443 1955 492 1992; x_wconf 83' lang='grc' dir='ltr'>Ἰδὼν</span> <span class='ocrx_word' id='word_1_350' title='bbox 501 1954 531 1992; x_wconf 80' lang='grc' dir='ltr'>σύν</span> <span class='ocrx_word' id='word_1_351' title='bbox 543 1957 552 1992; x_wconf 81' lang='grc' dir='ltr'>δ</span> <span class='ocrx_word' id='word_1_352' title='bbox 566 1955 660 2004; x_wconf 85' lang='grc' dir='ltr'>κεντυρίων.</span> <span class='ocrx_word' id='word_1_353' title='bbox 672 1956 703 1993; x_wconf 83' lang='grc'>18.</span> <span class='ocrx_word' id='word_1_354' title='bbox 731 1956 788 2005; x_wconf 89' lang='grc' dir='ltr'>Πέρας</span> 
     </span>
     <span class='ocr_line' id='line_1_65' title="bbox 444 2009 789 2056; baseline 0.003 -10"><span class='ocrx_word' id='word_1_355' title='bbox 444 2009 474 2047; x_wconf 78' lang='grc' dir='ltr'>οὖν</span> <span class='ocrx_word' id='word_1_356' title='bbox 488 2010 552 2048; x_wconf 78' lang='grc' dir='ltr'>ἰδόντες</span> <span class='ocrx_word' id='word_1_357' title='bbox 566 2012 582 2047; x_wconf 81' lang='grc' dir='ltr'>οἱ</span> <span class='ocrx_word' id='word_1_358' title='bbox 598 2010 664 2056; x_wconf 78' lang='grc' dir='ltr'>ἄνομοι.</span> <span class='ocrx_word' id='word_1_359' title='bbox 677 2010 706 2048; x_wconf 86' lang='lat'>16.</span> <span class='ocrx_word' id='word_1_360' title='bbox 735 2013 789 2047; x_wconf 83' lang='grc' dir='ltr'>ταῦτα</span> 
     </span>
    </p>
   </div>
   <div class='ocr_carea' id='block_1_8' title="bbox 443 2062 668 2115">
    <p class='ocr_par' dir='ltr' id='par_1_13' title="bbox 443 2062 668 2115">
     <span class='ocr_line' id='line_1_66' title="bbox 443 2062 668 2115; baseline 0.004 -15"><span class='ocrx_word' id='word_1_361' title='bbox 443 2064 511 2103; x_wconf 85' lang='grc' dir='ltr'>ἰδόντες.</span> <span class='ocrx_word' id='word_1_362' title='bbox 527 2063 584 2103; x_wconf 70' lang='grc' dir='ltr'>ΜαΓδ,</span> <span class='ocrx_word' id='word_1_363' title='bbox 596 2062 639 2115; x_wconf 77' lang='lat' dir='ltr'>Igu.</span> <span class='ocrx_word' id='word_1_364' title='bbox 651 2071 668 2113; x_wconf 94' lang='lat'>7.</span> 
     </span>
    </p>
   </div>
   <div class='ocr_carea' id='block_1_9' title="bbox 3 2117 840 3149">
    <p class='ocr_par' dir='ltr' id='par_1_14' title="bbox 14 2117 788 2386">
     <span class='ocr_line' id='line_1_67' title="bbox 14 2117 788 2168; baseline 0.001 -13"><span class='ocrx_word' id='word_1_365' title='bbox 14 2117 73 2157; x_wconf 57' lang='lat' dir='ltr'>’‘Eeos.</span> <span class='ocrx_word' id='word_1_366' title='bbox 102 2121 122 2156; x_wconf 82' lang='grc' dir='ltr'>τὸ</span> <span class='ocrx_word' id='word_1_367' title='bbox 135 2120 153 2156; x_wconf 82' lang='grc' dir='ltr'>δὲ</span> <span class='ocrx_word' id='word_1_368' title='bbox 165 2119 203 2157; x_wconf 71' lang='grc' dir='ltr'>ἔθος</span> <span class='ocrx_word' id='word_1_369' title='bbox 215 2121 274 2156; x_wconf 88' lang='grc' dir='ltr'>ὁποῖον</span> <span class='ocrx_word' id='word_1_370' title='bbox 282 2119 303 2155; x_wconf 80' lang='grc' dir='ltr'>ἂν</span> <span class='ocrx_word' id='word_1_371' title='bbox 311 2121 388 2168; x_wconf 86' lang='grc' dir='ltr'>παρσλη-</span> <span class='ocrx_word' id='word_1_372' title='bbox 416 2119 488 2166; x_wconf 76' lang='grc' dir='ltr'>Εἶδέυαι,</span> <span class='ocrx_word' id='word_1_373' title='bbox 496 2118 595 2162; x_wconf 70' lang='lat' dir='ltr'><em>honorare,</em></span> <span class='ocrx_word' id='word_1_374' title='bbox 605 2120 665 2156; x_wconf 81' lang='grc' dir='ltr'>Καλῶς</span> <span class='ocrx_word' id='word_1_375' title='bbox 672 2120 718 2167; x_wconf 75' lang='grc' dir='ltr'>ἔχει,</span> <span class='ocrx_word' id='word_1_376' title='bbox 727 2149 731 2157; x_wconf 94' lang='grc'>.</span> <span class='ocrx_word' id='word_1_377' title='bbox 741 2120 788 2157; x_wconf 83' lang='grc' dir='ltr'>,ε’πί-</span> 
     </span>
     <span class='ocr_line' id='line_1_68' title="bbox 46 2171 758 2224; baseline 0 -13"><span class='ocrx_word' id='word_1_378' title='bbox 46 2174 89 2223; x_wconf 77' lang='grc' dir='ltr'>φθῇ.</span> <span class='ocrx_word' id='word_1_379' title='bbox 103 2173 163 2213; x_wconf 78' lang='lat' dir='ltr'>Clem.</span> <span class='ocrx_word' id='word_1_380' title='bbox 175 2173 252 2224; x_wconf 76' lang='lat' dir='ltr'>Fragm.</span> <span class='ocrx_word' id='word_1_381' title='bbox 262 2172 286 2211; x_wconf 86' lang='lat' dir='ltr'>vi.</span> <span class='ocrx_word' id='word_1_382' title='bbox 319 2174 341 2212; x_wconf 80' lang='grc' dir='ltr'>ὣς</span> <span class='ocrx_word' id='word_1_383' title='bbox 352 2174 390 2211; x_wconf 75' lang='grc' dir='ltr'>ἔθος</span> <span class='ocrx_word' id='word_1_384' title='bbox 445 2188 509 2211; x_wconf 80' lang='grc' dir='ltr'>ακοτον</span> <span class='ocrx_word' id='word_1_385' title='bbox 519 2173 583 2211; x_wconf 82' lang='grc' dir='ltr'>εἰδέναι,</span> <span class='ocrx_word' id='word_1_386' title='bbox 599 2172 641 2224; x_wconf 75' lang='lat' dir='ltr'>Ign.</span> <span class='ocrx_word' id='word_1_387' title='bbox 654 2171 729 2224; x_wconf 79' lang='lat' dir='ltr'>Smyrn.</span> <span class='ocrx_word' id='word_1_388' title='bbox 741 2186 758 2223; x_wconf 91' lang='lat'>9.</span> 
     </span>
     <span class='ocr_line' id='line_1_69' title="bbox 46 2225 788 2278; baseline -0.003 -13"><span class='ocrx_word' id='word_1_389' title='bbox 46 2229 103 2266; x_wconf 76' lang='grc' dir='ltr'>αὐτοῖς</span> <span class='ocrx_word' id='word_1_390' title='bbox 126 2229 187 2278; x_wconf 80' lang='grc' dir='ltr'>λέγειν.</span> <span class='ocrx_word' id='word_1_391' title='bbox 212 2227 269 2267; x_wconf 76' lang='lat' dir='ltr'>Mart.</span> <span class='ocrx_word' id='word_1_392' title='bbox 290 2227 353 2278; x_wconf 80' lang='lat' dir='ltr'>Polye.</span> <span class='ocrx_word' id='word_1_393' title='bbox 371 2240 389 2276; x_wconf 83' lang='grc'>9.</span> <span class='ocrx_word' id='word_1_394' title='bbox 416 2226 472 2266; x_wconf 86' lang='grc' dir='ltr'>Εἰδος.</span> <span class='ocrx_word' id='word_1_395' title='bbox 496 2229 519 2265; x_wconf 87' lang='grc' dir='ltr'>Τδ</span> <span class='ocrx_word' id='word_1_396' title='bbox 527 2229 560 2276; x_wconf 77' lang='grc' dir='ltr'>γὰρ</span> <span class='ocrx_word' id='word_1_397' title='bbox 569 2230 604 2275; x_wconf 83' lang='grc' dir='ltr'>πῦρ</span> <span class='ocrx_word' id='word_1_398' title='bbox 614 2228 688 2276; x_wconf 77' lang='grc' dir='ltr'>καμάρας</span> <span class='ocrx_word' id='word_1_399' title='bbox 697 2225 741 2266; x_wconf 81' lang='grc' dir='ltr'>εἶδος</span> <span class='ocrx_word' id='word_1_400' title='bbox 750 2243 788 2266; x_wconf 86' lang='grc' dir='ltr'>ποι-</span> 
     </span>
     <span class='ocr_line' id='line_1_70' title="bbox 45 2280 680 2333; baseline 0 -13"><span class='ocrx_word' id='word_1_401' title='bbox 45 2285 121 2330; x_wconf 84' lang='grc' dir='ltr'>μάλιστα</span> <span class='ocrx_word' id='word_1_402' title='bbox 140 2282 226 2320; x_wconf 86' lang='grc' dir='ltr'>Ἰουδαίων</span> <span class='ocrx_word' id='word_1_403' title='bbox 247 2282 343 2333; x_wconf 73' lang='grc' dir='ltr'>προθύμως,</span> <span class='ocrx_word' id='word_1_404' title='bbox 367 2284 390 2321; x_wconf 82' lang='grc' dir='ltr'>ὡς</span> <span class='ocrx_word' id='word_1_405' title='bbox 444 2284 492 2329; x_wconf 75' lang='grc' dir='ltr'>ἦσαν,</span> <span class='ocrx_word' id='word_1_406' title='bbox 509 2280 680 2332; x_wconf 61' lang='lat' dir='ltr'>Ma17.P01y0.15.</span> 
     </span>
     <span class='ocr_line' id='line_1_71' title="bbox 46 2335 787 2386; baseline -0.003 -12"><span class='ocrx_word' id='word_1_407' title='bbox 46 2338 84 2376; x_wconf 72' lang='grc' dir='ltr'>ἔθος</span> <span class='ocrx_word' id='word_1_408' title='bbox 98 2339 159 2375; x_wconf 79' lang='grc' dir='ltr'>αὐτοῖς.</span> <span class='ocrx_word' id='word_1_409' title='bbox 172 2349 202 2386; x_wconf 90' lang='grc' dir='ltr'>Ι3.</span> <span class='ocrx_word' id='word_1_410' title='bbox 417 2337 472 2375; x_wconf 85' lang='grc' dir='ltr'>Εἰκάς.</span> <span class='ocrx_word' id='word_1_411' title='bbox 501 2337 590 2373; x_wconf 87' lang='grc' dir='ltr'>τουτέστιν</span> <span class='ocrx_word' id='word_1_412' title='bbox 612 2335 712 2385; x_wconf 82' lang='grc' dir='ltr'>Αύγούστου</span> <span class='ocrx_word' id='word_1_413' title='bbox 735 2336 787 2372; x_wconf 80' lang='grc' dir='ltr'>εἰκάδι</span> 
     </span>
    </p>

    <p class='ocr_par' dir='ltr' id='par_1_15' title="bbox 19 2389 804 2659">
     <span class='ocr_line' id='line_1_72' title="bbox 19 2389 786 2442; baseline -0.004 -14"><span class='ocrx_word' id='word_1_414' title='bbox 19 2391 90 2430; x_wconf 84' lang='grc' dir='ltr'>Εἰδέναι.</span> <span class='ocrx_word' id='word_1_415' title='bbox 124 2390 167 2429; x_wconf 79' lang='grc' dir='ltr'>Οἶδα</span> <span class='ocrx_word' id='word_1_416' title='bbox 182 2392 208 2430; x_wconf 87' lang='grc' dir='ltr'>τίς</span> <span class='ocrx_word' id='word_1_417' title='bbox 224 2391 262 2438; x_wconf 86' lang='grc' dir='ltr'>εἰμι.</span> <span class='ocrx_word' id='word_1_418' title='bbox 280 2389 323 2442; x_wconf 81' lang='lat' dir='ltr'>Igu.</span> <span class='ocrx_word' id='word_1_419' title='bbox 339 2389 388 2442; x_wconf 83' lang='lat' dir='ltr'>Eph.</span> <span class='ocrx_word' id='word_1_420' title='bbox 444 2391 496 2439; x_wconf 82' lang='grc' dir='ltr'>τρίτη.</span> <span class='ocrx_word' id='word_1_421' title='bbox 512 2389 555 2440; x_wconf 81' lang='lat' dir='ltr'>Igu.</span> <span class='ocrx_word' id='word_1_422' title='bbox 566 2389 621 2427; x_wconf 85' lang='lat' dir='ltr'>Rom.</span> <span class='ocrx_word' id='word_1_423' title='bbox 631 2402 660 2426; x_wconf 87' lang='lat'>10.</span> <span class='ocrx_word' id='word_1_424' title='bbox 687 2392 786 2440; x_wconf 81' lang='grc' dir='ltr'>Δεκεμβρίῳ</span> 
     </span>
     <span class='ocr_line' id='line_1_73' title="bbox 48 2443 657 2494; baseline -0.007 -10"><span class='ocrx_word' id='word_1_425' title='bbox 48 2458 77 2484; x_wconf 83' lang='lat'>12.</span> <span class='ocrx_word' id='word_1_426' title='bbox 119 2444 161 2484; x_wconf 84' lang='grc' dir='ltr'>Οἶδα</span> <span class='ocrx_word' id='word_1_427' title='bbox 174 2446 234 2483; x_wconf 80' lang='grc' dir='ltr'>ὅτιάύ</span> <span class='ocrx_word' id='word_1_428' title='bbox 248 2446 389 2491; x_wconf 83' lang='grc' dir='ltr'>φυσιοῦσθε...</span> <span class='ocrx_word' id='word_1_429' title='bbox 424 2464 425 2467; x_wconf 46' lang='lat'>¹</span> <span class='ocrx_word' id='word_1_430' title='bbox 444 2445 502 2482; x_wconf 82' lang='grc' dir='ltr'>εἰκάδι.</span> <span class='ocrx_word' id='word_1_431' title='bbox 517 2443 657 2494; x_wconf 53' lang='lat' dir='ltr'>Malss.1gn.7.</span> 
     </span>
     <span class='ocr_line' id='line_1_74' title="bbox 46 2495 804 2551; baseline -0.004 -14"><span class='ocrx_word' id='word_1_432' title='bbox 46 2500 72 2538; x_wconf 75' lang='grc' dir='ltr'>ὅτι</span> <span class='ocrx_word' id='word_1_433' title='bbox 87 2501 194 2550; x_wconf 82' lang='grc' dir='ltr'>ε’ντρέπεσθε.</span> <span class='ocrx_word' id='word_1_434' title='bbox 210 2499 275 2550; x_wconf 78' lang='lat' dir='ltr'>Magn.</span> <span class='ocrx_word' id='word_1_435' title='bbox 289 2511 318 2537; x_wconf 84' lang='lat'>12.</span> <span class='ocrx_word' id='word_1_436' title='bbox 359 2501 390 2536; x_wconf 85' lang='grc' dir='ltr'>ούκ</span> <span class='ocrx_word' id='word_1_437' title='bbox 417 2498 476 2537; x_wconf 84' lang='grc' dir='ltr'>Είκειν.</span> <span class='ocrx_word' id='word_1_438' title='bbox 500 2500 524 2536; x_wconf 86' lang='grc' dir='ltr'>εἷς</span> <span class='ocrx_word' id='word_1_439' title='bbox 538 2499 558 2535; x_wconf 79' lang='grc' dir='ltr'>τὸ</span> <span class='ocrx_word' id='word_1_440' title='bbox 572 2495 615 2544; x_wconf 84' lang='grc' dir='ltr'>εἶξαι</span> <span class='ocrx_word' id='word_1_441' title='bbox 630 2497 690 2535; x_wconf 82' lang='grc' dir='ltr'>αύτούς</span> <span class='ocrx_word' id='word_1_442' title='bbox 704 2498 726 2545; x_wconf 79' lang='grc' dir='ltr'>μὴ</span> <span class='ocrx_word' id='word_1_443' title='bbox 741 2498 804 2551; x_wconf 52' lang='grc' dir='ltr'>ἡμῖνΙῚ</span> 
     </span>
     <span class='ocr_line' id='line_1_75' title="bbox 46 2551 566 2605; baseline -0.008 -13"><span class='ocrx_word' id='word_1_444' title='bbox 46 2553 84 2592; x_wconf 85' lang='grc' dir='ltr'>οἶδα</span> <span class='ocrx_word' id='word_1_445' title='bbox 98 2556 113 2592; x_wconf 84' lang='grc' dir='ltr'>εἰ</span> <span class='ocrx_word' id='word_1_446' title='bbox 128 2555 175 2601; x_wconf 74' lang='grc' dir='ltr'>ἄξιός</span> <span class='ocrx_word' id='word_1_447' title='bbox 189 2555 228 2602; x_wconf 88' lang='grc' dir='ltr'>εἰμι.</span> <span class='ocrx_word' id='word_1_448' title='bbox 244 2553 330 2601; x_wconf 75' lang='lat' dir='ltr'>T1·all.4.</span> <span class='ocrx_word' id='word_1_449' title='bbox 373 2554 394 2605; x_wconf 36' lang='grc' dir='ltr'>ε’ν,</span> <span class='ocrx_word' id='word_1_450' title='bbox 445 2551 566 2600; x_wconf 80' lang='lat' dir='ltr'>Olem.I56.</span> 
     </span>
     <span class='ocr_line' id='line_1_76' title="bbox 47 2604 785 2659; baseline -0.007 -12"><span class='ocrx_word' id='word_1_451' title='bbox 47 2611 98 2659; x_wconf 79' lang='grc' dir='ltr'>σαρκὶ</span> <span class='ocrx_word' id='word_1_452' title='bbox 107 2607 207 2647; x_wconf 80' lang='grc' dir='ltr'>αύτδνοίδα.</span> <span class='ocrx_word' id='word_1_453' title='bbox 218 2608 294 2659; x_wconf 75' lang='lat' dir='ltr'>Smyrn.</span> <span class='ocrx_word' id='word_1_454' title='bbox 303 2620 320 2656; x_wconf 84' lang='lat'>3.</span> <span class='ocrx_word' id='word_1_455' title='bbox 344 2607 391 2646; x_wconf 76' lang='grc' dir='ltr'>οἶδεν</span> <span class='ocrx_word' id='word_1_456' title='bbox 417 2610 462 2654; x_wconf 78' lang='grc' dir='ltr'>Εἷκῆ,</span> <span class='ocrx_word' id='word_1_457' title='bbox 482 2608 511 2643; x_wconf 83' lang='grc' dir='ltr'>οὐκ</span> <span class='ocrx_word' id='word_1_458' title='bbox 519 2606 656 2653; x_wconf 79' lang='grc' dir='ltr'>εἰκηῆἆτάκτως.</span> <span class='ocrx_word' id='word_1_459' title='bbox 670 2604 785 2653; x_wconf 77' lang='lat' dir='ltr'>Olem.I40.</span> 
     </span>
    </p>

    <p class='ocr_par' dir='ltr' id='par_1_16' title="bbox 3 2656 786 2767">
     <span class='ocr_line' id='line_1_77' title="bbox 3 2656 786 2713; baseline -0.004 -13"><span class='ocrx_word' id='word_1_460' title='bbox 3 2656 7 2663; x_wconf 52' lang='lat'><strong>⁴</strong></span> <span class='ocrx_word' id='word_1_461' title='bbox 46 2665 79 2713; x_wconf 82' lang='grc' dir='ltr'>γὰρ</span> <span class='ocrx_word' id='word_1_462' title='bbox 88 2665 222 2713; x_wconf 75' lang='grc' dir='ltr'>πύθευὲρχεται.</span> <span class='ocrx_word' id='word_1_463' title='bbox 238 2662 311 2701; x_wconf 80' lang='lat' dir='ltr'>Philad.</span> <span class='ocrx_word' id='word_1_464' title='bbox 321 2671 338 2712; x_wconf 93' lang='lat'>7.</span> <span class='ocrx_word' id='word_1_465' title='bbox 360 2663 390 2699; x_wconf 73' lang='grc' dir='ltr'>οὔκ</span> <span class='ocrx_word' id='word_1_466' title='bbox 417 2663 475 2700; x_wconf 80' lang='grc' dir='ltr'>Εῖκών,</span> <span class='ocrx_word' id='word_1_467' title='bbox 498 2660 786 2709; x_wconf 80' lang='grc' dir='ltr'>τῆςέουτοῦείκόνοςχαρακτῆρα.</span> 
     </span>
     <span class='ocr_line' id='line_1_78' title="bbox 47 2714 568 2767; baseline -0.008 -13"><span class='ocrx_word' id='word_1_468' title='bbox 47 2718 115 2767; x_wconf 77' lang='grc' dir='ltr'>οἴδαμεν</span> <span class='ocrx_word' id='word_1_469' title='bbox 127 2719 157 2766; x_wconf 81' lang='grc' dir='ltr'>τὴν</span> <span class='ocrx_word' id='word_1_470' title='bbox 168 2718 231 2766; x_wconf 80' lang='grc' dir='ltr'>ἡμέραν</span> <span class='ocrx_word' id='word_1_471' title='bbox 243 2721 272 2766; x_wconf 81' lang='grc' dir='ltr'>τῆς</span> <span class='ocrx_word' id='word_1_472' title='bbox 285 2718 387 2767; x_wconf 79' lang='grc' dir='ltr'>ἐπιφανείας,</span> <span class='ocrx_word' id='word_1_473' title='bbox 445 2714 504 2762; x_wconf 74' lang='lat' dir='ltr'>Olem.</span> <span class='ocrx_word' id='word_1_474' title='bbox 515 2714 526 2751; x_wconf 81' lang='grc' dir='ltr'>Ι</span> <span class='ocrx_word' id='word_1_475' title='bbox 537 2727 568 2764; x_wconf 91' lang='grc'>33.</span> 
     </span>
    </p>

    <p class='ocr_par' dir='ltr' id='par_1_17' title="bbox 47 2768 840 2934">
     <span class='ocr_line' id='line_1_79' title="bbox 48 2768 788 2820; baseline -0.005 -10"><span class='ocrx_word' id='word_1_476' title='bbox 48 2771 107 2812; x_wconf 70' lang='grc' dir='ltr'>(λεια.</span> <span class='ocrx_word' id='word_1_477' title='bbox 115 2772 175 2811; x_wconf 80' lang='grc' dir='ltr'>Π12.</span> <span class='ocrx_word' id='word_1_478' title='bbox 198 2771 388 2820; x_wconf 79' lang='grc' dir='ltr'>Μάλιστοῇδει.Ι43.</span> <span class='ocrx_word' id='word_1_479' title='bbox 417 2770 517 2819; x_wconf 79' lang='grc' dir='ltr'>Εἰλικρινής.</span> <span class='ocrx_word' id='word_1_480' title='bbox 549 2769 642 2817; x_wconf 79' lang='grc' dir='ltr'>εἰλικρινεῖς</span> <span class='ocrx_word' id='word_1_481' title='bbox 664 2770 691 2805; x_wconf 87' lang='grc' dir='ltr'>καὶ</span> <span class='ocrx_word' id='word_1_482' title='bbox 714 2768 788 2817; x_wconf 81' lang='grc' dir='ltr'>ἀκέραιοι</span> 
     </span>
     <span class='ocr_line' id='line_1_80' title="bbox 47 2822 840 2878; baseline -0.004 -14"><span class='ocrx_word' id='word_1_483' title='bbox 47 2828 68 2864; x_wconf 89' lang='grc' dir='ltr'>Εἰ</span> <span class='ocrx_word' id='word_1_484' title='bbox 77 2829 110 2878; x_wconf 78' lang='grc' dir='ltr'>γὰρ</span> <span class='ocrx_word' id='word_1_485' title='bbox 119 2826 165 2876; x_wconf 82' lang='grc' dir='ltr'>ᾔδεις</span> <span class='ocrx_word' id='word_1_486' title='bbox 174 2827 201 2865; x_wconf 82' lang='grc' dir='ltr'>ὅτι</span> <span class='ocrx_word' id='word_1_487' title='bbox 208 2831 252 2864; x_wconf 87' lang='grc' dir='ltr'>θεοῦ</span> <span class='ocrx_word' id='word_1_488' title='bbox 259 2829 298 2866; x_wconf 80' lang='grc' dir='ltr'>Υἱὸς</span> <span class='ocrx_word' id='word_1_489' title='bbox 306 2826 331 2873; x_wconf 83' lang='grc' dir='ltr'>ἦν,</span> <span class='ocrx_word' id='word_1_490' title='bbox 347 2826 388 2877; x_wconf 80' lang='lat' dir='ltr'>Ign.</span> <span class='ocrx_word' id='word_1_491' title='bbox 443 2824 479 2871; x_wconf 84' lang='grc' dir='ltr'>ἦτε.</span> <span class='ocrx_word' id='word_1_492' title='bbox 495 2822 553 2862; x_wconf 69' lang='lat' dir='ltr'>olem.</span> <span class='ocrx_word' id='word_1_493' title='bbox 569 2822 580 2860; x_wconf 84' lang='grc' dir='ltr'>Ι</span> <span class='ocrx_word' id='word_1_494' title='bbox 596 2836 614 2862; x_wconf 82' lang='grc'>2.</span> <span class='ocrx_word' id='word_1_495' title='bbox 649 2823 669 2868; x_wconf 80' lang='grc' dir='ltr'>ἐξ</span> <span class='ocrx_word' id='word_1_496' title='bbox 689 2823 789 2872; x_wconf 79' lang='grc' dir='ltr'>εἰλικρινοῦς</span> <span class='ocrx_word' id='word_1_497' title='bbox 837 2831 840 2837; x_wconf 87' lang='grc'><strong>’</strong></span> 
     </span>
     <span class='ocr_line' id='line_1_81' title="bbox 47 2876 582 2934; baseline -0.007 -15"><span class='ocrx_word' id='word_1_498' title='bbox 47 2881 174 2934; x_wconf 69' lang='lat' dir='ltr'>Fragmviii.</span> <span class='ocrx_word' id='word_1_499' title='bbox 213 2883 257 2930; x_wconf 78' lang='grc' dir='ltr'>ὑμᾶς</span> <span class='ocrx_word' id='word_1_500' title='bbox 270 2883 312 2919; x_wconf 83' lang='grc' dir='ltr'>κατὰ</span> <span class='ocrx_word' id='word_1_501' title='bbox 325 2882 391 2930; x_wconf 66' lang='grc' dir='ltr'>ἀγάπην</span> <span class='ocrx_word' id='word_1_502' title='bbox 444 2877 517 2928; x_wconf 87' lang='grc' dir='ltr'>καρδίας.</span> <span class='ocrx_word' id='word_1_503' title='bbox 532 2876 555 2914; x_wconf 90' lang='grc' dir='ltr'>Π</span> <span class='ocrx_word' id='word_1_504' title='bbox 565 2889 582 2926; x_wconf 84' lang='grc'>9.</span> 
     </span>
    </p>

    <p class='ocr_par' dir='ltr' id='par_1_18' title="bbox 48 2930 788 3042">
     <span class='ocr_line' id='line_1_82' title="bbox 48 2930 788 2987; baseline -0.004 -14"><span class='ocrx_word' id='word_1_505' title='bbox 48 2934 97 2975; x_wconf 86' lang='grc' dir='ltr'>εἶδον,</span> <span class='ocrx_word' id='word_1_506' title='bbox 113 2936 162 2987; x_wconf 82' lang='lat' dir='ltr'>Eph.</span> <span class='ocrx_word' id='word_1_507' title='bbox 175 2949 191 2975; x_wconf 85' lang='lat'>2.</span> <span class='ocrx_word' id='word_1_508' title='bbox 232 2934 275 2973; x_wconf 84' lang='grc' dir='ltr'>εἶδεν</span> <span class='ocrx_word' id='word_1_509' title='bbox 290 2936 391 2985; x_wconf 86' lang='grc' dir='ltr'>προσκεφά-</span> <span class='ocrx_word' id='word_1_510' title='bbox 418 2935 519 2982; x_wconf 83' lang='grc' dir='ltr'>Εἰλικρινῶς.</span> <span class='ocrx_word' id='word_1_511' title='bbox 540 2930 788 2982; x_wconf 82' lang='grc' dir='ltr'>Είτις...εἰλικρινῶςκατα-</span> 
     </span>
     <span class='ocr_line' id='line_1_83' title="bbox 48 2984 641 3042; baseline -0.008 -14"><span class='ocrx_word' id='word_1_512' title='bbox 48 2993 101 3030; x_wconf 86' lang='grc' dir='ltr'>λαιον.</span> <span class='ocrx_word' id='word_1_513' title='bbox 117 2991 177 3030; x_wconf 71' lang='lat' dir='ltr'>Mart.</span> <span class='ocrx_word' id='word_1_514' title='bbox 188 2990 251 3042; x_wconf 78' lang='lat' dir='ltr'>Polyc.</span> <span class='ocrx_word' id='word_1_515' title='bbox 263 3000 280 3038; x_wconf 87' lang='lat'>5.</span> <span class='ocrx_word' id='word_1_516' title='bbox 304 2991 358 3028; x_wconf 74' lang='grc' dir='ltr'>οὐδεὶς</span> <span class='ocrx_word' id='word_1_517' title='bbox 368 2987 390 3026; x_wconf 86' lang='grc' dir='ltr'>εἰ·</span> <span class='ocrx_word' id='word_1_518' title='bbox 445 2987 502 3035; x_wconf 76' lang='grc' dir='ltr'>νοήσῃ.</span> <span class='ocrx_word' id='word_1_519' title='bbox 518 2984 578 3024; x_wconf 76' lang='lat' dir='ltr'>Olem.</span> <span class='ocrx_word' id='word_1_520' title='bbox 589 2985 600 3023; x_wconf 82' lang='grc' dir='ltr'>Ι</span> <span class='ocrx_word' id='word_1_521' title='bbox 610 2998 641 3035; x_wconf 76' lang='grc'>32.</span> 
     </span>
    </p>

    <p class='ocr_par' dir='ltr' id='par_1_19' title="bbox 36 3041 790 3149">
     <span class='ocr_line' id='line_1_84' title="bbox 36 3041 789 3095; baseline -0.001 -14"><span class='ocrx_word' id='word_1_522' title='bbox 36 3077 40 3080; x_wconf 74' lang='grc'>,.</span> <span class='ocrx_word' id='word_1_523' title='bbox 49 3047 82 3085; x_wconf 85' lang='grc' dir='ltr'>δεν.</span> <span class='ocrx_word' id='word_1_524' title='bbox 92 3058 109 3095; x_wconf 86' lang='grc'>9.</span> <span class='ocrx_word' id='word_1_525' title='bbox 134 3045 200 3093; x_wconf 82' lang='grc' dir='ltr'>εἴδομεν</span> <span class='ocrx_word' id='word_1_526' title='bbox 209 3044 233 3084; x_wconf 79' lang='grc' dir='ltr'>οἷς</span> <span class='ocrx_word' id='word_1_527' title='bbox 243 3046 284 3082; x_wconf 82' lang='grc' dir='ltr'>ἰδεῖν</span> <span class='ocrx_word' id='word_1_528' title='bbox 293 3046 347 3091; x_wconf 78' lang='grc' dir='ltr'>ἐδόθη.</span> <span class='ocrx_word' id='word_1_529' title='bbox 361 3052 390 3091; x_wconf 86' lang='grc'>15.</span> <span class='ocrx_word' id='word_1_530' title='bbox 404 3072 406 3075; x_wconf 87' lang='grc'><strong>-</strong></span> <span class='ocrx_word' id='word_1_531' title='bbox 419 3043 481 3080; x_wconf 85' lang='grc' dir='ltr'>Εἰπεῖν.</span> <span class='ocrx_word' id='word_1_532' title='bbox 516 3041 541 3079; x_wconf 88' lang='grc' dir='ltr'>τίς</span> <span class='ocrx_word' id='word_1_533' title='bbox 559 3041 610 3091; x_wconf 75' lang='grc' dir='ltr'>ἀρκεῖ,</span> <span class='ocrx_word' id='word_1_534' title='bbox 627 3042 650 3079; x_wconf 84' lang='grc' dir='ltr'>ὡς</span> <span class='ocrx_word' id='word_1_535' title='bbox 668 3042 708 3085; x_wconf 73' lang='grc' dir='ltr'>ἔδει,</span> <span class='ocrx_word' id='word_1_536' title='bbox 728 3044 789 3086; x_wconf 62' lang='lat' dir='ltr'>timim·</span> 
     </span>
     <span class='ocr_line' id='line_1_85' title="bbox 49 3095 790 3149; baseline -0.005 -11"><span class='ocrx_word' id='word_1_537' title='bbox 49 3099 69 3146; x_wconf 78' lang='grc' dir='ltr'>ἣν</span> <span class='ocrx_word' id='word_1_538' title='bbox 78 3103 104 3138; x_wconf 82' lang='grc' dir='ltr'>καὶ</span> <span class='ocrx_word' id='word_1_539' title='bbox 113 3100 157 3139; x_wconf 78' lang='grc' dir='ltr'>ἴδετε</span> <span class='ocrx_word' id='word_1_540' title='bbox 167 3099 314 3149; x_wconf 86' lang='grc' dir='ltr'>κοτ’ὀφθαλμούς.</span> <span class='ocrx_word' id='word_1_541' title='bbox 327 3098 390 3149; x_wconf 78' lang='lat' dir='ltr'>Polyc.</span> <span class='ocrx_word' id='word_1_542' title='bbox 447 3095 568 3144; x_wconf 67' lang='lat' dir='ltr'>GlenLI49.</span> <span class='ocrx_word' id='word_1_543' title='bbox 592 3095 675 3146; x_wconf 80' lang='grc' dir='ltr'>εἰπεγκίρ.</span> <span class='ocrx_word' id='word_1_544' title='bbox 692 3097 722 3144; x_wconf 81' lang='lat'>46.</span> <span class='ocrx_word' id='word_1_545' title='bbox 744 3095 790 3136; x_wconf 73' lang='grc' dir='ltr'>εἶπεν</span> 
     </span>
    </p>
   </div>
   <div class='ocr_carea' id='block_1_10' title="bbox 0 0 971 3420">
    <p class='ocr_par' dir='ltr' id='par_1_20' title="bbox 0 0 971 3420">
     <span class='ocr_line' id='line_1_86' title="bbox 0 0 971 3420; baseline 0 0"><span class='ocrx_word' id='word_1_546' title='bbox 0 0 971 3420; x_wconf 95' lang='lat' dir='ltr'> </span> 
     </span>
    </p>
   </div>
  </div>
 </body>
</html>
