2061 3403
214 187 271 232 86-
413 237 414 240 Ἰ
461 189 482 234 S.
500 188 667 234 eLnMnnnls
726 182 728 186 ¹

100 305 355 394 ξζλέηρῦηςΐηητεταγμένον
373 305 412 362 ὑπ’
430 307 502 362 αὐτοῦ
516 305 604 378 δρόμον
621 305 765 372 διανύουσιν,
779 303 853 373 μηδὲν
867 306 912 359 ἀλ-

100 404 199 439 emanans.
212 392 299 462 λήλοις
312 391 504 466 ἐμποδί[ζ]οντα.
531 391 622 451 Ἥλιάς
633 415 658 447 τε
670 392 709 445 καὶ
721 389 822 460 σελήνη,
836 391 909 446 ἀστέ-

213 480 279 552 [ρ]ων
297 503 323 534 τε
341 479 418 551 χοροί,
435 477 495 534 κατά
509 477 552 546 τὴν
571 474 686 546 διαταγὴν
705 478 795 548 [οι]ὑτοῦ
813 479 838 531 ἐν
855 478 909 543 ὁμο-

212 566 264 638 νοίᾳ
280 565 335 637 δίχα
351 563 432 633 ποίσης
445 563 639 638 [π]αρεκβοίσεως,
653 561 825 632 ἐξελίσσουσιν
838 560 910 638 [το]ἀς

210 651 403 721 ἐπιτεταγμένους
422 653 501 709 αὐτοῖς
520 648 642 721 ὁρισμούς.
683 651 719 716 Γῆ
744 651 930 722 κυοφοροῦσα,5

210 736 271 792 κατὰ
289 736 317 792 τὸ
333 737 426 805 θέλημα
444 739 583 794 αὐτοῦτοῖς
601 735 667 791 ἰδίοις
685 739 774 804 καιροῖς
788 732 833 802 τὴν
844 758 906 788 παν-

209 826 291 891 πληθῆ
317 822 449 895 ἀνθρώποις
463 846 499 878 Υτε
522 825 561 877 καὶ
584 821 680 891 θηρσίν,
702 821 741 874 καὶ
765 825 841 875 πᾶσιν
860 827 909 879 τοῖς

209 910 278 963 οὖσιν
296 909 332 964 ἐπ’
351 908 425 977 αὐτὴν
442 907 509 982 ζῴοις
525 908 650 962 ἀνατέλλει
671 904 773 979 τροφήν,
791 905 824 975 μὴ
845 909 909 978 διχο-

207 1002 334 1051 στατοῦσα
352 994 410 1063 μηδὲ
428 994 565 1050 ἀλλοιοῦσοί
582 1018 605 1049 τι
623 998 672 1048 τῶν
687 991 909 1062 δεδογματισμένων

207 1083 246 1136 ἀπ’
260 1083 339 1136 αὐτοῦ.
360 1081 495 1146 Ἀβάσσων
507 1104 531 1134 τε
546 1079 726 1151 ἀνεξιχνίαστοι,
741 1081 780 1134 καὶ
795 1078 909 1150 νερτέρων
920 1112 944 1139 10

206 1167 479 1238 ἀνεκδιήγητακρίματα
494 1171 542 1224 τοῖς
558 1168 637 1223 αὐτοῖς
654 1165 780 1237 συνέχεται
797 1164 906 1236 προστά-

142 1300 144 1304 Α
206 1276 306 1322 γμοισιν.
342 1252 378 1307 Τὸ
390 1251 460 1310 κάτος
472 1254 514 1319 τῆς
526 1252 623 1322 ἀπείρου
640 1250 773 1327 θαλάσσης
787 1249 847 1306 κατά
864 1250 908 1319 τὴν

205 1339 359 1410 δημιουργίαν
376 1339 449 1393 αὐτοῦ
467 1337 590 1393 συσταθὲν
602 1340 634 1394 εἰς
650 1336 693 1394 τάς
710 1335 865 1406 συναγωγάς,
880 1337 908 1391 οὐ

233 1500 249 1526 1.
262 1488 314 1535 μηδὲν
325 1487 407 1535 ἀλλήλοις
419 1483 542 1540 ε’μποδί[ζ]ον-
598 1498 628 1524 11.
639 1483 719 1539 κρίματα]
732 1485 744 1524 i.
751 1499 766 1525 e.
779 1484 907 1535 Condiciones,

203 1543 240 1592 τα]
262 1541 337 1591 Junius,
356 1541 426 1590 Fenus,
445 1546 465 1581 et
484 1539 541 1579 Golo-
568 1546 635 1589 etates,
661 1540 800 1592 dispositiones,
825 1541 907 1590 ordinet,

203 1596 274 1636 mesius
288 1597 367 1637 mallent
376 1596 459 1644 ἀλλήλαις
473 1597 541 1645 ἐμποδί-
568 1597 630 1644 τάξεις.
658 1595 703 1634 Vox
719 1597 769 1646 κρίμα
785 1595 837 1648 apud
852 1595 907 1635 LXX

204 1654 268 1698 ζουσα.
568 1655 588 1690 et
606 1663 672 1689 omnes
695 1650 762 1702 lingue
781 1650 907 1691 Hellenistice

232 1722 249 1755 4.
264 1703 393 1759 ἐξελίσσουσιν]
415 1710 494 1744 Τοσαῦτα
507 1707 540 1755 γάρ
567 1709 643 1745 utentes
666 1705 705 1745 late
727 1705 810 1745 sumitur
816 1719 822 1754 3
845 1710 868 1745 ut
887 1710 907 1745 et

204 1763 242 1799 ἔστι
256 1764 306 1810 φῶτα
317 1764 347 1810 τῆς
359 1760 431 1808 σελήνης
441 1762 468 1798 καὶ
478 1760 540 1798 τοσαά-
567 1768 623 1801 nenti)
637 1760 689 1812 apud
700 1759 805 1800 Hebraeos.
828 1760 906 1800 Vld.Il

204 1832 241 1856 ταις
255 1816 323 1867 ἡμέραις
335 1818 364 1854 τὸν
376 1817 426 1863 αὑτῆς
440 1815 501 1854 κύκλον
513 1816 541 1862 ἐξ·
568 1815 616 1867 Reg.
629 1815 670 1855 xvii
680 1816 711 1863 26,
723 1823 754 1865 27,
764 1820 784 1855 et
795 1815 867 1855 Siraeh.
878 1816 906 1854 xli

205 1872 271 1909 ελίπει.
303 1869 397 1910 Plutarch.
416 1869 439 1909 de
455 1869 508 1909 Iside
521 1874 541 1909 et
569 1883 587 1920 3,
597 1878 614 1920 5,
626 1871 642 1909 6.
654 1870 721 1910 BOIS.
750 1870 905 1920 sustentent,

205 1924 346 1974 Osiride,§42.
568 1930 587 1965 et
606 1924 724 1964 Oolomesius
742 1925 817 1965 malunt
835 1925 904 1974 κύματα.

233 1982 250 2019 6.
270 1982 367 2030 namneti]
392 1979 424 2018 In
450 1979 471 2018 in
493 1978 539 2018 Ood.
571 1978 637 2034 [quem
655 1980 758 2020 lectionem
780 1980 800 2019 in
818 1980 906 2020 versione

205 2033 268 2074 Meto.
296 2033 355 2086 Apud
370 2034 425 2073 LXX
443 2038 462 2073 et
478 2032 541 2085 scrip·
568 2048 602 2074 sun
615 2033 807 2090 sequituankius.]
838 2035 906 2087 Egon

204 2092 256 2129 tores
265 2088 406 2128 Alexandrinos
418 2105 427 2126 ν
437 2102 475 2128 non
489 2088 541 2126 eolli-
567 2090 605 2129 fide
612 2089 665 2129 Msn
673 2089 749 2130 Codicis
758 2090 837 2130 minime
846 2090 906 2130 disee-

203 2144 282 2195 quescit,
288 2143 322 2183 sed
330 2144 424 2183 retinetur
431 2157 437 2192 5
446 2148 465 2183 et
475 2147 541 2182 contra
567 2144 651 2184 dendum
669 2158 710 2184 esse
730 2150 783 2197 puto,
798 2145 836 2186 nisi
854 2145 905 2185 fneili

203 2212 341 2250 nonnunquam
361 2197 479 2249 colliquescit
497 2210 541 2236 eum
566 2199 673 2239 mutatione
688 2213 724 2252 pro
740 2202 811 2251 κρίματα
829 2200 905 2252 legetur

202 2254 326 2306 sequentibus
339 2253 373 2292 ubi
385 2266 409 2291 ex
420 2253 499 2305 antiqua
509 2266 539 2291 or·
567 2255 643 2302 κλίματα,
663 2261 736 2293 tenetes
753 2255 793 2294 sive
813 2255 903 2306 νοράοιιοα.

201 2308 317 2362 thegrnphin
331 2308 351 2347 id
366 2307 408 2347 fieri
423 2321 462 2346 non
478 2306 526 2346 solet
533 2321 539 2357 3
567 2308 648 2348 WOTT.
678 2309 752 2348 Binrius
770 2310 869 2350 existimat
884 2310 903 2350 S.

201 2364 231 2404 uti
247 2364 293 2404 sutis
308 2364 364 2403 decet
379 2362 466 2402 Sturzius
481 2362 502 2400 in
516 2362 538 2400 li·
566 2363 643 2403 Patrem
649 2364 747 2415 scripsisse
754 2365 845 2414 κρύμματιι.
860 2365 905 2404 Vox

200 2419 251 2460 bello
258 2419 282 2458 de
288 2419 369 2459 Dinleet.
378 2417 451 2457 Maced.
458 2421 477 2457 et
484 2416 537 2456 Alex.
566 2415 644 2469 quidem
662 2418 746 2457 insolens
764 2418 847 2468 Graecis,
864 2420 903 2457 ἀνα-

201 2488 219 2527 ρ,
230 2488 238 2513 1
242 2489 253 2525 3
256 2487 274 2524 3.
566 2476 623 2523 λαγῶς
635 2477 702 2512 tamen
715 2472 813 2513 efformata
827 2475 861 2513 ἀπὸ
874 2480 905 2513 τοῦ

229 2538 246 2580 7.
269 2532 305 2569 τοῖς
321 2530 371 2567 οὖσιν
388 2527 415 2566 ἐπ’
431 2523 490 2580 αὐτὴν]
508 2525 540 2565 Ita
567 2528 664 2577 κέκρυμμαι,
682 2532 705 2567 ut
723 2541 734 2566 a
752 2530 826 2579 κέκριμαι
847 2529 902 2579 κρίμα,

200 2598 244 2624 eum
261 2583 306 2623 eod.
321 2584 379 2624 Msn
390 2582 477 2622 Wotton.
493 2579 538 2619 Gal·
565 2580 649 2633 Oonjieit
662 2582 727 2634 itaque
741 2582 765 2622 V.
776 2583 799 2624 D.
816 2584 904 2636 κρύμματα

199 2639 249 2680 land.
260 2644 280 2679 el
290 2639 381 2678 Hefelius.
412 2636 493 2684 (laeteri,
503 2635 537 2674 Ju-
564 2636 596 2675 llic
605 2649 645 2675 esse
654 2639 736 2686 χάσματα
746 2641 854 2689 κεκρυμμένα,
864 2639 876 2679 l.
886 2653 903 2680 θ,

199 2695 254 2733 nium
262 2694 328 2743 secuti,
337 2698 373 2734 τοῖς
381 2694 431 2731 οὖσιν
440 2694 458 2731 ἐν
467 2693 514 2738 αὐτῇ.
565 2691 647 2731 occultes
661 2692 767 2744 οοναρίνιος,
783 2695 815 2734 vel
832 2694 904 2744 tintus,

229 2763 258 2789 10.
276 2746 406 2802 Ἀβύσσωντε]
425 2745 536 2787 selmon
565 2759 599 2785 seu
619 2758 703 2786 νιοοοςιις
721 2749 802 2799 penites
823 2749 902 2790 abditos.

199 2804 241 2844 adv.
257 2804 334 2854 Gentes,
349 2804 356 2843 i
374 2806 404 2853 28,
422 2801 537 2854 ‘profundas
565 2800 615 2841 Vide
631 2801 657 2841 sis
671 2802 766 2855 Onngium
779 2804 800 2843 in
813 2804 874 2845 Gloss.
884 2818 902 2844 v.

199 2862 204 2880 ‘
213 2860 254 2911 ejus
263 2863 320 2912 etque
329 2858 464 2906 inenarrabiles
472 2856 537 2896 altitu·
565 2857 649 2907 κρύβγειν.
665 2857 800 2899 GALLAND.
844 2859 904 2899 Galli-

199 2915 279 2954 ‘dines'
565 2911 628 2950 eiollio
642 2912 660 2951 h.
674 2913 686 2952 l.
702 2915 773 2964 κρίματα
788 2915 840 2953 idem
858 2919 903 2954 sunt
