2017 3420
410 203 507 247 INDEX
521 203 694 247 VERBORUM

172 203 201 248 64

165 350 167 367 Ι,
199 315 293 352 κίαναῦταῡ
302 316 329 352 καί
337 315 357 353 τό
366 314 453 355 εόσταθές.
467 322 484 366 ἡ,
507 317 537 354 Αί-
592 314 721 354 αότοῦεἰκοόειν.
732 314 774 367 Igu.
782 312 866 366 Eph.15.
883 314 932 352 ὅτινα

200 369 271 417 θέσθητί
280 385 313 408 σου
322 368 431 419 τὴνὴλικίαν.
447 383 464 421 9.
592 371 611 410 έν
619 371 685 421 ἡσυχίᾳ
693 374 737 408 Θεοῦ
747 370 830 423 ἐπράχθη.
843 381 871 419 19.

171 424 247 463 Ἠλίκος.
265 424 538 475 ἡλίκηνὲχειβόσανονὴένθιίόε
564 425 652 475 Ἡσόχως.
678 424 932 475 λειτουργὴσανται...ἡσόχως
972 448 973 458 .

199 480 299 520 ἀπόλαυσις.
315 479 375 520 Olem.
386 479 409 519 II
418 493 448 520 10.
592 483 619 519 καλ
627 480 734 527 όβαναόσως.
750 479 810 519 Olem.
820 478 831 517 I
842 492 872 528 44.
954 530 955 533 Ἴ

170 533 238 574 Ἥλιος.
257 534 320 575 Ἦλιός
329 552 348 574 τε
357 537 383 573 καί
392 535 460 584 σελὴνη.
475 535 536 575 Olem.
562 535 636 575 Ἥττων.
665 536 676 584 ἡ
692 537 796 586 πρόσκλισις
814 535 867 583 ε’κείνη
883 534 933 583 ἧττον

200 589 211 628 Ι
225 602 256 629 20.
285 590 313 629 ε’πλ
326 595 355 629 τόν
368 594 398 629 τοῦ
412 591 461 639 ἡλίου
474 594 536 639 βωμόν,
587 592 675 642 όμαρτίαν
685 592 724 639 ἡμῖν
735 589 854 640 προσήνεγκεν.
870 588 930 629 Olem.

201 653 232 694 25.
260 646 295 694 όμα
310 646 352 698 ἡλίῳ
368 647 395 684 καλ
411 645 478 695 σελὴνη.
494 646 536 698 Ign.
574 646 643 696 Ι147.
673 647 711 696 Οὐχ
719 644 930 695 ἧττον1.,.Ἐσθὴρκιν-

200 699 250 752 Eph.
259 712 289 751 19.
579 734 581 741 ,
591 700 636 753 θόνιρ
645 702 705 749 ἐαυτὴν
713 700 815 750 παρέβαλεν.
831 708 862 749 55.

169 753 233 794 Ἧλας.
265 758 295 804 τῆς
313 757 392 806 ὑμετέρας
410 757 428 794 ἐκ
443 761 476 794 τῶν
491 757 538 805 ἡλων
564 758 661 795 θάλασσα.1
686 758 709 794 Τό
721 755 771 795 κότος
779 757 809 803 τῆς
820 755 890 805 ἀπείρου
901 755 930 793 θα-

103 814 105 816 ’
171 862 172 865 ἡ
184 817 188 837 s
198 810 303 860 ἀσφαλείας.
318 810 375 850 Mart.
386 810 486 863 Polyc.13.

172 865 243 915 Ἡμέρα.
271 865 327 915 Ἀγὼν
335 865 355 913 ἡν
364 867 402 914 ὑμῖν
410 866 472 915 ἡμέρας
480 882 498 904 τε
510 867 537 903 καὶ

200 922 264 959 νυκτός.
274 919 373 959 016111Ι2.
391 920 537 968 στήληνόλόςέως

200 977 229 1022 τὴς
240 974 302 1024 ἡμέρας
312 975 378 1023 ταύτης.
390 987 421 1014 11.
445 976 509 1026 Ἡμέρα
518 991 536 1013 τε

199 1030 226 1067 καὶ
238 1030 269 1076 νὺξ
277 1060 281 1069 ,
289 1060 294 1069 .
303 1031 376 1080 ,δρόμον
388 1030 489 1070 θιανόαυσιν.
505 1042 534 1069 20.

198 1084 268 1134 Ἡμέρα
277 1086 304 1122 καὶ
315 1086 346 1132 νὺξ
359 1085 453 1123 ἀνάστασιν
461 1085 500 1133 ἡμῖν
508 1087 536 1133 δη-

198 1141 265 1177 λοῦσιν.
286 1151 316 1187 24.
363 1140 451 1178 ἀνίσταται
478 1140 535 1190 ἡμέρα,

198 1194 209 1241 ἡ
224 1194 278 1244 ἡμέρα
291 1195 364 1234 ἄπεισιν.
379 1194 404 1234 ib.
429 1197 456 1233 καλ
469 1195 535 1246 ἡμέρας,

198 1251 299 1293 βλεπόντων
320 1250 387 1288 πάντων
412 1251 488 1290 ε’πιπτός.
504 1259 533 1300 25.

198 1305 220 1340 Αἱ
237 1306 293 1354 γενεαὶ
310 1307 365 1343 πᾶσαι
382 1305 416 1343 ἀπό
433 1305 487 1353 Ἀδὰμ
505 1305 536 1345 ἕως

198 1360 251 1406 τῆσδε
267 1359 334 1408 ἡμέρας.
351 1368 382 1408 50.
410 1362 535 1410 τεσσαράκοντα

198 1413 265 1463 ἡμέρας.
276 1422 308 1464 53,
318 1418 338 1453 et
347 1414 424 1466 Fragm.
431 1414 469 1454 viii.
496 1415 535 1464 ἡμέ-

197 1484 229 1518 ραν
245 1470 265 1516 ἐξ
280 1470 341 1519 ἡμέρας
359 1471 498 1519 προσδεχόμενοι.
512 1469 535 1508 Π

200 1535 229 1562 11.
258 1525 289 1561 οιίκ
303 1523 371 1572 οἴδαμεν
385 1526 416 1573 τὴν
430 1526 492 1575 ἡμέραν
506 1528 535 1573 τὴα

198 1579 296 1627 ἐπιφανείας
310 1583 341 1617 τοῦ
354 1583 405 1618 θεοῦ.
420 1592 448 1619 12.
477 1582 535 1620 νυκτός

197 1635 225 1670 καὶ
233 1633 299 1684 ἡμέρας.
316 1633 358 1686 Igu.
368 1634 424 1673 Rom.
435 1644 452 1684 5.
479 1636 497 1673 ἐν
505 1636 535 1684 μία

198 1688 250 1738 ἡμέρᾳ
266 1690 293 1726 καὶ
311 1690 356 1727 νυκτὶ
371 1692 392 1737 η’]
407 1691 454 1738 αὐτῇ.
475 1689 533 1730 Mam

160 1761 161 1764 ¹
198 1742 241 1794 Ign.
253 1752 270 1792 5.
299 1744 430 1794 ε’φανερόισαμεν
448 1747 485 1794 ὑμῖν
508 1747 534 1783 καί

198 1799 228 1845 τὴν
241 1798 308 1848 ἡμέραν.
324 1806 341 1848 7.
370 1801 397 1837 καὶ
411 1800 485 1850 διέτριβε
498 1800 534 1848 μετ’

198 1853 262 1902 ὀλίγων
279 1853 329 1891 νόκτα
346 1855 373 1892 καὶ
393 1854 458 1905 ἡμέραν.
476 1854 533 1894 Mart.

199 1906 262 1958 Polyc.
273 1916 291 1956 5.
319 1910 352 1959 πρὸ
367 1914 417 1959 τριῶν
428 1911 493 1960 ἡμερῶν
504 1914 534 1948 τοῦ

199 1964 319 2011 συλληφθῆναι
332 1964 387 2002 αότόν.
402 1963 427 2003 ib.
456 1967 484 2005 δός
495 1966 534 2013 ἡμέ-

198 2032 235 2065 ραν.
248 2029 277 2055 10.
306 2017 380 2065 ἡξίωσάς
395 2035 416 2065 με
431 2022 461 2068 τὴς
474 2020 535 2070 ἡμέρας

201 2072 303 2119 ...ταύτης
321 2085 349 2120 14.
388 2074 419 2121 τὴν
440 2078 470 2112 τοῦ
491 2091 533 2124 μαρ-

198 2128 256 2175 τυρίου
281 2128 332 2164 αὐτοῦ
359 2127 421 2177 ἡμέραν
443 2130 532 2179 γενέθλιον.

200 2183 229 2219 18.

167 2237 248 2286 Ἧμερας.
277 2238 320 2286 πρὸς
328 2238 348 2274 τό
358 2237 418 2287 ι’ίγριον
426 2239 481 2276 αὐτῶν
489 2240 534 2286 ὑμεῖς

196 2292 259 2341 ἥμεροι.
275 2291 318 2343 Ign.
329 2291 377 2344 Eph.
388 2304 417 2331 10.

169 2347 266 2395 Ἤμέτερος.
286 2348 314 2383 διὰ
323 2348 353 2395 τὴν
361 2347 443 2398 ἡμετέραν
452 2348 534 2397 σωτηρίαν

197 2402 271 2450 ἐκχυθέν.
287 2401 347 2441 Clem.
358 2402 369 2440 I
380 2411 397 2452 7.
417 2402 461 2440 οὐδὲ
470 2404 497 2440 διὰ
505 2405 534 2450 τῆς

196 2457 276 2506 ἡμετέρας
289 2459 405 2508 σοφίας-32.
434 2459 464 2496 τὰς
476 2457 534 2506 ἡμετέ-

195 2528 227 2560 ρας
239 2513 366 2559 ,..διατάξεις.
382 2512 439 2551 Mart.
455 2511 498 2564 Igu.
514 2524 532 2550 2.

195 2570 229 2603 τῶν
242 2567 326 2616 ἡμετέρων
340 2570 356 2605 οἱ
371 2571 457 2618 παρόντες.
475 2567 532 2606 Mart.

196 2620 260 2672 Polyc.
274 2635 291 2671 9.
320 2625 329 2659 ὁ
346 2627 380 2660 τῶν
394 2623 477 2673 ἡμετέρων
493 2623 535 2660 θεῶν

196 2677 298 2726 καθαιρέτης.
316 2690 345 2715 12.

164 2730 254 2780 ’ἮττειροςΙ
282 2732 312 2778 τὴν
321 2735 389 2783 ἡπειρον
398 2734 428 2782 τὴν
436 2735 479 2783 πρὸς
487 2733 534 2771 Ἐπί-

195 2787 261 2834 δαμνον.
277 2785 334 2826 Mart.
345 2786 389 2839 Igu.
400 2797 417 2837 5.

166 2841 237 2879 Ἤπίως.
273 2840 326 2890 ἠπίως
348 2859 367 2880 τε
390 2845 417 2881 καὶ
438 2846 531 2893 προσηνῶς.

196 2894 317 2946 Olen1.123.

166 2950 275 3000 Ἤσυχάζειν.
303 2954 343 2989 Τισὶ
352 2953 371 2989 δὲ
380 2955 406 2990 καὶ
414 2952 532 3003 παρήγγελλεν

195 3005 290 3055 ἡσυχάζειν.
306 3006 362 3047 Mart.
373 3007 415 3059 Igu.
427 3009 443 3047 6.

166 3059 249 3109 Ἡσυχία.
278 3062 344 3099 δύναται
366 3065 392 3101 καί
409 3065 438 3111 τὴς
460 3063 531 3111 ἡσυχίας

590 812 665 859 λόσσης.
680 810 739 850 Olem.
754 810 765 848 I
780 822 810 849 20.
841 810 931 848 θάλασσάν

589 881 609 903 τε
622 869 650 904 καί
661 867 683 903 τό
695 867 713 904 έν
722 867 763 914 αὐτῇ
776 867 815 912 ζῶα.
831 877 862 915 33.
890 866 930 910 ε’βν-

589 921 676 968 θίσθησαν
682 921 706 960 εἲς
714 921 805 958 θάλασσαν
811 921 886 969 ἐρυθρόν.
897 928 928 969 51.

589 976 617 1013 διὰ
628 978 660 1025 γὴς
669 976 697 1013 καὶ
709 976 804 1022 θάλασσης.
819 974 862 1026 Igu.
873 975 928 1014 Rom.

590 1037 607 1078 5.
637 1029 930 1080 όπαιὴσας...τὴνγὴνκαλτὴν

589 1085 687 1124 θάλασσαν.
703 1084 760 1124 Mal&¹
771 1084 814 1137 Ign'.
826 1096 843 1124 2.

563 1141 666 1189 Θανόσιμος,
681 1142 741 1190 ὥσπερ
755 1140 848 1187 θανάσιμον
861 1141 929 1191 φάρμα-

588 1210 618 1232 κον
627 1196 705 1234 διδόντες.
720 1194 762 1247 Ign.
773 1193 830 1233 Trall.
841 1195 859 1234 6.

562 1252 689 1299 θανατηφόρας.
710 1252 797 1299 γεννὼσας
806 1252 870 1299 καρπόν
878 1250 927 1288 θανα-

588 1307 672 1354 τηφόρον.
687 1303 729 1356 Ign.
740 1303 797 1343 Trall.
808 1317 837 1343 11.

562 1361 642 1398 θάνατος.
671 1360 692 1397 δι’
702 1360 722 1397 οὗ
734 1361 762 1397 καὶ
770 1360 841 1399 θάνατος
850 1360 929 1408 εἷσὴλθεν

589 1415 613 1453 εἷς
621 1416 651 1452 τόν
660 1417 731 1463 κοσμόν.
746 1414 806 1454 Olem.
817 1414 828 1452 I
838 1427 856 1464 3.
878 1415 929 1464 μέχρι

588 1470 661 1507 θανάτου
675 1470 770 1519 διωχθῆναι.
786 1482 803 1518 4.
833 1469 864 1509 ἕως
877 1470 927 1507 θανό-

588 1540 618 1562 του
627 1524 686 1571 ἡλθον.
700 1533 717 1573 5.
744 1526 764 1562 τό
774 1525 798 1563 εἷς
807 1525 878 1562 θιίνατον
886 1524 928 1575 όγον

588 1581 645 1627 ζῆλος.
661 1592 679 1629 9.
705 1579 928 1629 οὐχεῦρέθηαύτοῦθόνα-
994 1628 996 1632 Ι

587 1650 621 1673 τος.
637 1633 663 1674 ib.
699 1635 770 1672 θάνατον
792 1635 812 1672 τό
833 1636 929 1684 πρόστιμον

587 1690 662 1738 ἔχουσιν.
677 1702 708 1737 41.
736 1690 764 1727 καὶ
773 1690 843 1728 θάνατος
852 1691 928 1728 κατέπιεν

588 1744 655 1784 αὐτούς.
672 1753 717 1793 51.Ἰ
735 1746 815 1789 βασιλεῖς
833 1745 860 1782 καί
876 1743 927 1795 ἡγοό-

587 1814 635 1846 μεναι
643 1830 648 1839 .
656 1831 660 1839 .
668 1799 777 1849 ,παρέδωκαν
786 1799 854 1838 ἑαυτοὺς
866 1800 890 1838 είς
898 1800 928 1837 θό-

588 1869 643 1892 νατον.
656 1862 688 1904 55.
715 1857 724 1892 ό
733 1856 772 1899 βίος
780 1854 827 1902 ἡμῶν
835 1855 875 1892 όλος
884 1855 928 1891 ἄλλο

587 1910 636 1947 οὐδὲν
648 1909 669 1957 ἡν
680 1910 695 1947 εἷ
708 1910 731 1958 μὴ
746 1910 821 1948 θάνατος.
835 1908 857 1947 Π
866 1921 884 1948 1.
908 1912 927 1947 ό-

587 1965 639 2012 μοίως
655 1966 682 2002 καὶ
698 1967 708 2002 ὁ
725 1964 796 2003 θάνατος
811 1967 842 2001 τοῦ
858 1964 925 2014 Κυρίου.

587 2018 630 2070 Ign.
639 2018 689 2071 Eph.
700 2031 729 2069 19.
740 2043 742 2052 .
758 2020 786 2057 διὰ
794 2020 814 2056 τό
824 2019 928 2067 μελετᾶσθαι

587 2074 660 2112 θανάτου
679 2076 776 2112 κατάλυσιν.
792 2073 818 2113 ib.
858 2074 880 2111 τὰ
897 2073 927 2111 δύο

587 2131 636 2176 ὁμοῦ,
655 2129 665 2166 ό
684 2145 703 2167 τε
721 2130 792 2168 θάνατος
812 2131 839 2167 καὶ
857 2129 867 2176 ἡ
886 2129 926 2176 ζωὴ.

587 2182 653 2235 Magn.
665 2192 685 2232 5.
712 2184 722 2231 ἡ
736 2184 769 2231 ζωὴ
784 2184 831 2231 ἡμῶν
845 2184 928 2222 ἀνέτειλεν

585 2239 615 2275 ’διὰ
623 2269 640 2277 ..
651 2242 694 2278 ,τοῦ
704 2240 775 2276 θανάτου
787 2240 845 2277 αὐτοῦ.
859 2251 876 2288 9.
899 2255 927 2277 πι-

587 2292 691 2332 στεόσαντες
706 2294 730 2332 εἷς
742 2295 772 2331 τόν
786 2294 856 2331 θάνατον
869 2295 925 2333 αὐτοῦ.

587 2346 646 2386 Trall.
663 2360 680 2386 2.
717 2349 739 2386 τὰ
758 2348 817 2386 ἄθικτα
837 2349 897 2398 ἀρχεῖα
917 2352 927 2387 ὁ

587 2404 662 2452 σταυρὸς
672 2404 724 2441 αὐτοῦ
736 2404 763 2441 καὶ
774 2406 783 2440 ὁ
793 2404 868 2443 θάνατος.
883 2402 927 2442 Phi-

587 2456 624 2495 lad.
633 2460 651 2496 8.
676 2459 747 2496 θανάτου
756 2460 889 2508 κατεφρόνησαν,
896 2461 925 2507 ηὖ-

587 2512 662 2561 ρέθησαν
667 2514 686 2551 δέ
693 2514 735 2563 ὑπὲρ
743 2514 818 2552 θάνατον.
827 2513 924 2565 81151113.

587 2568 656 2605 ἔκδοτον
663 2569 726 2606 δέδωκα
735 2572 759 2620 τῷ
768 2569 838 2620 θανάτῳ.
850 2582 867 2616 4.
887 2585 927 2607 συν-

588 2621 647 2672 ἡγοροι
662 2626 692 2660 τοῦ
709 2625 785 2662 θανάτου.
802 2631 819 2672 5.
849 2623 881 2663 ἕως
896 2625 926 2662 θα-

588 2679 638 2715 νάτου
653 2681 759 2727 καταντῆσαι.
775 2678 838 2730 Polyc.
849 2678 896 2718 Phil.
909 2692 925 2718 1.

588 2733 615 2770 ἐπὶ
624 2733 696 2771 θάνατον
702 2736 711 2771 ὁ
718 2737 795 2773 τοιοῦτος
801 2737 858 2784 ἤγετο.
868 2733 925 2774 Mart.

560 2846 652 2881 θανατοῦν.
680 2843 726 2883 ὅπως
739 2844 868 2893 συλληφθέντες
877 2844 926 2882 θανα-

586 2898 669 2936 τωθῶσιν.
686 2897 745 2937 Ulem.
757 2898 768 2936 Ι
778 2911 807 2937 12.

559 2953 633 3000 θάρσος.
664 2954 739 3003 θάρσους
752 2955 779 2991 καὶ
792 2957 846 3004 χαρᾶς
859 2955 924 3003 ε’νεπίμ-

585 3010 646 3046 πλατο.
663 3008 721 3048 Mart.
732 3008 795 3060 Polyc.
807 3022 836 3047 12.

559 3064 628 3102 θᾶττον.
665 3063 711 3103 ὅπως
729 3064 925 3115 θᾶττον.,’.ἆπαγγέλ-
989 3110 990 3113 ἡ
