1958 3490
242 271 243 274 Ἴ
302 213 344 256 nu
360 211 600 263 eoarurnros,xx.
628 258 632 266 ,
775 208 804 253 ar

40 385 42 388 .
107 331 154 383 sibi
169 330 275 380 invicem
288 329 470 396 impedimento,
482 326 645 376 constitutum
662 324 693 375 ab
710 342 738 373 eo
751 342 804 373 eur-

107 428 162 462 sum
184 407 320 466 absolvrmt.
357 406 399 457 Sol
422 411 448 455 et
468 404 534 464 luna,
557 409 583 453 et
605 401 713 453 siderum
732 401 804 461 chori,

106 486 241 539 seeundum
264 485 317 553 ejus
343 483 494 542 mandatum,
517 482 569 533 sine
597 479 648 531 ulla
669 486 805 547 transgres-

106 567 180 625 sione,
191 565 218 615 in
229 564 356 615 eoncordia
369 569 477 615 statutos
495 561 542 613 sibi
552 560 669 611 terminos
680 558 804 609 euolvrmt.

107 646 180 696 Terra
196 643 305 711 gravida,
317 661 362 694 suo
377 649 494 709 tempore,
506 639 640 691 seeundum
655 639 707 707 ejus
719 638 805 688 volun-

104 729 190 782 tatem,
212 722 358 781 hominibus,
377 721 442 780 feris,
463 717 491 770 et
511 718 623 769 omnibus
645 735 708 784 quae
731 735 804 790 super

105 819 159 852 eam
177 807 237 851 sunt
255 800 428 859 animantibus,
446 798 591 849 alimentum
609 797 636 847 in
653 796 805 847 abundantia

104 880 204 947 profert,
223 897 274 928 non
295 878 427 937 haesitans,
450 877 530 943 neque
550 882 649 937 mutans
669 875 804 943 quidquam

104 976 188 1008 eorum
206 975 269 1024 quae
289 956 320 1006 ab
337 974 365 1005 eo
382 956 481 1007 decreta
501 961 564 1005 sunt.
599 954 752 1022 Abyssorum
767 954 804 1003 in-

104 1035 265 1103 vestigabilia,
277 1040 303 1085 et
314 1034 448 1084 inlerorum
463 1032 635 1084 inenarrabilia
647 1032 741 1100 judicia
758 1032 803 1083 eis-

104 1116 161 1166 dem
171 1114 295 1165 mandatis
307 1114 468 1164 eontinentur.
505 1113 583 1163 Moles
600 1112 713 1163 immensi
728 1111 803 1162 maris

103 1213 147 1262 per
158 1194 336 1244 ordinationem
348 1193 401 1260 ejus
412 1193 439 1243 in
452 1192 561 1244 cumulos
575 1197 723 1251 coacervata,
734 1209 803 1258 repa·
810 1204 853 1239 een.
862 1206 867 1238 r
876 1216 892 1250 9.

82 1347 84 1349 '
102 1340 154 1394 quod
172 1342 241 1391 κρίσεις,
259 1340 393 1392 separationes,
410 1353 438 1380 se.
464 1340 501 1379 hoa
514 1341 556 1380 loeo
569 1340 597 1380 ita
611 1339 687 1379 disserit
697 1338 718 1377 in
727 1339 802 1378 Praefa-

101 1396 224 1447 preputa'oaea.
253 1395 340 1435 Praestat
360 1397 436 1444 κλίματα.
464 1394 801 1435 tioneParaenetiea:‘Minusbene

102 1449 228 1490 DRESSEL.
269 1452 351 1500 Κρίματα·
375 1453 438 1489 oana-
465 1450 578 1490 ‘transtulit
595 1449 681 1499 Junius3
706 1449 802 1488 Immerase'

102 1507 143 1554 μίαι.
166 1504 239 1545 Suidas.
275 1505 325 1545 Oum
343 1504 438 1545 Dresselio
465 1506 542 1545 ‘moade
554 1504 685 1557 profunditas,
700 1505 732 1543 dre,
749 1504 802 1556 quod

101 1564 140 1600 stat
150 1559 231 1611 Lipsius,
240 1559 274 1612 qui
287 1573 354 1599 vorem
367 1561 438 1611 κρίματα
466 1560 530 1599 ‘haud
545 1559 661 1612 perspiceret
675 1560 752 1599 Patrem
768 1573 801 1598 an-

102 1629 112 1654 e
128 1615 184 1654 Rom.
199 1614 220 1653 ix
233 1628 258 1665 33
272 1615 366 1654 intrusam
379 1614 437 1654 fnisse
465 1615 608 1667 ‘tiquissimum
628 1614 749 1654 (lreationem
771 1627 801 1653 re-

101 1669 213 1721 suspieatur.
229 1670 292 1719 Quam
301 1669 438 1709 correctionem
465 1670 569 1721 ‘spexissa
583 1674 603 1709 et
615 1669 670 1708 LXX
683 1669 731 1708 Intt.
742 1670 802 1708 verba

101 1723 261 1776 simplicissimam
283 1737 333 1773 sane,
355 1723 437 1777 Hilgen·
465 1727 585 1777 ‘usurpasse
603 1737 652 1776 quae
672 1724 693 1763 in
711 1724 802 1763 Hebraeo

100 1779 174 1828 falsius,
186 1792 255 1830 parum
268 1778 393 1818 neeessariam
406 1793 437 1818 re·
465 1782 519 1819 ‘non
536 1780 636 1828 hahentur,
655 1778 698 1819 Gen
713 1778 720 1817 i
736 1792 754 1830 9,
770 1781 802 1817 Kal

100 1838 176 1886 putans,
206 1833 298 1886 intelligit
325 1834 438 1873 Paradisum
465 1835 557 1884 ίσσιαῇχθη
566 1837 586 1873 τὸ
596 1834 642 1884 ὕδωρ
655 1837 675 1872 τὸ
687 1836 764 1873 ὑποκάτω
774 1836 802 1872 ot-

100 1889 250 1937 subterraneum,
275 1894 332 1940 χῶρον
354 1891 437 1938 εὐσεβῶν,
465 1892 530 1939 ‘pavet
545 1892 569 1929 εἷς
583 1891 613 1929 τὰς
627 1890 727 1940 συναγωγὰς
740 1891 800 1928 αὐτῶν.

100 1943 110 1994 ξ
130 1955 161 1992 50.
190 1943 290 1991 Ruehatns
308 1943 438 1995 oonjeeturam
465 1944 534 1985 ‘Licet
552 1944 604 1984 enim
627 1942 645 1984 S.
663 1943 745 1983 Basilius
766 1944 800 1983 ob·

101 2011 161 2047 suam,
179 1997 276 2038 inficetam
294 1998 377 2050 quidem,
393 2000 436 2050 χρὴ·
465 2003 542 2039 ‘servet
550 1999 597 2039 haee
606 1999 665 2039 verba
674 1999 732 2038 filisse
746 1999 801 2039 obelo

99 2070 144 2101 ματα
161 2052 314 2106 interpretatum
333 2059 393 2093 toalea
412 2055 438 2093 les
465 2057 551 2103 ‘notata
568 2068 604 2094 nee
621 2054 642 2093 in
657 2054 747 2094 Hebraeo
763 2054 800 2094 (lo-

99 2108 161 2147 etoaea
170 2107 205 2158 qut
215 2123 234 2147 ae
247 2114 334 2148 monuerat
348 2108 399 2148 duaa
412 2109 438 2148 les
465 2109 521 2150 ‘dice
532 2109 657 2162 reperiantur,
671 2114 725 2162 patet
735 2113 801 2149 tamen

98 2163 196 2202 eatroilles
204 2164 227 2202 de
237 2164 257 2203 lo
266 2170 318 2203 terre.
336 2163 437 2217 Integram
465 2167 501 2204 ‘ea
517 2165 541 2204 ad
555 2165 733 2216 interpretationem
745 2164 800 2203 LXX

100 2218 215 2258 sententiam
221 2218 249 2258 ita
256 2219 315 2259 vertit
322 2219 436 2272 Herzogius,
464 2220 580 2272 ‘pertinere
595 2224 615 2259 et
630 2219 655 2259 ad
670 2220 712 2272 ipsa
727 2219 746 2259 S.
758 2219 800 2259 Ole-

98 2272 437 2326 Da'euaerforaelala'elaeaWaltaapea
464 2274 689 2326 ‘mentemrespexisse'
710 2274 800 2314 InPear-

99 2328 123 2367 a‘a
136 2328 170 2367 der
183 2328 290 2377 Uutereoelt,
304 2329 349 2368 aad
361 2330 392 2369 die
407 2343 438 2380 pe·
464 2330 506 2369 soni
535 2329 693 2382 interpretatione
721 2329 800 2369 minime

98 2382 252 2423 teimaissoollea
269 2384 293 2423 ia
314 2385 351 2424 dea
370 2384 438 2436 rima
464 2385 686 2436 probatBirriusverba
698 2384 745 2423 haee
758 2387 800 2423 κατὰ

99 2438 176 2489 aenaea
190 2438 214 2477 ab
227 2453 265 2478 aaa
278 2439 344 2479 selaeu
355 2439 438 2490 naqua—
464 2441 495 2488 τὴν
513 2442 621 2490 δημιουργίαν
635 2442 686 2478 αὐτοῦ
701 2439 729 2479 ita
744 2439 800 2478 reddi

97 2507 138 2543 peu.
180 2492 292 2534 Ohevallier.
317 2494 346 2533 rae
367 2495 437 2534 ruatold
462 2495 485 2533 ia
503 2494 547 2547 ipso
569 2494 601 2533 sai
623 2495 721 2542 arentinae,
739 2507 799 2546 quum

93 2547 206 2599 juolpraeata
219 2549 244 2600 of
253 2549 282 2588 tte
296 2550 352 2588 lower
361 2549 423 2589 world
426 2564 435 2597 ,·
462 2563 568 2601 pronomen
577 2551 628 2587 αὐτοῦ
642 2548 666 2587 ad
679 2549 743 2600 ipsum
752 2551 799 2597 δημι-

98 2603 174 2652 reetius‚
183 2603 212 2643 rte
221 2604 349 2644 ladeaoribotl
357 2634 361 2643 .
463 2608 525 2654 σαργόν
533 2603 653 2644 referendum
662 2603 692 2652 sit,
702 2603 727 2642 ad
741 2617 799 2655 quem

125 2658 151 2697 ih.
165 2663 201 2698 τοῖς
216 2661 280 2710 αὐτοῖς]
297 2659 376 2699 Noltius
392 2673 436 2699 eon·
463 2659 521 2698 etiam
535 2671 615 2710 sequens
627 2659 708 2698 verbum
723 2659 799 2706 διέταξεν

96 2712 193 2765 jacturam
209 2714 255 2754 facit
274 2718 309 2754 ταῖς
327 2717 379 2753 αὐτοῦ
396 2714 434 2754 soil.
462 2713 567 2753 necessario
580 2713 666 2752 refertur.
687 2712 752 2752 Vertit
761 2713 797 2765 igi-

97 2772 147 2806 θεοῦ.
173 2767 211 2807 Sed
229 2769 279 2808 inira
294 2769 386 2809 habemus
400 2773 437 2808 ταῖς
463 2774 496 2809 tur
512 2769 558 2820 ipse,
575 2767 680 2807 seeundum
700 2767 798 2819 opificium

96 2824 154 2861 aaran
167 2827 232 2873 σαγαῖς.
373 2830 376 2834 ’
461 2824 528 2876 ipsias.

126 2889 156 2915 12.
171 2882 194 2915 Τὸ
209 2879 258 2919 κύτος
276 2883 305 2928 τῆς
321 2880 391 2929 ἀπείρου
406 2881 435 2917 θα·
491 2891 521 2928 13.
535 2879 621 2917 συσταθὲν
636 2879 660 2917 εἷς
675 2880 705 2917 τὰς
720 2894 799 2929 συναγω-

95 2929 172 2985 λάσσηε]
190 2932 295 2974 Wottonus
312 2934 333 2973 in
349 2934 436 2974 versione
462 2931 501 2987 γάς]
515 2933 540 2972 In
553 2933 642 2986 pericope
655 2931 688 2972 illa
701 2933 726 2972 ad
740 2947 799 2986 quam

96 2999 130 3025 sua
139 2986 226 3038 sequitur
235 2989 357 3037 Pearsonum,
368 2990 400 3042 qui
412 2989 435 3029 de
462 2989 546 3040 respexit
571 2987 590 3028 S*
610 2988 673 3038 Pater,
697 2994 717 3029 et
740 3003 798 3041 quam
