2061 3403
206 142 235 183 ne
381 189 385 197 ,
453 140 475 183 s.
491 138 664 183 cnumnums

205 254 357 326 παρεκβαίνει
376 253 407 309 τὰ
431 254 602 327 περιτεθειρένα
627 255 687 325 αὐτῇ
712 256 817 323 κλεῖθρα,
841 249 908 306 ἀλλὰ

207 340 285 400 καθὼς
297 340 402 412 διέταξεν
415 341 483 414 αὐτῇ,
499 342 572 398 οὕτως
586 345 653 396 ποιεῖ·
672 336 734 393 εἶπεν
746 336 802 409 γὰρ,
818 336 908 396 “Ἕωτ

208 435 222 460 “
234 428 279 482 ὧδε
298 426 372 498 ἥξεις,
392 431 430 483 καὶ
448 426 479 482 τὰ
498 425 589 494 κύματά
608 442 654 480 σον
672 425 697 479 ἕν
717 448 758 479 σοι
774 423 906 495 συντριβή-

207 522 221 548 “
234 516 326 570 σεται.”
353 514 467 573 Ὠκεανὸς
478 513 610 585 ἀνθρώποις
622 511 760 582 ἀπέραντος,
772 514 810 566 καὶ
823 514 845 565 cl
856 510 906 579 μετ’

207 716 308 756 Hebraeus
317 716 390 756 Textus
402 729 441 756 non
451 715 543 768 agnoscit,
572 718 677 766 ‘maguum
686 718 706 754 et
717 714 805 767 inausum
816 713 907 767 navigen-

206 771 235 810 ita
248 771 319 824 legitur
332 772 383 823 apud
393 771 448 810 LXX
459 771 506 810 Intt.
518 770 544 809 «al
572 769 637 809 ‘tibus
646 773 704 823 etque
712 769 829 810 intentatum
843 770 907 810 nautis

206 826 291 875 συνήχθη,
307 840 343 878 pro
361 839 399 878 quo
415 826 503 866 Clemens
515 825 544 865 vi·
572 825 653 864 ‘fundae
666 838 723 873 mure,
734 825 786 877 quod
797 824 907 865 Britannias

206 880 264 920 detur
286 881 354 933 legisse
377 884 457 930 συνέστη.
492 880 544 920 Voce
572 879 674 920 ‘frementi
696 879 777 919 includit
798 879 907 933 ccqucrel'

206 937 298 985 συνίστημι
310 940 377 988 postea
391 936 411 975 in
425 935 543 975 versionibus
571 935 705 975 Hexae'meron
719 934 753 973 III
768 934 789 974 iii
801 944 830 984 15.
859 935 907 975 Gui-

205 990 245 1030 suis
263 991 294 1030 usi
309 996 354 1031 sunt
369 990 440 1043 Aquila
454 996 474 1030 et
488 990 544 1042 Sym·
569 990 812 1030 lielmusBurtanunium
821 988 908 1042 sequitur

205 1045 290 1095 machus,
304 1059 386 1098 quorum
399 1051 481 1097 uterque
494 1045 544 1097 peri-
571 1050 590 1085 et
601 1045 665 1085 locum
678 1044 739 1085 Solini
753 1045 831 1097 profert,
841 1045 907 1084 ‘Marc

205 1100 544 1153 ccpcnimmedicteprcecedentem
571 1100 638 1153 ‘quod
656 1100 771 1140 Hiberniam
792 1105 812 1140 et
830 1099 906 1140 Britan-

204 1155 233 1194 itc
241 1160 326 1199 vertunt,
337 1158 364 1194 καὶ
373 1155 454 1204 avertes
466 1157 486 1193 τὸ
497 1155 542 1204 ὕδωρ
571 1155 637 1194 ‘niem
645 1155 738 1204 interluit,
744 1155 840 1195 undosum
850 1159 869 1195 et
877 1154 907 1194 in-

204 1213 225 1249 τὸ
234 1212 312 1249 ὑποκάτω
325 1214 356 1248 τοῦ
367 1212 443 1260 οὐρανοῦ.
459 1209 541 1249 WOTT.
571 1210 672 1262 ‘quietum
682 1214 724 1251 tcto
736 1210 756 1249 in
765 1224 820 1258 anno,
830 1209 906 1250 nonnisi

233 1278 250 1315 3,
267 1267 289 1303 τὰ
307 1265 371 1314 κύματά
386 1263 427 1318 σου]
444 1264 469 1303 In
485 1263 543 1304 MStc
571 1264 662 1305 ‘aestivis
683 1265 768 1317 pauculis
791 1265 858 1305 diebus
876 1269 906 1304 est

204 1326 314 1365 ΚΡΥΜΑΤΑ,
338 1319 440 1359 oscitantia
462 1318 541 1368 librarii,
571 1319 703 1372 ‘navigabile’
734 1320 825 1372 Pclyhist.
846 1321 856 1372 ᾗ
874 1333 904 1360 22.

204 1374 237 1427 qui
252 1381 349 1413 ΚΡΙΜΑΤΑ
362 1374 427 1426 paullo
441 1379 486 1413 autc
496 1374 542 1413 scri·
570 1374 635 1414 Fellus
644 1379 709 1415 autem
718 1375 742 1421 de
748 1388 802 1414 mure
808 1374 906 1415 Atlantico

203 1434 274 1482 pscrnt.
570 1429 654 1481 exponit.

231 1484 256 1524 lbi
267 1488 286 1522 ἕν
298 1501 327 1523 σοι
341 1481 488 1537 συντριβήσεται]
501 1482 542 1522 Ha·
595 1484 620 1524 ib.
636 1482 737 1538 ἀπέραντος]
755 1484 787 1524 Ila
801 1484 847 1525 (lod.
863 1485 905 1524 MS.

203 1541 275 1580 bentur
286 1539 333 1579 haec
347 1539 411 1591 paullo
424 1539 480 1578 aliter
491 1537 542 1590 apud
569 1552 627 1591 quam
649 1539 751 1579 lectionem
769 1539 828 1579 Olem.
848 1538 905 1579 Alex.

204 1594 259 1634 LXX
269 1594 317 1634 Intt.
328 1599 385 1644 Μέχρι
398 1594 459 1632 τούτου
472 1594 541 1641 steten,
569 1593 639 1634 Strom.
657 1608 670 1633 v
683 1606 713 1642 12,
727 1608 745 1646 p.
761 1595 799 1645 693
816 1594 845 1635 ed.
861 1595 906 1634 Pot-

204 1652 231 1688 κνὶ
244 1651 277 1700 οὐχ
291 1649 386 1699 ineptior),
398 1649 436 1687 ἀλλ’
447 1650 465 1687 ἐν
478 1651 541 1697 σεαυτῇ
568 1654 603 1689 ter.
614 1649 719 1689 confirmat.
748 1649 818 1689 Junius
832 1654 852 1690 et
863 1649 906 1689 Fel-

205 1705 337 1755 σνντριβῆσεταί
362 1720 395 1741 σου
423 1706 444 1741 τὰ
471 1703 539 1751 κύματα
568 1704 907 1754 lusmellentdm'paws,utietOri-

148 1804 150 1809 Ι
205 1759 255 1799 Hel)⁴
269 1759 346 1806 Textm,
360 1759 388 1798 Et
403 1758 434 1798 llic
445 1764 504 1810 poscet
518 1758 542 1796 ιἰι
568 1773 626 1812 genes
634 1759 712 1798 videtur
725 1759 793 1812 legisse
805 1760 826 1799 in
837 1759 905 1799 Erech.

204 1815 285 1854 eletione
294 1814 371 1866 fluetus
387 1819 434 1852 tuce.
463 1812 540 1865 Vulgct.
568 1814 602 1854 viii
612 1828 630 1865 3,
644 1814 693 1867 Opp.
704 1813 726 1853 iii
739 1828 757 1866 p.
769 1828 808 1863 422
819 1815 847 1854 cd.
858 1814 905 1854 Ben.

204 1869 270 1921 paullo
279 1869 358 1921 propius
368 1868 392 1907 nd
402 1868 461 1917 LXX,
470 1868 499 1906 Et
511 1867 542 1907 lto
568 1882 626 1921 quem
634 1869 699 1908 lecum
708 1869 820 1909 Gallandius
832 1869 906 1922 primus

205 1922 540 1975 cenfricyeetcmeutesflcctcctuos.
568 1924 619 1963 inter
635 1923 740 1963 Clementis
753 1924 843 1964 Editcres
857 1924 907 1964 indi·

205 1978 274 2018 Versio
289 1978 373 2029 Syriaca,
381 1979 409 2017 Et
418 1978 449 2016 tle
457 1977 542 2016 nimbis
568 1979 623 2019 cuvit·
644 1979 712 2019 Snidas
722 1979 804 2031 quidem,
814 1993 854 2020 voc.
864 1981 907 2019 'An-¹

205 2034 229 2073 ι’τι
242 2033 378 2084 tinnunculum
386 2032 487 2084 fluctuum
502 2039 542 2071 tco—
569 2035 633 2083 έρατον,
656 2034 703 2073 haec
725 2034 789 2079 habet,
807 2036 906 2085 Ἀτέρατον

205 2103 256 2128 c‘ctm,
288 2088 362 2127 Eodem
377 2088 435 2127 modo
450 2087 542 2126 sehabet
568 2090 643 2139 ἄπειρον,
654 2091 701 2140 μέγα,
712 2090 733 2128 οὗ
744 2092 797 2141 πέρας
810 2092 840 2128 οὔκ
852 2092 905 2129 ἔστιν.

205 2143 274 2183 Versio
290 2141 377 2181 Arabica.
411 2142 542 2193 Symmachus,
570 2147 591 2181 οἱ
599 2146 618 2181 δὲ
627 2147 669 2192 μετὰ
680 2148 711 2182 τοῦ
721 2148 740 2182 νῦ
748 2146 845 2195 γράφοντες
853 2149 906 2195 ἁμαρ-

205 2201 283 2244 κνμάτων
298 2199 375 2247 τετάχθω
390 2198 410 2234 τὸ
426 2199 493 2247 ἔπαρμα
509 2202 543 2234 τῶν
568 2201 653 2237 τάνουσιν.
682 2198 710 2239 At
724 2199 741 2238 el
757 2200 813 2252 plura
826 2199 906 2251 scripto·

201 2254 248 2292 Ἕως
257 2253 290 2291 ὧδέ
297 2268 336 2291 σου.
351 2251 433 2291 WOTT.
568 2266 612 2291 rum
630 2253 760 2306 antiquiorum
778 2255 820 2294 lccc
840 2255 906 2306 objicit
965 2261 966 2264 ’

232 2321 249 2356 4.
265 2304 352 2360 Ὠκεανὸς]
365 2305 498 2346 Britannicum
509 2319 543 2345 no·
570 2307 658 2347 Sulcerus
668 2308 688 2347 in
698 2309 753 2361 Thes.
764 2309 815 2349 Eccl.
823 2309 844 2348 in
852 2323 904 2349 voce.

203 2367 266 2403 strum
278 2367 297 2402 et
307 2361 435 2401 Hibernicum
448 2374 501 2399 mure
514 2360 543 2399 in·
570 2362 634 2413 Hujus
642 2367 707 2402 cutem
719 2363 738 2403 S.
749 2364 812 2403 Patris
820 2364 857 2403 loci
867 2378 906 2404 me·

203 2418 274 2471 telligit
288 2417 365 2467 Junins,
380 2421 400 2455 et
414 2416 505 2455 lectorem
518 2415 543 2454 cd
568 2418 666 2457 minerunt
681 2422 758 2469 praeter
772 2418 831 2458 Ulem.
848 2417 904 2458 Alex.

203 2473 297 2513 Busilium
325 2478 344 2513 et
365 2470 491 2510 Ambrosium
513 2484 542 2509 re·
570 2476 589 2510 et
600 2472 703 2524 Origenem
712 2472 747 2512 loc
756 2472 787 2512 cit.
798 2472 906 2513 hiciterum

202 2529 269 2578 mittit,
283 2541 365 2580 quorum
377 2527 414 2575 ille,
425 2526 483 2565 Hom.
495 2538 507 2573 4
521 2525 541 2563 iu
568 2528 607 2576 περὶ
621 2527 688 2576 Ἀρχῶν
699 2526 722 2565 Π
735 2527 756 2565 iii
770 2529 787 2577 6,
802 2528 851 2580 Opp.
864 2529 872 2568 i
885 2543 904 2581 p.

202 2584 343 2632 Hexae‘mercn,
364 2585 385 2621 τὸ
409 2583 487 2632 πέλαγος
512 2582 542 2629 τὴν
570 2583 594 2619 82
610 2581 638 2620 ed.
655 2581 701 2621 Ben.
736 2582 866 2636 Hieronymus
881 2584 906 2623 ad

203 2640 313 2689 Βρεταννικὴν
326 2642 379 2686 νῆσον
392 2639 419 2675 καὶ
435 2638 475 2676 τοὺς
491 2637 542 2673 {osf-
569 2635 638 2687 Eplles.
649 2636 663 2674 ll
674 2650 691 2685 2,
702 2637 750 2689 Opp¹
760 2638 814 2691 Vllp.
826 2647 863 2689 571
875 2640 903 2678 ed.

201 2696 249 2744 ρίοντ
277 2693 349 2744 Ἴβηρας
375 2693 540 2743 περιπτυσσόμενον,
568 2690 648 2730 Vallars.
659 2691 692 2743 qui
701 2693 725 2731 ab
737 2693 820 2745 Origene
828 2694 906 2734 videtur

201 2750 245 2800 μέγα
263 2754 320 2788 vocat
338 2753 358 2788 et
373 2750 474 2798 πλωτῆρσιν
491 2747 542 2784 ἅτόλ-
568 2745 663 2795 sumsisse,
677 2760 751 2787 necnon
762 2749 842 2789 Phctius
856 2749 904 2788 Ocd.

201 2816 260 2852 μητον·
275 2803 324 2855 Opp.
339 2802 347 2841 i
362 2817 381 2855 p.
397 2816 421 2851 ιι
437 2802 466 2842 ed.
481 2800 540 2840 Paris
569 2800 631 2840 cxxvi.
650 2800 753 2843 clementis
762 2805 826 2853 verbu,
836 2809 858 2844 ut
869 2803 905 2844 (lo-

204 2860 262 2908 1638,
271 2858 303 2897 hic
315 2857 342 2897 sic
352 2857 423 2907 scribit,
434 2857 495 2907 ‘Quis
509 2856 541 2895 de·
568 2856 635 2895 teleric
651 2856 719 2907 visum,
730 2858 818 2899 imitetur·
831 2859 905 2911 Diony-

202 2914 261 2953 ‘inde
269 2914 323 2962 sciat,
330 2913 350 2952 in
360 2918 453 2965 quantum
463 2926 483 2952 se
492 2910 540 2950 illud
568 2910 606 2950 sius
618 2910 673 2951 Alex.
687 2926 716 2965 cp.
727 2913 796 2954 Euseb.
808 2914 833 2955 H.
845 2914 866 2953 Ε.
877 2914 904 2953 vii
