<?xml version="1.0" encoding="UTF-8"?>
<!DOCTYPE html PUBLIC "-//W3C//DTD XHTML 1.0 Transitional//EN"
    "http://www.w3.org/TR/xhtml1/DTD/xhtml1-transitional.dtd">
<html xmlns="http://www.w3.org/1999/xhtml" xml:lang="en" lang="en">
 <head>
  <title>
</title>
<meta http-equiv="Content-Type" content="text/html;charset=utf-8" />
  <meta name='ocr-system' content='tesseract 3.04.00' />
  <meta name='ocr-capabilities' content='ocr_page ocr_carea ocr_par ocr_line ocrx_word'/>
</head>
<body>
  <div class='ocr_page' id='page_1' title='image "./MN41360ucmf_0/MN41360ucmf_0_0397.png"; bbox 0 0 1931 3420; ppageno 0'>
   <div class='ocr_carea' id='block_1_1' title="bbox 773 272 801 314">
    <p class='ocr_par' dir='ltr' id='par_1_1' title="bbox 773 272 801 314">
     <span class='ocr_line' id='line_1_1' title="bbox 773 272 801 314; baseline 0 0"><span class='ocrx_word' id='word_1_1' title='bbox 773 272 801 314; x_wconf 87' lang='grc'>15</span> 
     </span>
    </p>
   </div>
   <div class='ocr_carea' id='block_1_2' title="bbox 280 269 557 314">
    <p class='ocr_par' dir='ltr' id='par_1_2' title="bbox 280 269 557 314">
     <span class='ocr_line' id='line_1_2' title="bbox 280 269 557 314; baseline 0.007 -3"><span class='ocrx_word' id='word_1_2' title='bbox 280 269 316 312; x_wconf 81' lang='grc' dir='ltr'>ΕΤ</span> <span class='ocrx_word' id='word_1_3' title='bbox 332 269 557 314; x_wconf 82' lang='lat' dir='ltr'>FORMULARUM.</span> 
     </span>
    </p>
   </div>
   <div class='ocr_carea' id='block_1_3' title="bbox 66 379 803 650">
    <p class='ocr_par' dir='ltr' id='par_1_3' title="bbox 66 379 803 487">
     <span class='ocr_line' id='line_1_3' title="bbox 66 379 803 433; baseline 0 -13"><span class='ocrx_word' id='word_1_4' title='bbox 66 383 116 421; x_wconf 90' lang='grc' dir='ltr'>πάθει</span> <span class='ocrx_word' id='word_1_5' title='bbox 132 381 209 432; x_wconf 80' lang='grc' dir='ltr'>ἀληθινῷ.</span> <span class='ocrx_word' id='word_1_6' title='bbox 225 380 267 433; x_wconf 82' lang='lat' dir='ltr'>Ign.</span> <span class='ocrx_word' id='word_1_7' title='bbox 283 379 332 432; x_wconf 85' lang='lat' dir='ltr'>Eph.</span> <span class='ocrx_word' id='word_1_8' title='bbox 345 380 404 419; x_wconf 78' lang='lat' dir='ltr'>Inscr.</span> <span class='ocrx_word' id='word_1_9' title='bbox 460 381 499 420; x_wconf 77' lang='lat'>16.</span> <span class='ocrx_word' id='word_1_10' title='bbox 527 383 569 430; x_wconf 75' lang='grc' dir='ltr'>μηδὲ</span> <span class='ocrx_word' id='word_1_11' title='bbox 585 382 681 419; x_wconf 85' lang='grc' dir='ltr'>ἀλλοιοῦσά</span> <span class='ocrx_word' id='word_1_12' title='bbox 694 397 711 419; x_wconf 88' lang='grc' dir='ltr'>τι</span> <span class='ocrx_word' id='word_1_13' title='bbox 727 387 760 420; x_wconf 80' lang='grc' dir='ltr'>τῶν</span> <span class='ocrx_word' id='word_1_14' title='bbox 775 384 803 420; x_wconf 83' lang='grc' dir='ltr'>δε-</span> 
     </span>
     <span class='ocr_line' id='line_1_4' title="bbox 67 434 650 487; baseline -0.002 -12"><span class='ocrx_word' id='word_1_15' title='bbox 67 439 85 475; x_wconf 86' lang='grc' dir='ltr'>έν</span> <span class='ocrx_word' id='word_1_16' title='bbox 93 437 199 486; x_wconf 69' lang='grc' dir='ltr'>ῒάθανάτῳῒ</span> <span class='ocrx_word' id='word_1_17' title='bbox 208 436 241 483; x_wconf 80' lang='grc' dir='ltr'>ζωή</span> <span class='ocrx_word' id='word_1_18' title='bbox 250 434 324 483; x_wconf 85' lang='grc' dir='ltr'>άληθίνη,</span> <span class='ocrx_word' id='word_1_19' title='bbox 336 443 353 485; x_wconf 81' lang='grc'>7.</span> <span class='ocrx_word' id='word_1_20' title='bbox 382 437 407 475; x_wconf 82' lang='grc' dir='ltr'>είς</span> <span class='ocrx_word' id='word_1_21' title='bbox 460 436 603 487; x_wconf 78' lang='grc' dir='ltr'>θογματισμένων.</span> <span class='ocrx_word' id='word_1_22' title='bbox 619 448 650 474; x_wconf 82' lang='lat'>20.</span> 
     </span>
    </p>

    <p class='ocr_par' dir='ltr' id='par_1_4' title="bbox 66 489 802 650">
     <span class='ocr_line' id='line_1_5' title="bbox 66 489 802 541; baseline -0.001 -11"><span class='ocrx_word' id='word_1_23' title='bbox 66 494 86 530; x_wconf 86' lang='grc' dir='ltr'>τὸ</span> <span class='ocrx_word' id='word_1_24' title='bbox 100 492 180 538; x_wconf 80' lang='grc' dir='ltr'>ἀληθινὸν</span> <span class='ocrx_word' id='word_1_25' title='bbox 192 492 228 538; x_wconf 78' lang='grc' dir='ltr'>ζῆν.</span> <span class='ocrx_word' id='word_1_26' title='bbox 245 502 267 528; x_wconf 88' lang='lat'>11</span> <span class='ocrx_word' id='word_1_27' title='bbox 284 494 303 529; x_wconf 68' lang='lat' dir='ltr'>et</span> <span class='ocrx_word' id='word_1_28' title='bbox 316 489 405 540; x_wconf 78' lang='grc' dir='ltr'>Τ1α11,9.</span> <span class='ocrx_word' id='word_1_29' title='bbox 432 491 536 541; x_wconf 82' lang='grc' dir='ltr'>Ἀλλότριος.</span> <span class='ocrx_word' id='word_1_30' title='bbox 574 494 604 539; x_wconf 78' lang='grc' dir='ltr'>τῆς</span> <span class='ocrx_word' id='word_1_31' title='bbox 624 506 643 529; x_wconf 90' lang='grc' dir='ltr'>τε</span> <span class='ocrx_word' id='word_1_32' title='bbox 664 491 756 540; x_wconf 78' lang='grc' dir='ltr'>ἀλλοτρίας</span> <span class='ocrx_word' id='word_1_33' title='bbox 775 494 802 529; x_wconf 84' lang='grc' dir='ltr'>καί</span> 
     </span>
     <span class='ocr_line' id='line_1_6' title="bbox 66 544 800 597; baseline 0 -13"><span class='ocrx_word' id='word_1_34' title='bbox 66 549 86 584; x_wconf 84' lang='grc' dir='ltr'>τὸ</span> <span class='ocrx_word' id='word_1_35' title='bbox 99 547 179 594; x_wconf 76' lang='grc' dir='ltr'>ἀληθινὸν</span> <span class='ocrx_word' id='word_1_36' title='bbox 192 546 238 593; x_wconf 79' lang='grc' dir='ltr'>ἡμῶν</span> <span class='ocrx_word' id='word_1_37' title='bbox 250 547 283 593; x_wconf 76' lang='grc' dir='ltr'>ζῇν.</span> <span class='ocrx_word' id='word_1_38' title='bbox 299 544 374 597; x_wconf 76' lang='lat' dir='ltr'>Smynl.</span> <span class='ocrx_word' id='word_1_39' title='bbox 387 558 404 593; x_wconf 89' lang='lat'>4.</span> <span class='ocrx_word' id='word_1_40' title='bbox 459 546 508 593; x_wconf 82' lang='grc' dir='ltr'>ξένης</span> <span class='ocrx_word' id='word_1_41' title='bbox 522 549 558 585; x_wconf 86' lang='grc' dir='ltr'>τοῖς</span> <span class='ocrx_word' id='word_1_42' title='bbox 573 547 658 584; x_wconf 71' lang='grc' dir='ltr'>ἐκλεκτοῖς</span> <span class='ocrx_word' id='word_1_43' title='bbox 673 549 704 582; x_wconf 84' lang='grc' dir='ltr'>τοῦ</span> <span class='ocrx_word' id='word_1_44' title='bbox 717 549 800 585; x_wconf 87' lang='grc' dir='ltr'>Θεοῦ...</span> 
     </span>
     <span class='ocr_line' id='line_1_7' title="bbox 66 599 800 650; baseline -0.001 -11"><span class='ocrx_word' id='word_1_45' title='bbox 66 601 137 649; x_wconf 77' lang='grc' dir='ltr'>αἰτήσας</span> <span class='ocrx_word' id='word_1_46' title='bbox 154 615 173 638; x_wconf 89' lang='grc' dir='ltr'>τε</span> <span class='ocrx_word' id='word_1_47' title='bbox 191 600 231 650; x_wconf 89' lang='grc' dir='ltr'>παρ’</span> <span class='ocrx_word' id='word_1_48' title='bbox 247 601 301 638; x_wconf 79' lang='grc' dir='ltr'>αὐτῶν</span> <span class='ocrx_word' id='word_1_49' title='bbox 317 601 347 649; x_wconf 88' lang='grc' dir='ltr'>τήν</span> <span class='ocrx_word' id='word_1_50' title='bbox 365 601 406 648; x_wconf 86' lang='grc' dir='ltr'>ἀλη-</span> <span class='ocrx_word' id='word_1_51' title='bbox 459 602 542 640; x_wconf 83' lang='grc' dir='ltr'>στάσεως.</span> <span class='ocrx_word' id='word_1_52' title='bbox 560 599 670 639; x_wconf 75' lang='lat' dir='ltr'>Olem.11.</span> <span class='ocrx_word' id='word_1_53' title='bbox 698 600 758 650; x_wconf 85' lang='grc' dir='ltr'>καίπερ</span> <span class='ocrx_word' id='word_1_54' title='bbox 769 602 800 638; x_wconf 90' lang='grc' dir='ltr'>ἀλ-</span> 
     </span>
    </p>
   </div>
   <div class='ocr_carea' id='block_1_4' title="bbox 65 654 405 760">
    <p class='ocr_par' dir='ltr' id='par_1_5' title="bbox 65 654 405 760">
     <span class='ocr_line' id='line_1_8' title="bbox 66 654 405 707; baseline -0.003 -13"><span class='ocrx_word' id='word_1_55' title='bbox 66 657 112 704; x_wconf 86' lang='grc' dir='ltr'>θινήν</span> <span class='ocrx_word' id='word_1_56' title='bbox 126 657 196 706; x_wconf 87' lang='grc' dir='ltr'>ἀγάπην.</span> <span class='ocrx_word' id='word_1_57' title='bbox 216 654 274 694; x_wconf 74' lang='lat' dir='ltr'>Mart.</span> <span class='ocrx_word' id='word_1_58' title='bbox 290 655 333 707; x_wconf 82' lang='lat' dir='ltr'>Ign.</span> <span class='ocrx_word' id='word_1_59' title='bbox 350 656 367 694; x_wconf 89' lang='lat'>6.</span> <span class='ocrx_word' id='word_1_60' title='bbox 396 657 405 693; x_wconf 82' lang='grc' dir='ltr'>ά</span> 
     </span>
     <span class='ocr_line' id='line_1_9' title="bbox 65 709 403 760; baseline 0 -12"><span class='ocrx_word' id='word_1_61' title='bbox 65 711 142 760; x_wconf 75' lang='grc' dir='ltr'>ἀψευδής</span> <span class='ocrx_word' id='word_1_62' title='bbox 156 710 183 748; x_wconf 82' lang='grc' dir='ltr'>καί</span> <span class='ocrx_word' id='word_1_63' title='bbox 193 710 272 758; x_wconf 80' lang='grc' dir='ltr'>ἀληθινάς</span> <span class='ocrx_word' id='word_1_64' title='bbox 283 713 330 750; x_wconf 88' lang='grc' dir='ltr'>θεός.</span> <span class='ocrx_word' id='word_1_65' title='bbox 346 709 403 749; x_wconf 75' lang='lat' dir='ltr'>Mart.</span> 
     </span>
    </p>
   </div>
   <div class='ocr_carea' id='block_1_5' title="bbox 65 874 403 1144">
    <p class='ocr_par' dir='ltr' id='par_1_6' title="bbox 65 874 403 1144">
     <span class='ocr_line' id='line_1_10' title="bbox 65 874 403 927; baseline 0.009 -15"><span class='ocrx_word' id='word_1_66' title='bbox 65 876 104 924; x_wconf 91' lang='grc' dir='ltr'>χίας</span> <span class='ocrx_word' id='word_1_67' title='bbox 113 877 165 912; x_wconf 81' lang='grc' dir='ltr'>αὐτοῦ</span> <span class='ocrx_word' id='word_1_68' title='bbox 174 874 244 913; x_wconf 77' lang='grc' dir='ltr'>ἀκούειν.</span> <span class='ocrx_word' id='word_1_69' title='bbox 259 875 301 927; x_wconf 86' lang='lat' dir='ltr'>Ign.</span> <span class='ocrx_word' id='word_1_70' title='bbox 312 874 360 927; x_wconf 84' lang='lat' dir='ltr'>Eph.</span> <span class='ocrx_word' id='word_1_71' title='bbox 374 886 403 925; x_wconf 88' lang='lat'>15.</span> 
     </span>
     <span class='ocr_line' id='line_1_11' title="bbox 65 929 402 980; baseline 0.006 -13"><span class='ocrx_word' id='word_1_72' title='bbox 65 932 85 967; x_wconf 85' lang='grc' dir='ltr'>τά</span> <span class='ocrx_word' id='word_1_73' title='bbox 94 932 171 979; x_wconf 77' lang='grc' dir='ltr'>χάρισμα</span> <span class='ocrx_word' id='word_1_74' title='bbox 178 929 187 966; x_wconf 79' lang='grc' dir='ltr'><strong><em>ὃ</em></strong></span> <span class='ocrx_word' id='word_1_75' title='bbox 193 930 283 980; x_wconf 79' lang='grc' dir='ltr'>πέπομφεν</span> <span class='ocrx_word' id='word_1_76' title='bbox 289 931 360 977; x_wconf 83' lang='grc' dir='ltr'>ἀληθῶς,</span> <span class='ocrx_word' id='word_1_77' title='bbox 373 939 402 980; x_wconf 86' lang='lat'>17.</span> 
     </span>
     <span class='ocr_line' id='line_1_12' title="bbox 65 985 403 1033; baseline 0.006 -10"><span class='ocrx_word' id='word_1_78' title='bbox 65 985 162 1033; x_wconf 73' lang='grc' dir='ltr'>πραχθέντα</span> <span class='ocrx_word' id='word_1_79' title='bbox 182 985 249 1032; x_wconf 84' lang='grc' dir='ltr'>ἀληθῶς</span> <span class='ocrx_word' id='word_1_80' title='bbox 273 987 300 1023; x_wconf 85' lang='grc' dir='ltr'>καὶ</span> <span class='ocrx_word' id='word_1_81' title='bbox 321 987 403 1031; x_wconf 85' lang='grc' dir='ltr'>βεβαίας.</span> 
     </span>
     <span class='ocr_line' id='line_1_13' title="bbox 65 1038 371 1091; baseline 0.006 -14"><span class='ocrx_word' id='word_1_82' title='bbox 65 1038 130 1091; x_wconf 78' lang='lat' dir='ltr'>Magn.</span> <span class='ocrx_word' id='word_1_83' title='bbox 142 1052 171 1078; x_wconf 89' lang='lat'>11.</span> <span class='ocrx_word' id='word_1_84' title='bbox 189 1040 208 1078; x_wconf 79' lang='grc' dir='ltr'>ὃς</span> <span class='ocrx_word' id='word_1_85' title='bbox 216 1040 283 1088; x_wconf 81' lang='grc' dir='ltr'>ἀληθῶς</span> <span class='ocrx_word' id='word_1_86' title='bbox 293 1040 371 1091; x_wconf 77' lang='grc' dir='ltr'>ἐγεννήθη</span> 
     </span>
     <span class='ocr_line' id='line_1_14' title="bbox 65 1095 402 1144; baseline 0.009 -13"><span class='ocrx_word' id='word_1_87' title='bbox 65 1095 148 1143; x_wconf 77' lang='grc' dir='ltr'>ἐδιώχθη.</span> <span class='ocrx_word' id='word_1_88' title='bbox 158 1126 161 1133; x_wconf 93' lang='grc'><em>,</em></span> <span class='ocrx_word' id='word_1_89' title='bbox 172 1123 176 1132; x_wconf 91' lang='grc'>.</span> <span class='ocrx_word' id='word_1_90' title='bbox 185 1095 283 1144; x_wconf 75' lang='grc' dir='ltr'>ἐσταυρώθη</span> <span class='ocrx_word' id='word_1_91' title='bbox 291 1127 295 1134; x_wconf 78' lang='grc'>.</span> <span class='ocrx_word' id='word_1_92' title='bbox 303 1126 307 1134; x_wconf 87' lang='grc'>.</span> <span class='ocrx_word' id='word_1_93' title='bbox 318 1097 355 1134; x_wconf 81' lang='grc' dir='ltr'>,καὶ</span> <span class='ocrx_word' id='word_1_94' title='bbox 362 1096 402 1134; x_wconf 85' lang='grc' dir='ltr'>ἀπέ-</span> 
     </span>
    </p>
   </div>
   <div class='ocr_carea' id='block_1_6' title="bbox 429 656 801 1145">
    <p class='ocr_par' dir='ltr' id='par_1_7' title="bbox 457 656 801 1036">
     <span class='ocr_line' id='line_1_15' title="bbox 458 656 801 706; baseline 0 -13"><span class='ocrx_word' id='word_1_95' title='bbox 458 658 524 706; x_wconf 85' lang='grc' dir='ltr'>λθτριοι</span> <span class='ocrx_word' id='word_1_96' title='bbox 532 660 563 694; x_wconf 92' lang='grc' dir='ltr'>τοῦ</span> <span class='ocrx_word' id='word_1_97' title='bbox 572 659 616 693; x_wconf 83' lang='grc' dir='ltr'>Θεοῦ</span> <span class='ocrx_word' id='word_1_98' title='bbox 625 656 678 694; x_wconf 79' lang='grc' dir='ltr'>ὄντες.</span> <span class='ocrx_word' id='word_1_99' title='bbox 696 662 714 704; x_wconf 84' lang='grc'>7.</span> <span class='ocrx_word' id='word_1_100' title='bbox 743 657 770 694; x_wconf 85' lang='grc' dir='ltr'>καί</span> <span class='ocrx_word' id='word_1_101' title='bbox 779 657 801 693; x_wconf 85' lang='grc' dir='ltr'>τά</span> 
     </span>
     <span class='ocr_line' id='line_1_16' title="bbox 458 710 799 760; baseline -0.003 -11"><span class='ocrx_word' id='word_1_102' title='bbox 458 712 530 759; x_wconf 83' lang='grc' dir='ltr'>καπμικὰ</span> <span class='ocrx_word' id='word_1_103' title='bbox 548 714 600 749; x_wconf 87' lang='grc' dir='ltr'>ταῦτα</span> <span class='ocrx_word' id='word_1_104' title='bbox 618 712 640 750; x_wconf 78' lang='grc' dir='ltr'>ὣς</span> <span class='ocrx_word' id='word_1_105' title='bbox 656 710 739 760; x_wconf 83' lang='grc' dir='ltr'>ἀλλότρια</span> <span class='ocrx_word' id='word_1_106' title='bbox 753 711 799 759; x_wconf 81' lang='grc' dir='ltr'>ἡγεῖ-</span> 
     </span>
     <span class='ocr_line' id='line_1_17' title="bbox 459 765 801 815; baseline 0.003 -11"><span class='ocrx_word' id='word_1_107' title='bbox 459 767 504 805; x_wconf 86' lang='grc' dir='ltr'>σθαι.</span> <span class='ocrx_word' id='word_1_108' title='bbox 520 765 542 804; x_wconf 84' lang='lat' dir='ltr'>II</span> <span class='ocrx_word' id='word_1_109' title='bbox 553 775 570 815; x_wconf 87' lang='lat'>5.</span> <span class='ocrx_word' id='word_1_110' title='bbox 599 766 692 814; x_wconf 85' lang='grc' dir='ltr'>ἀλλοτρίας</span> <span class='ocrx_word' id='word_1_111' title='bbox 699 766 718 802; x_wconf 79' lang='grc' dir='ltr'>δέ</span> <span class='ocrx_word' id='word_1_112' title='bbox 727 768 801 813; x_wconf 78' lang='grc' dir='ltr'>βοτάνης</span> 
     </span>
     <span class='ocr_line' id='line_1_18' title="bbox 457 819 800 872; baseline -0.006 -13"><span class='ocrx_word' id='word_1_113' title='bbox 457 821 557 870; x_wconf 87' lang='grc' dir='ltr'>ἀπέχεσθαι.</span> <span class='ocrx_word' id='word_1_114' title='bbox 573 820 615 872; x_wconf 83' lang='lat' dir='ltr'>Ign.</span> <span class='ocrx_word' id='word_1_115' title='bbox 632 819 688 858; x_wconf 80' lang='lat' dir='ltr'>Trall.</span> <span class='ocrx_word' id='word_1_116' title='bbox 700 820 717 858; x_wconf 89' lang='lat'>6.</span> <span class='ocrx_word' id='word_1_117' title='bbox 747 821 800 857; x_wconf 88' lang='grc' dir='ltr'>ἀλλο-</span> 
     </span>
     <span class='ocr_line' id='line_1_19' title="bbox 457 874 800 926; baseline -0.003 -13"><span class='ocrx_word' id='word_1_118' title='bbox 457 877 505 926; x_wconf 91' lang='grc' dir='ltr'>τρίου</span> <span class='ocrx_word' id='word_1_119' title='bbox 514 879 608 926; x_wconf 84' lang='grc' dir='ltr'>χρώματος.</span> <span class='ocrx_word' id='word_1_120' title='bbox 620 875 676 914; x_wconf 84' lang='lat' dir='ltr'>Rom.</span> <span class='ocrx_word' id='word_1_121' title='bbox 687 874 747 914; x_wconf 76' lang='lat' dir='ltr'>Inscr.</span> <span class='ocrx_word' id='word_1_122' title='bbox 776 875 800 913; x_wconf 84' lang='grc' dir='ltr'>εί-</span> 
     </span>
     <span class='ocr_line' id='line_1_20' title="bbox 457 931 798 981; baseline 0.003 -13"><span class='ocrx_word' id='word_1_123' title='bbox 457 947 483 970; x_wconf 85' lang='grc' dir='ltr'>τις</span> <span class='ocrx_word' id='word_1_124' title='bbox 497 932 516 969; x_wconf 84' lang='grc' dir='ltr'>έν</span> <span class='ocrx_word' id='word_1_125' title='bbox 529 931 612 981; x_wconf 80' lang='grc' dir='ltr'>ἀλλοτρίᾳ</span> <span class='ocrx_word' id='word_1_126' title='bbox 628 932 686 981; x_wconf 82' lang='grc' dir='ltr'>γνώμη</span> <span class='ocrx_word' id='word_1_127' title='bbox 704 934 798 980; x_wconf 85' lang='grc' dir='ltr'>περιπατεῖ.</span> 
     </span>
     <span class='ocr_line' id='line_1_21' title="bbox 457 985 559 1036; baseline 0.01 -12"><span class='ocrx_word' id='word_1_128' title='bbox 457 985 530 1026; x_wconf 81' lang='lat' dir='ltr'>Philad.</span> <span class='ocrx_word' id='word_1_129' title='bbox 542 999 559 1036; x_wconf 83' lang='lat'>3.</span> 
     </span>
    </p>

    <p class='ocr_par' dir='ltr' id='par_1_8' title="bbox 429 1041 800 1145">
     <span class='ocr_line' id='line_1_22' title="bbox 429 1041 800 1091; baseline 0 -13"><span class='ocrx_word' id='word_1_130' title='bbox 429 1041 547 1091; x_wconf 61' lang='grc' dir='ltr'>’λλλόφυλοα</span> <span class='ocrx_word' id='word_1_131' title='bbox 585 1041 650 1091; x_wconf 83' lang='grc' dir='ltr'>φθόνον</span> <span class='ocrx_word' id='word_1_132' title='bbox 659 1041 712 1089; x_wconf 79' lang='grc' dir='ltr'>ἔσχεν</span> <span class='ocrx_word' id='word_1_133' title='bbox 723 1072 738 1080; x_wconf 80' lang='grc'>,,</span> <span class='ocrx_word' id='word_1_134' title='bbox 750 1069 753 1077; x_wconf 92' lang='grc'>.</span> <span class='ocrx_word' id='word_1_135' title='bbox 766 1042 800 1079; x_wconf 81' lang='grc' dir='ltr'>ὑπὸ</span> 
     </span>
     <span class='ocr_line' id='line_1_23' title="bbox 456 1095 800 1145; baseline 0 -12"><span class='ocrx_word' id='word_1_136' title='bbox 456 1096 604 1145; x_wconf 80' lang='grc' dir='ltr'>τῶνάλλαφάλων.</span> <span class='ocrx_word' id='word_1_137' title='bbox 616 1095 675 1135; x_wconf 75' lang='grc'>016111.</span> <span class='ocrx_word' id='word_1_138' title='bbox 686 1095 722 1143; x_wconf 77' lang='lat'>14.</span> <span class='ocrx_word' id='word_1_139' title='bbox 739 1096 762 1134; x_wconf 87' lang='grc' dir='ltr'>είς</span> <span class='ocrx_word' id='word_1_140' title='bbox 769 1097 800 1144; x_wconf 83' lang='grc' dir='ltr'>τήν</span> 
     </span>
    </p>
   </div>
   <div class='ocr_carea' id='block_1_7' title="bbox 65 1149 798 1313">
    <p class='ocr_par' dir='ltr' id='par_1_9' title="bbox 65 1149 798 1313">
     <span class='ocr_line' id='line_1_24' title="bbox 65 1149 773 1201; baseline 0.004 -15"><span class='ocrx_word' id='word_1_141' title='bbox 65 1150 118 1186; x_wconf 92' lang='grc' dir='ltr'>θανεν.</span> <span class='ocrx_word' id='word_1_142' title='bbox 133 1166 147 1188; x_wconf 88' lang='grc' dir='ltr'>κ.</span> <span class='ocrx_word' id='word_1_143' title='bbox 157 1165 172 1188; x_wconf 83' lang='grc' dir='ltr'>τ.</span> <span class='ocrx_word' id='word_1_144' title='bbox 183 1152 199 1188; x_wconf 96' lang='grc' dir='ltr'>λ.</span> <span class='ocrx_word' id='word_1_145' title='bbox 216 1149 272 1189; x_wconf 79' lang='lat' dir='ltr'>Trall.</span> <span class='ocrx_word' id='word_1_146' title='bbox 284 1162 301 1200; x_wconf 86' lang='lat'>9.</span> <span class='ocrx_word' id='word_1_147' title='bbox 329 1151 404 1199; x_wconf 86' lang='grc' dir='ltr'>μαθητής</span> <span class='ocrx_word' id='word_1_148' title='bbox 455 1153 566 1201; x_wconf 80' lang='grc' dir='ltr'>παρεμβολήν</span> <span class='ocrx_word' id='word_1_149' title='bbox 574 1156 608 1189; x_wconf 77' lang='grc' dir='ltr'>τῶν</span> <span class='ocrx_word' id='word_1_150' title='bbox 618 1150 729 1200; x_wconf 84' lang='grc' dir='ltr'>ἀλλαφῦλων,</span> <span class='ocrx_word' id='word_1_151' title='bbox 741 1159 773 1200; x_wconf 85' lang='lat'>55.</span> 
     </span>
     <span class='ocr_line' id='line_1_25' title="bbox 65 1205 798 1257; baseline 0.003 -16"><span class='ocrx_word' id='word_1_152' title='bbox 65 1205 132 1252; x_wconf 81' lang='grc' dir='ltr'>άληθῶς</span> <span class='ocrx_word' id='word_1_153' title='bbox 153 1207 184 1242; x_wconf 87' lang='grc' dir='ltr'>τοῦ</span> <span class='ocrx_word' id='word_1_154' title='bbox 203 1209 284 1254; x_wconf 83' lang='grc' dir='ltr'>Χριστοῦ.</span> <span class='ocrx_word' id='word_1_155' title='bbox 308 1205 363 1244; x_wconf 85' lang='lat' dir='ltr'>Rom.</span> <span class='ocrx_word' id='word_1_156' title='bbox 384 1218 401 1253; x_wconf 86' lang='lat'>4.</span> <span class='ocrx_word' id='word_1_157' title='bbox 429 1206 523 1257; x_wconf 74' lang='grc' dir='ltr'>Ἃλουργίς.</span> <span class='ocrx_word' id='word_1_158' title='bbox 553 1206 653 1257; x_wconf 75' lang='grc' dir='ltr'>ὁπεμιθελς</span> <span class='ocrx_word' id='word_1_159' title='bbox 666 1208 719 1257; x_wconf 73' lang='grc' dir='ltr'>ἑαυτῷ</span> <span class='ocrx_word' id='word_1_160' title='bbox 734 1209 798 1256; x_wconf 85' lang='grc' dir='ltr'>ἁλουρ-</span> 
     </span>
     <span class='ocr_line' id='line_1_26' title="bbox 67 1259 769 1313; baseline 0.003 -17"><span class='ocrx_word' id='word_1_161' title='bbox 67 1259 93 1296; x_wconf 87' lang='grc' dir='ltr'>ἀτι</span> <span class='ocrx_word' id='word_1_162' title='bbox 106 1260 172 1306; x_wconf 84' lang='grc' dir='ltr'>ἀληθῶς</span> <span class='ocrx_word' id='word_1_163' title='bbox 182 1261 233 1310; x_wconf 84' lang='grc' dir='ltr'>λέγω.</span> <span class='ocrx_word' id='word_1_164' title='bbox 250 1262 267 1298; x_wconf 89' lang='lat'>8.</span> <span class='ocrx_word' id='word_1_165' title='bbox 296 1259 336 1312; x_wconf 75' lang='grc' dir='ltr'>ε’νῷ</span> <span class='ocrx_word' id='word_1_166' title='bbox 345 1263 355 1298; x_wconf 90' lang='grc' dir='ltr'>ὁ</span> <span class='ocrx_word' id='word_1_167' title='bbox 367 1267 404 1298; x_wconf 91' lang='grc' dir='ltr'>Πα-</span> <span class='ocrx_word' id='word_1_168' title='bbox 455 1261 599 1311; x_wconf 84' lang='grc' dir='ltr'>γίδαβασιλικήν.</span> <span class='ocrx_word' id='word_1_169' title='bbox 615 1260 657 1313; x_wconf 78' lang='lat' dir='ltr'>Igu.</span> <span class='ocrx_word' id='word_1_170' title='bbox 669 1260 746 1312; x_wconf 80' lang='lat' dir='ltr'>Fragm.</span> <span class='ocrx_word' id='word_1_171' title='bbox 757 1260 769 1300; x_wconf 87' lang='lat' dir='ltr'>i.</span> 
     </span>
    </p>
   </div>
   <div class='ocr_carea' id='block_1_8' title="bbox 36 1314 403 2352">
    <p class='ocr_par' dir='ltr' id='par_1_10' title="bbox 65 1314 403 1806">
     <span class='ocr_line' id='line_1_27' title="bbox 65 1314 403 1364; baseline 0.012 -13"><span class='ocrx_word' id='word_1_172' title='bbox 65 1315 97 1364; x_wconf 84' lang='grc' dir='ltr'>τήρ</span> <span class='ocrx_word' id='word_1_173' title='bbox 106 1315 191 1362; x_wconf 75' lang='grc' dir='ltr'>ἐλάλησεν</span> <span class='ocrx_word' id='word_1_174' title='bbox 197 1315 269 1362; x_wconf 78' lang='grc' dir='ltr'>άληθῶς,</span> <span class='ocrx_word' id='word_1_175' title='bbox 284 1314 308 1354; x_wconf 84' lang='lat' dir='ltr'>ib.</span> <span class='ocrx_word' id='word_1_176' title='bbox 338 1316 403 1362; x_wconf 78' lang='grc' dir='ltr'>ἀληθῶς</span> 
     </span>
     <span class='ocr_line' id='line_1_28' title="bbox 66 1368 401 1421; baseline 0.009 -15"><span class='ocrx_word' id='word_1_177' title='bbox 66 1369 105 1406; x_wconf 78' lang='grc' dir='ltr'>άντα</span> <span class='ocrx_word' id='word_1_178' title='bbox 119 1370 137 1406; x_wconf 83' lang='grc' dir='ltr'>εἰι</span> <span class='ocrx_word' id='word_1_179' title='bbox 150 1370 209 1419; x_wconf 81' lang='grc' dir='ltr'>γένους</span> <span class='ocrx_word' id='word_1_180' title='bbox 221 1370 282 1414; x_wconf 83' lang='grc' dir='ltr'>Δαβίδ.</span> <span class='ocrx_word' id='word_1_181' title='bbox 297 1368 372 1421; x_wconf 77' lang='lat' dir='ltr'>Smyrn.</span> <span class='ocrx_word' id='word_1_182' title='bbox 386 1383 401 1409; x_wconf 90' lang='lat'>1.</span> 
     </span>
     <span class='ocr_line' id='line_1_29' title="bbox 65 1425 401 1475; baseline 0.012 -15"><span class='ocrx_word' id='word_1_183' title='bbox 65 1425 174 1474; x_wconf 77' lang='grc' dir='ltr'>γεγενημένον</span> <span class='ocrx_word' id='word_1_184' title='bbox 179 1425 245 1472; x_wconf 78' lang='grc' dir='ltr'>ἀληθῶς</span> <span class='ocrx_word' id='word_1_185' title='bbox 254 1426 272 1463; x_wconf 80' lang='grc' dir='ltr'>ἐκ</span> <span class='ocrx_word' id='word_1_186' title='bbox 280 1426 369 1475; x_wconf 86' lang='grc' dir='ltr'>παρθένου.</span> <span class='ocrx_word' id='word_1_187' title='bbox 376 1425 401 1464; x_wconf 86' lang='lat' dir='ltr'>ib.</span> 
     </span>
     <span class='ocr_line' id='line_1_30' title="bbox 65 1479 360 1526; baseline 0.012 -11"><span class='ocrx_word' id='word_1_188' title='bbox 65 1479 132 1526; x_wconf 81' lang='grc' dir='ltr'>ἀληθῶς</span> <span class='ocrx_word' id='word_1_189' title='bbox 150 1480 177 1517; x_wconf 78' lang='grc' dir='ltr'>ἐπί</span> <span class='ocrx_word' id='word_1_190' title='bbox 193 1481 266 1517; x_wconf 87' lang='grc' dir='ltr'>Ποντίου</span> <span class='ocrx_word' id='word_1_191' title='bbox 284 1482 402 1520; x_wconf 90' lang='grc' dir='ltr'>Πιλάτου</span> 
     </span>
     <span class='ocr_line' id='line_1_31' title="bbox 65 1533 403 1583; baseline 0.009 -13"><span class='ocrx_word' id='word_1_192' title='bbox 65 1535 187 1582; x_wconf 88' lang='grc' dir='ltr'>καθηλωμένον.</span> <span class='ocrx_word' id='word_1_193' title='bbox 197 1533 222 1573; x_wconf 82' lang='lat' dir='ltr'>ib.</span> <span class='ocrx_word' id='word_1_194' title='bbox 247 1536 279 1572; x_wconf 81' lang='grc' dir='ltr'>Καὶ</span> <span class='ocrx_word' id='word_1_195' title='bbox 288 1536 354 1583; x_wconf 79' lang='grc' dir='ltr'>ἀληθῶς</span> <span class='ocrx_word' id='word_1_196' title='bbox 363 1537 403 1573; x_wconf 80' lang='grc' dir='ltr'>έπα-</span> 
     </span>
     <span class='ocr_line' id='line_1_32' title="bbox 65 1589 403 1638; baseline 0.006 -12"><span class='ocrx_word' id='word_1_197' title='bbox 65 1589 99 1636; x_wconf 80' lang='grc' dir='ltr'>θεν,</span> <span class='ocrx_word' id='word_1_198' title='bbox 109 1590 131 1628; x_wconf 80' lang='grc' dir='ltr'>ὡς</span> <span class='ocrx_word' id='word_1_199' title='bbox 145 1590 171 1627; x_wconf 85' lang='grc' dir='ltr'>καί</span> <span class='ocrx_word' id='word_1_200' title='bbox 185 1589 251 1637; x_wconf 78' lang='grc' dir='ltr'>ἀληθῶς</span> <span class='ocrx_word' id='word_1_201' title='bbox 264 1590 357 1638; x_wconf 79' lang='grc' dir='ltr'>ἀνέστησεν</span> <span class='ocrx_word' id='word_1_202' title='bbox 365 1592 403 1628; x_wconf 82' lang='grc' dir='ltr'>ἑαυ-</span> 
     </span>
     <span class='ocr_line' id='line_1_33' title="bbox 65 1643 402 1693; baseline 0.009 -13"><span class='ocrx_word' id='word_1_203' title='bbox 65 1646 98 1681; x_wconf 84' lang='grc' dir='ltr'>τόν.</span> <span class='ocrx_word' id='word_1_204' title='bbox 108 1656 124 1682; x_wconf 82' lang='lat'>2.</span> <span class='ocrx_word' id='word_1_205' title='bbox 154 1643 180 1681; x_wconf 85' lang='grc' dir='ltr'>θτι</span> <span class='ocrx_word' id='word_1_206' title='bbox 188 1645 255 1691; x_wconf 83' lang='grc' dir='ltr'>ἀληθῶς</span> <span class='ocrx_word' id='word_1_207' title='bbox 264 1645 338 1690; x_wconf 81' lang='grc' dir='ltr'>ἀνέλαβε</span> <span class='ocrx_word' id='word_1_208' title='bbox 347 1650 402 1693; x_wconf 81' lang='grc' dir='ltr'>σῶμα.</span> 
     </span>
     <span class='ocr_line' id='line_1_34' title="bbox 65 1697 402 1749; baseline 0.009 -14"><span class='ocrx_word' id='word_1_209' title='bbox 65 1697 141 1749; x_wconf 78' lang='lat' dir='ltr'>Fragm.</span> <span class='ocrx_word' id='word_1_210' title='bbox 148 1697 189 1738; x_wconf 72' lang='lat' dir='ltr'>Vlii.</span> <span class='ocrx_word' id='word_1_211' title='bbox 203 1704 237 1737; x_wconf 87' lang='grc' dir='ltr'>τῶν</span> <span class='ocrx_word' id='word_1_212' title='bbox 245 1700 311 1747; x_wconf 77' lang='grc' dir='ltr'>άληθῶς</span> <span class='ocrx_word' id='word_1_213' title='bbox 319 1701 351 1738; x_wconf 81' lang='grc' dir='ltr'>ὑπὸ</span> <span class='ocrx_word' id='word_1_214' title='bbox 359 1704 402 1738; x_wconf 82' lang='grc' dir='ltr'>Θεοῦ</span> 
     </span>
     <span class='ocr_line' id='line_1_35' title="bbox 67 1753 393 1806; baseline 0.006 -15"><span class='ocrx_word' id='word_1_215' title='bbox 67 1785 83 1791; x_wconf 92' lang='grc'>..</span> <span class='ocrx_word' id='word_1_216' title='bbox 93 1782 97 1791; x_wconf 94' lang='grc'>.</span> <span class='ocrx_word' id='word_1_217' title='bbox 107 1754 236 1803; x_wconf 82' lang='grc' dir='ltr'>ἐκλελεγμένον.</span> <span class='ocrx_word' id='word_1_218' title='bbox 247 1754 309 1806; x_wconf 79' lang='lat' dir='ltr'>Polye.</span> <span class='ocrx_word' id='word_1_219' title='bbox 321 1753 369 1793; x_wconf 85' lang='lat' dir='ltr'>Phil.</span> <span class='ocrx_word' id='word_1_220' title='bbox 378 1768 393 1794; x_wconf 89' lang='lat'>1.</span> 
     </span>
    </p>

    <p class='ocr_par' dir='ltr' id='par_1_11' title="bbox 37 1808 402 1915">
     <span class='ocr_line' id='line_1_36' title="bbox 37 1808 402 1858; baseline 0.005 -13"><span class='ocrx_word' id='word_1_221' title='bbox 37 1808 135 1857; x_wconf 53' lang='grc' dir='ltr'>Ἀλησμθςμ</span> <span class='ocrx_word' id='word_1_222' title='bbox 158 1809 233 1857; x_wconf 87' lang='grc' dir='ltr'>ἀλησμαὶ</span> <span class='ocrx_word' id='word_1_223' title='bbox 247 1811 288 1847; x_wconf 82' lang='grc' dir='ltr'>ὅλου</span> <span class='ocrx_word' id='word_1_224' title='bbox 301 1813 332 1847; x_wconf 91' lang='grc' dir='ltr'>τοῦ</span> <span class='ocrx_word' id='word_1_225' title='bbox 344 1812 402 1858; x_wconf 83' lang='grc' dir='ltr'>σάμα-</span> 
     </span>
     <span class='ocr_line' id='line_1_37' title="bbox 64 1863 253 1915; baseline 0.011 -15"><span class='ocrx_word' id='word_1_226' title='bbox 64 1879 100 1902; x_wconf 83' lang='grc' dir='ltr'>τος.</span> <span class='ocrx_word' id='word_1_227' title='bbox 115 1863 158 1915; x_wconf 82' lang='lat' dir='ltr'>Ign,</span> <span class='ocrx_word' id='word_1_228' title='bbox 168 1863 223 1902; x_wconf 83' lang='lat' dir='ltr'>Rom.</span> <span class='ocrx_word' id='word_1_229' title='bbox 235 1873 253 1912; x_wconf 88' lang='lat'>5.</span> 
     </span>
    </p>

    <p class='ocr_par' dir='ltr' id='par_1_12' title="bbox 36 1918 400 2024">
     <span class='ocr_line' id='line_1_38' title="bbox 36 1918 400 1971; baseline 0.008 -16"><span class='ocrx_word' id='word_1_230' title='bbox 36 1918 141 1964; x_wconf 72' lang='grc' dir='ltr'>Ἅλίζεσθαι,</span> <span class='ocrx_word' id='word_1_231' title='bbox 169 1918 260 1967; x_wconf 82' lang='grc' dir='ltr'>Ἃλίσθητε</span> <span class='ocrx_word' id='word_1_232' title='bbox 269 1921 287 1956; x_wconf 87' lang='grc' dir='ltr'>έν</span> <span class='ocrx_word' id='word_1_233' title='bbox 295 1921 344 1971; x_wconf 79' lang='grc' dir='ltr'>αὐτῷ.</span> <span class='ocrx_word' id='word_1_234' title='bbox 358 1919 400 1971; x_wconf 76' lang='lat' dir='ltr'>Ign.</span> 
     </span>
     <span class='ocr_line' id='line_1_39' title="bbox 64 1972 176 2024; baseline 0 -13"><span class='ocrx_word' id='word_1_235' title='bbox 64 1972 129 2024; x_wconf 81' lang='lat' dir='ltr'>Magn.</span> <span class='ocrx_word' id='word_1_236' title='bbox 142 1973 176 2011; x_wconf 71' lang='lat'>10.⁸</span> 
     </span>
    </p>

    <p class='ocr_par' dir='ltr' id='par_1_13' title="bbox 36 2027 403 2352">
     <span class='ocr_line' id='line_1_40' title="bbox 36 2027 402 2077; baseline 0.003 -12"><span class='ocrx_word' id='word_1_237' title='bbox 36 2027 131 2075; x_wconf 87' lang='grc' dir='ltr'>Ἀλλήλων,</span> <span class='ocrx_word' id='word_1_238' title='bbox 153 2028 307 2076; x_wconf 70' lang='grc' dir='ltr'>ίάναμνησίκακοιί</span> <span class='ocrx_word' id='word_1_239' title='bbox 317 2031 340 2068; x_wconf 81' lang='grc' dir='ltr'>είς</span> <span class='ocrx_word' id='word_1_240' title='bbox 349 2029 402 2077; x_wconf 81' lang='grc' dir='ltr'>ἀλλή-</span> 
     </span>
     <span class='ocr_line' id='line_1_41' title="bbox 63 2082 402 2132; baseline 0.012 -13"><span class='ocrx_word' id='word_1_241' title='bbox 63 2086 109 2122; x_wconf 72' lang='grc' dir='ltr'>λους.</span> <span class='ocrx_word' id='word_1_242' title='bbox 126 2082 186 2122; x_wconf 74' lang='lat' dir='ltr'>Clem.</span> <span class='ocrx_word' id='word_1_243' title='bbox 197 2083 207 2120; x_wconf 83' lang='lat' dir='ltr'>I</span> <span class='ocrx_word' id='word_1_244' title='bbox 218 2096 234 2122; x_wconf 78' lang='lat'>2,</span> <span class='ocrx_word' id='word_1_245' title='bbox 261 2085 311 2132; x_wconf 80' lang='grc' dir='ltr'>μηδὲν</span> <span class='ocrx_word' id='word_1_246' title='bbox 320 2084 402 2132; x_wconf 87' lang='grc' dir='ltr'>ἀλλήλοις</span> 
     </span>
     <span class='ocr_line' id='line_1_42' title="bbox 64 2139 402 2188; baseline 0.009 -14"><span class='ocrx_word' id='word_1_247' title='bbox 64 2139 178 2186; x_wconf 79' lang='grc' dir='ltr'>ἐμποδίζοντα,</span> <span class='ocrx_word' id='word_1_248' title='bbox 191 2151 221 2176; x_wconf 83' lang='lat'>20.</span> <span class='ocrx_word' id='word_1_249' title='bbox 246 2141 317 2188; x_wconf 78' lang='grc' dir='ltr'>Καιροί,</span> <span class='ocrx_word' id='word_1_250' title='bbox 339 2155 402 2187; x_wconf 90' lang='grc' dir='ltr'>,μετα-</span> 
     </span>
     <span class='ocr_line' id='line_1_43' title="bbox 63 2193 402 2242; baseline 0.006 -12"><span class='ocrx_word' id='word_1_251' title='bbox 63 2195 184 2242; x_wconf 84' lang='grc' dir='ltr'>παραδιδόοσιν</span> <span class='ocrx_word' id='word_1_252' title='bbox 206 2193 293 2242; x_wconf 85' lang='grc' dir='ltr'>ἀλλήλοις.</span> <span class='ocrx_word' id='word_1_253' title='bbox 315 2193 341 2233; x_wconf 81' lang='lat' dir='ltr'>ib.</span> <span class='ocrx_word' id='word_1_254' title='bbox 376 2195 402 2232; x_wconf 79' lang='grc' dir='ltr'>ὅτι</span> 
     </span>
     <span class='ocr_line' id='line_1_44' title="bbox 63 2248 403 2297; baseline 0.009 -13"><span class='ocrx_word' id='word_1_255' title='bbox 63 2248 108 2296; x_wconf 88' lang='grc' dir='ltr'>μέλη</span> <span class='ocrx_word' id='word_1_256' title='bbox 117 2249 169 2297; x_wconf 82' lang='grc' dir='ltr'>ε’σμέν</span> <span class='ocrx_word' id='word_1_257' title='bbox 178 2248 268 2296; x_wconf 65' lang='grc' dir='ltr'>ἀλλήλους</span> <span class='ocrx_word' id='word_1_258' title='bbox 283 2250 315 2297; x_wconf 84' lang='lat'>46.</span> <span class='ocrx_word' id='word_1_259' title='bbox 343 2250 353 2297; x_wconf 86' lang='grc' dir='ltr'><em>ἡ</em></span> <span class='ocrx_word' id='word_1_260' title='bbox 366 2266 403 2287; x_wconf 89' lang='grc' dir='ltr'>νου-</span> 
     </span>
     <span class='ocr_line' id='line_1_45' title="bbox 64 2303 402 2352; baseline 0.003 -12"><span class='ocrx_word' id='word_1_261' title='bbox 64 2303 131 2350; x_wconf 87' lang='grc' dir='ltr'>θέτησις</span> <span class='ocrx_word' id='word_1_262' title='bbox 154 2303 173 2352; x_wconf 82' lang='grc' dir='ltr'>ἣν</span> <span class='ocrx_word' id='word_1_263' title='bbox 190 2303 282 2351; x_wconf 77' lang='grc' dir='ltr'>ποιοίμεθα</span> <span class='ocrx_word' id='word_1_264' title='bbox 303 2305 327 2343; x_wconf 82' lang='grc' dir='ltr'>εἷς</span> <span class='ocrx_word' id='word_1_265' title='bbox 349 2305 402 2352; x_wconf 90' lang='grc' dir='ltr'>ἀλλή-</span> 
     </span>
    </p>
   </div>
   <div class='ocr_carea' id='block_1_9' title="bbox 63 2359 425 2408">
    <p class='ocr_par' dir='ltr' id='par_1_14' title="bbox 63 2359 425 2408">
     <span class='ocr_line' id='line_1_46' title="bbox 63 2359 425 2408; baseline 0.006 -14"><span class='ocrx_word' id='word_1_266' title='bbox 63 2360 109 2397; x_wconf 82' lang='grc' dir='ltr'>λους,</span> <span class='ocrx_word' id='word_1_267' title='bbox 126 2359 157 2407; x_wconf 88' lang='lat'>56.</span> <span class='ocrx_word' id='word_1_268' title='bbox 185 2359 227 2406; x_wconf 76' lang='grc' dir='ltr'>μηδὲ</span> <span class='ocrx_word' id='word_1_269' title='bbox 239 2360 402 2408; x_wconf 83' lang='grc' dir='ltr'>καταλαλεῖυάλλή-</span> <span class='ocrx_word' id='word_1_270' title='bbox 421 2376 425 2379; x_wconf 71' lang='grc'>-</span> 
     </span>
    </p>
   </div>
   <div class='ocr_carea' id='block_1_10' title="bbox 35 2413 402 3178">
    <p class='ocr_par' dir='ltr' id='par_1_15' title="bbox 35 2413 402 3178">
     <span class='ocr_line' id='line_1_47' title="bbox 63 2413 402 2462; baseline 0.009 -12"><span class='ocrx_word' id='word_1_271' title='bbox 63 2415 104 2451; x_wconf 87' lang='grc' dir='ltr'>λων,</span> <span class='ocrx_word' id='word_1_272' title='bbox 120 2413 142 2451; x_wconf 90' lang='grc' dir='ltr'>Π</span> <span class='ocrx_word' id='word_1_273' title='bbox 152 2425 169 2462; x_wconf 86' lang='lat'>4.</span> <span class='ocrx_word' id='word_1_274' title='bbox 199 2415 307 2462; x_wconf 82' lang='grc' dir='ltr'>συμπάσχειν</span> <span class='ocrx_word' id='word_1_275' title='bbox 321 2414 402 2462; x_wconf 86' lang='grc' dir='ltr'>ἀλλήλαις</span> 
     </span>
     <span class='ocr_line' id='line_1_48' title="bbox 64 2467 402 2518; baseline 0.009 -14"><span class='ocrx_word' id='word_1_276' title='bbox 64 2468 161 2517; x_wconf 81' lang='grc' dir='ltr'>ὀφείλομεν.</span> <span class='ocrx_word' id='word_1_277' title='bbox 176 2467 201 2506; x_wconf 82' lang='lat' dir='ltr'>ib.</span> <span class='ocrx_word' id='word_1_278' title='bbox 225 2469 325 2518; x_wconf 59' lang='grc' dir='ltr'>’.ἀγαπῶμεν</span> <span class='ocrx_word' id='word_1_279' title='bbox 333 2470 363 2507; x_wconf 77' lang='grc' dir='ltr'>οὖν</span> <span class='ocrx_word' id='word_1_280' title='bbox 371 2470 402 2507; x_wconf 90' lang='grc' dir='ltr'>άλ-</span> 
     </span>
     <span class='ocr_line' id='line_1_49' title="bbox 63 2523 401 2573; baseline 0.009 -13"><span class='ocrx_word' id='word_1_281' title='bbox 63 2523 131 2571; x_wconf 86' lang='grc' dir='ltr'>λήλαυς,</span> <span class='ocrx_word' id='word_1_282' title='bbox 148 2537 170 2573; x_wconf 77' lang='lat'>9.</span> <span class='ocrx_word' id='word_1_283' title='bbox 194 2524 295 2573; x_wconf 82' lang='grc' dir='ltr'>ἐντρέπεσθε</span> <span class='ocrx_word' id='word_1_284' title='bbox 313 2524 401 2573; x_wconf 83' lang='grc' dir='ltr'>ἀλλήλοις.</span> 
     </span>
     <span class='ocr_line' id='line_1_50' title="bbox 64 2577 401 2629; baseline 0 -13"><span class='ocrx_word' id='word_1_285' title='bbox 64 2577 105 2629; x_wconf 76' lang='lat' dir='ltr'>Ign.</span> <span class='ocrx_word' id='word_1_286' title='bbox 124 2578 188 2629; x_wconf 81' lang='lat' dir='ltr'>Magn.</span> <span class='ocrx_word' id='word_1_287' title='bbox 207 2579 224 2616; x_wconf 83' lang='lat'>6.</span> <span class='ocrx_word' id='word_1_288' title='bbox 262 2579 348 2626; x_wconf 80' lang='grc' dir='ltr'>ἀλλήλους</span> <span class='ocrx_word' id='word_1_289' title='bbox 365 2581 401 2617; x_wconf 85' lang='grc' dir='ltr'>δια·</span> 
     </span>
     <span class='ocr_line' id='line_1_51' title="bbox 63 2632 401 2685; baseline 0 -14"><span class='ocrx_word' id='word_1_290' title='bbox 63 2635 125 2672; x_wconf 83' lang='grc' dir='ltr'>παντὸς</span> <span class='ocrx_word' id='word_1_291' title='bbox 139 2634 218 2683; x_wconf 80' lang='grc' dir='ltr'>ἀγαπᾶτε.</span> <span class='ocrx_word' id='word_1_292' title='bbox 238 2632 263 2672; x_wconf 88' lang='lat' dir='ltr'>ib.</span> <span class='ocrx_word' id='word_1_293' title='bbox 298 2634 401 2685; x_wconf 77' lang='grc' dir='ltr'>Ὑποτάγητε</span> 
     </span>
     <span class='ocr_line' id='line_1_52' title="bbox 63 2689 400 2738; baseline 0.009 -13"><span class='ocrx_word' id='word_1_294' title='bbox 63 2692 87 2738; x_wconf 82' lang='grc' dir='ltr'>τῷ</span> <span class='ocrx_word' id='word_1_295' title='bbox 97 2689 184 2738; x_wconf 80' lang='grc' dir='ltr'>ἐπισκάπῳ</span> <span class='ocrx_word' id='word_1_296' title='bbox 193 2690 219 2726; x_wconf 82' lang='grc' dir='ltr'>καί</span> <span class='ocrx_word' id='word_1_297' title='bbox 229 2689 314 2737; x_wconf 82' lang='grc' dir='ltr'>ἀλλήλοις.</span> <span class='ocrx_word' id='word_1_298' title='bbox 329 2702 356 2738; x_wconf 86' lang='grc'>13.</span> <span class='ocrx_word' id='word_1_299' title='bbox 380 2693 400 2737; x_wconf 83' lang='grc' dir='ltr'>τῇ</span> 
     </span>
     <span class='ocr_line' id='line_1_53' title="bbox 63 2743 399 2793; baseline 0.009 -14"><span class='ocrx_word' id='word_1_300' title='bbox 63 2743 99 2790; x_wconf 75' lang='grc' dir='ltr'>μετ’</span> <span class='ocrx_word' id='word_1_301' title='bbox 108 2743 188 2790; x_wconf 86' lang='grc' dir='ltr'>ἀλλήλων</span> <span class='ocrx_word' id='word_1_302' title='bbox 196 2748 290 2793; x_wconf 79' lang='grc' dir='ltr'>προσευχῇ.</span> <span class='ocrx_word' id='word_1_303' title='bbox 300 2743 356 2782; x_wconf 75' lang='lat' dir='ltr'>Trall.</span> <span class='ocrx_word' id='word_1_304' title='bbox 369 2757 399 2782; x_wconf 87' lang='lat'>12.</span> 
     </span>
     <span class='ocr_line' id='line_1_54' title="bbox 63 2798 398 2850; baseline 0.009 -15"><span class='ocrx_word' id='word_1_305' title='bbox 63 2801 80 2835; x_wconf 81' lang='grc' dir='ltr'>οἱ</span> <span class='ocrx_word' id='word_1_306' title='bbox 89 2799 123 2835; x_wconf 79' lang='grc' dir='ltr'>κατ’</span> <span class='ocrx_word' id='word_1_307' title='bbox 129 2798 181 2847; x_wconf 83' lang='grc' dir='ltr'>ἀνδρα</span> <span class='ocrx_word' id='word_1_308' title='bbox 186 2798 272 2846; x_wconf 80' lang='grc' dir='ltr'>ἀλλήλους</span> <span class='ocrx_word' id='word_1_309' title='bbox 277 2800 359 2850; x_wconf 82' lang='grc' dir='ltr'>ἀγαπᾶτε,</span> <span class='ocrx_word' id='word_1_310' title='bbox 369 2813 398 2850; x_wconf 83' lang='grc'>13.</span> 
     </span>
     <span class='ocr_line' id='line_1_55' title="bbox 63 2853 398 2905; baseline 0.012 -16"><span class='ocrx_word' id='word_1_311' title='bbox 63 2855 167 2902; x_wconf 82' lang='grc' dir='ltr'>Συγκοπιᾶτε</span> <span class='ocrx_word' id='word_1_312' title='bbox 189 2853 276 2901; x_wconf 88' lang='grc' dir='ltr'>ἀλλήλοις.</span> <span class='ocrx_word' id='word_1_313' title='bbox 300 2854 363 2905; x_wconf 79' lang='lat' dir='ltr'>Polyc.</span> <span class='ocrx_word' id='word_1_314' title='bbox 381 2856 398 2892; x_wconf 90' lang='lat'>6.</span> 
     </span>
     <span class='ocr_line' id='line_1_56' title="bbox 63 2906 398 2958; baseline 0.009 -14"><span class='ocrx_word' id='word_1_315' title='bbox 63 2906 210 2958; x_wconf 83' lang='grc' dir='ltr'>Μακροθνμήσατε</span> <span class='ocrx_word' id='word_1_316' title='bbox 226 2908 255 2946; x_wconf 78' lang='grc' dir='ltr'>οῦν</span> <span class='ocrx_word' id='word_1_317' title='bbox 268 2910 303 2957; x_wconf 79' lang='grc' dir='ltr'>μετ’</span> <span class='ocrx_word' id='word_1_318' title='bbox 314 2910 398 2957; x_wconf 84' lang='grc' dir='ltr'>ἀλλήλων.</span> 
     </span>
     <span class='ocr_line' id='line_1_57' title="bbox 62 2962 399 3013; baseline 0.006 -13"><span class='ocrx_word' id='word_1_319' title='bbox 62 2962 87 3001; x_wconf 82' lang='lat' dir='ltr'>ib.</span> <span class='ocrx_word' id='word_1_320' title='bbox 116 2964 158 3012; x_wconf 75' lang='grc' dir='ltr'>ὑπὲρ</span> <span class='ocrx_word' id='word_1_321' title='bbox 167 2965 197 3010; x_wconf 83' lang='grc' dir='ltr'>τῆς</span> <span class='ocrx_word' id='word_1_322' title='bbox 205 2967 239 3000; x_wconf 81' lang='grc' dir='ltr'>τῶν</span> <span class='ocrx_word' id='word_1_323' title='bbox 247 2964 328 3013; x_wconf 79' lang='grc' dir='ltr'>ἀδελφῶν</span> <span class='ocrx_word' id='word_1_324' title='bbox 337 2966 360 3004; x_wconf 86' lang='grc' dir='ltr'>εἷς</span> <span class='ocrx_word' id='word_1_325' title='bbox 369 2966 399 3002; x_wconf 89' lang='grc' dir='ltr'>ἀλ-</span> 
     </span>
     <span class='ocr_line' id='line_1_58' title="bbox 62 3017 359 3071; baseline 0.013 -17"><span class='ocrx_word' id='word_1_326' title='bbox 62 3018 125 3066; x_wconf 83' lang='grc' dir='ltr'>λήλους</span> <span class='ocrx_word' id='word_1_327' title='bbox 134 3018 204 3067; x_wconf 86' lang='grc' dir='ltr'>ἀγάπης.</span> <span class='ocrx_word' id='word_1_328' title='bbox 219 3017 276 3058; x_wconf 71' lang='grc' dir='ltr'>Μαυί.</span> <span class='ocrx_word' id='word_1_329' title='bbox 288 3019 330 3071; x_wconf 83' lang='lat' dir='ltr'>Ign.</span> <span class='ocrx_word' id='word_1_330' title='bbox 342 3020 359 3058; x_wconf 84' lang='grc'>6.</span> 
     </span>
     <span class='ocr_line' id='line_1_59' title="bbox 35 3073 400 3123; baseline 0.005 -13"><span class='ocrx_word' id='word_1_331' title='bbox 35 3073 129 3111; x_wconf 75' lang='grc' dir='ltr'>Ἀλλοιοῦν.</span> <span class='ocrx_word' id='word_1_332' title='bbox 165 3075 256 3120; x_wconf 80' lang='grc' dir='ltr'>Ζῆλος...</span> <span class='ocrx_word' id='word_1_333' title='bbox 267 3074 362 3123; x_wconf 83' lang='grc' dir='ltr'>ήλλαίαιαεν</span> <span class='ocrx_word' id='word_1_334' title='bbox 380 3076 400 3112; x_wconf 82' lang='grc' dir='ltr'>τά</span> 
     </span>
     <span class='ocr_line' id='line_1_60' title="bbox 62 3129 398 3178; baseline 0.006 -13"><span class='ocrx_word' id='word_1_335' title='bbox 62 3129 112 3178; x_wconf 77' lang='grc' dir='ltr'>ῥηθέν</span> <span class='ocrx_word' id='word_1_336' title='bbox 119 3130 151 3167; x_wconf 81' lang='grc' dir='ltr'>ὑπὸ</span> <span class='ocrx_word' id='word_1_337' title='bbox 161 3131 190 3165; x_wconf 84' lang='grc' dir='ltr'>τοῦ</span> <span class='ocrx_word' id='word_1_338' title='bbox 199 3131 263 3178; x_wconf 82' lang='grc' dir='ltr'>πατρὸς</span> <span class='ocrx_word' id='word_1_339' title='bbox 269 3130 327 3178; x_wconf 84' lang='grc' dir='ltr'>Ἀδάμ.</span> <span class='ocrx_word' id='word_1_340' title='bbox 339 3129 398 3168; x_wconf 74' lang='lat' dir='ltr'>Olem.</span> 
     </span>
    </p>
   </div>
   <div class='ocr_carea' id='block_1_11' title="bbox 424 1315 798 3179">
    <p class='ocr_par' dir='ltr' id='par_1_16' title="bbox 426 1315 761 1365">
     <span class='ocr_line' id='line_1_61' title="bbox 426 1315 761 1365; baseline 0.006 -13"><span class='ocrx_word' id='word_1_341' title='bbox 426 1316 475 1355; x_wconf 76' lang='grc' dir='ltr'>Ἀλς.</span> <span class='ocrx_word' id='word_1_342' title='bbox 504 1317 569 1365; x_wconf 87' lang='grc' dir='ltr'>στήλην</span> <span class='ocrx_word' id='word_1_343' title='bbox 578 1318 624 1354; x_wconf 83' lang='grc' dir='ltr'>ἁλός.</span> <span class='ocrx_word' id='word_1_344' title='bbox 638 1315 698 1354; x_wconf 70' lang='lat' dir='ltr'>Ulem.</span> <span class='ocrx_word' id='word_1_345' title='bbox 710 1316 720 1353; x_wconf 83' lang='grc' dir='ltr'>Ῑ</span> <span class='ocrx_word' id='word_1_346' title='bbox 732 1328 761 1354; x_wconf 92' lang='lat'>11.</span> 
     </span>
    </p>

    <p class='ocr_par' dir='ltr' id='par_1_17' title="bbox 428 1370 798 1643">
     <span class='ocr_line' id='line_1_62' title="bbox 428 1370 797 1420; baseline 0 -12"><span class='ocrx_word' id='word_1_347' title='bbox 428 1370 541 1420; x_wconf 73' lang='grc' dir='ltr'>Ἀμαρτάνειν.</span> <span class='ocrx_word' id='word_1_348' title='bbox 570 1370 586 1409; x_wconf 83' lang='grc' dir='ltr'>εί</span> <span class='ocrx_word' id='word_1_349' title='bbox 597 1386 614 1408; x_wconf 94' lang='grc' dir='ltr'>τι</span> <span class='ocrx_word' id='word_1_350' title='bbox 627 1371 695 1409; x_wconf 80' lang='grc' dir='ltr'>άκονπες</span> <span class='ocrx_word' id='word_1_351' title='bbox 707 1371 797 1420; x_wconf 85' lang='grc' dir='ltr'>ἡμάρτετε.</span> 
     </span>
     <span class='ocr_line' id='line_1_63' title="bbox 456 1425 797 1475; baseline -0.003 -11"><span class='ocrx_word' id='word_1_352' title='bbox 456 1425 516 1464; x_wconf 78' lang='lat' dir='ltr'>Olem.</span> <span class='ocrx_word' id='word_1_353' title='bbox 527 1426 538 1464; x_wconf 85' lang='lat' dir='ltr'>I</span> <span class='ocrx_word' id='word_1_354' title='bbox 549 1439 565 1465; x_wconf 87' lang='lat'>2.</span> <span class='ocrx_word' id='word_1_355' title='bbox 594 1426 683 1465; x_wconf 83' lang='grc' dir='ltr'>ἀκοάοντες</span> <span class='ocrx_word' id='word_1_356' title='bbox 696 1427 756 1475; x_wconf 78' lang='grc' dir='ltr'>ὥσπερ</span> <span class='ocrx_word' id='word_1_357' title='bbox 768 1442 797 1474; x_wconf 90' lang='grc' dir='ltr'>μι-</span> 
     </span>
     <span class='ocr_line' id='line_1_64' title="bbox 456 1480 798 1531; baseline 0.003 -13"><span class='ocrx_word' id='word_1_358' title='bbox 456 1485 499 1530; x_wconf 77' lang='grc' dir='ltr'>κρῶν</span> <span class='ocrx_word' id='word_1_359' title='bbox 514 1483 633 1531; x_wconf 86' lang='grc' dir='ltr'>ἁμαρτάνομεν.</span> <span class='ocrx_word' id='word_1_360' title='bbox 649 1480 671 1519; x_wconf 93' lang='grc' dir='ltr'>Π</span> <span class='ocrx_word' id='word_1_361' title='bbox 686 1493 701 1519; x_wconf 95' lang='grc'>1.</span> <span class='ocrx_word' id='word_1_362' title='bbox 737 1482 798 1520; x_wconf 78' lang='grc' dir='ltr'>Οὐδείς</span> 
     </span>
     <span class='ocr_line' id='line_1_65' title="bbox 454 1537 795 1587; baseline 0.003 -14"><span class='ocrx_word' id='word_1_363' title='bbox 454 1538 513 1574; x_wconf 91' lang='grc' dir='ltr'>πίστιν</span> <span class='ocrx_word' id='word_1_364' title='bbox 531 1537 679 1587; x_wconf 82' lang='grc' dir='ltr'>ἐπαγγελλόμενος</span> <span class='ocrx_word' id='word_1_365' title='bbox 698 1538 795 1585; x_wconf 86' lang='grc' dir='ltr'>ἁμαρτάνει.</span> 
     </span>
     <span class='ocr_line' id='line_1_66' title="bbox 455 1590 683 1643; baseline -0.013 -15"><span class='ocrx_word' id='word_1_366' title='bbox 455 1590 558 1643; x_wconf 82' lang='lat' dir='ltr'>Ign.Eph.</span> <span class='ocrx_word' id='word_1_367' title='bbox 572 1604 611 1640; x_wconf 54' lang='lat'>141</span> <span class='ocrx_word' id='word_1_368' title='bbox 681 1621 683 1625; x_wconf 74' lang='grc'><strong>,</strong></span> 
     </span>
    </p>

    <p class='ocr_par' dir='ltr' id='par_1_18' title="bbox 427 1645 796 1752">
     <span class='ocr_line' id='line_1_67' title="bbox 427 1645 796 1695; baseline 0.003 -13"><span class='ocrx_word' id='word_1_369' title='bbox 427 1645 530 1695; x_wconf 72' lang='grc' dir='ltr'>Ἃμάρτημα.</span> <span class='ocrx_word' id='word_1_370' title='bbox 559 1649 575 1685; x_wconf 82' lang='grc' dir='ltr'>οἱ</span> <span class='ocrx_word' id='word_1_371' title='bbox 589 1649 608 1685; x_wconf 79' lang='grc' dir='ltr'>δὲ</span> <span class='ocrx_word' id='word_1_372' title='bbox 621 1645 754 1695; x_wconf 84' lang='grc' dir='ltr'>μετανοήσαντες</span> <span class='ocrx_word' id='word_1_373' title='bbox 768 1646 796 1684; x_wconf 76' lang='grc' dir='ltr'>ἐπὶ</span> 
     </span>
     <span class='ocr_line' id='line_1_68' title="bbox 454 1699 746 1752; baseline 0.003 -15"><span class='ocrx_word' id='word_1_374' title='bbox 454 1704 490 1740; x_wconf 82' lang='grc' dir='ltr'>τοῖς</span> <span class='ocrx_word' id='word_1_375' title='bbox 499 1701 621 1752; x_wconf 78' lang='grc' dir='ltr'>ἁμαρτήμασιν.</span> <span class='ocrx_word' id='word_1_376' title='bbox 636 1699 696 1739; x_wconf 74' lang='lat' dir='ltr'>Olem.</span> <span class='ocrx_word' id='word_1_377' title='bbox 707 1700 718 1738; x_wconf 84' lang='grc' dir='ltr'>Ι</span> <span class='ocrx_word' id='word_1_378' title='bbox 728 1709 746 1750; x_wconf 79' lang='lat'>7.</span> 
     </span>
    </p>

    <p class='ocr_par' dir='ltr' id='par_1_19' title="bbox 427 1754 797 2796">
     <span class='ocr_line' id='line_1_69' title="bbox 427 1754 796 1807; baseline 0.005 -16"><span class='ocrx_word' id='word_1_379' title='bbox 427 1754 514 1805; x_wconf 73' lang='grc' dir='ltr'>Ἀμαρτία.</span> <span class='ocrx_word' id='word_1_380' title='bbox 534 1757 664 1807; x_wconf 87' lang='grc' dir='ltr'>προσφέρονται</span> <span class='ocrx_word' id='word_1_381' title='bbox 671 1756 736 1793; x_wconf 87' lang='grc' dir='ltr'>θυσίαι.</span> <span class='ocrx_word' id='word_1_382' title='bbox 742 1757 796 1805; x_wconf 85' lang='grc' dir='ltr'>..περὶ</span> 
     </span>
     <span class='ocr_line' id='line_1_70' title="bbox 454 1810 796 1861; baseline 0 -14"><span class='ocrx_word' id='word_1_383' title='bbox 454 1810 539 1861; x_wconf 84' lang='grc' dir='ltr'>ἁμαρτίας.</span> <span class='ocrx_word' id='word_1_384' title='bbox 555 1810 615 1851; x_wconf 72' lang='lat' dir='ltr'>Ulem.</span> <span class='ocrx_word' id='word_1_385' title='bbox 630 1810 685 1858; x_wconf 77' lang='lat'>141.</span> <span class='ocrx_word' id='word_1_386' title='bbox 713 1810 796 1860; x_wconf 78' lang='grc' dir='ltr'>Ἀμαρτία</span> 
     </span>
     <span class='ocr_line' id='line_1_71' title="bbox 454 1866 796 1917; baseline 0 -15"><span class='ocrx_word' id='word_1_387' title='bbox 454 1866 488 1915; x_wconf 85' lang='grc' dir='ltr'>γάρ</span> <span class='ocrx_word' id='word_1_388' title='bbox 498 1867 522 1903; x_wconf 79' lang='grc' dir='ltr'>οὗ</span> <span class='ocrx_word' id='word_1_389' title='bbox 538 1868 588 1917; x_wconf 80' lang='grc' dir='ltr'>μικρά</span> <span class='ocrx_word' id='word_1_390' title='bbox 603 1868 642 1916; x_wconf 81' lang='grc' dir='ltr'>ἡμῖν</span> <span class='ocrx_word' id='word_1_391' title='bbox 655 1866 709 1903; x_wconf 76' lang='grc' dir='ltr'>ἔσται.</span> <span class='ocrx_word' id='word_1_392' title='bbox 725 1878 756 1913; x_wconf 82' lang='lat'>44.</span> <span class='ocrx_word' id='word_1_393' title='bbox 786 1866 796 1913; x_wconf 84' lang='grc' dir='ltr'><em>ἡ</em></span> 
     </span>
     <span class='ocr_line' id='line_1_72' title="bbox 454 1920 797 1970; baseline 0.003 -13"><span class='ocrx_word' id='word_1_394' title='bbox 454 1923 559 1969; x_wconf 78' lang='grc' dir='ltr'>πράσιλισις</span> <span class='ocrx_word' id='word_1_395' title='bbox 576 1923 629 1970; x_wconf 85' lang='grc' dir='ltr'>ε’κείνη</span> <span class='ocrx_word' id='word_1_396' title='bbox 648 1920 699 1968; x_wconf 81' lang='grc' dir='ltr'>ἧττον</span> <span class='ocrx_word' id='word_1_397' title='bbox 714 1921 797 1970; x_wconf 84' lang='grc' dir='ltr'>ἁμαρτίαν</span> 
     </span>
     <span class='ocr_line' id='line_1_73' title="bbox 454 1975 795 2027; baseline 0 -15"><span class='ocrx_word' id='word_1_398' title='bbox 454 1976 493 2023; x_wconf 82' lang='grc' dir='ltr'>ὑμῖν</span> <span class='ocrx_word' id='word_1_399' title='bbox 501 1976 620 2027; x_wconf 84' lang='grc' dir='ltr'>προσήνεγκεν.</span> <span class='ocrx_word' id='word_1_400' title='bbox 637 1983 668 2025; x_wconf 83' lang='lat'>47.</span> <span class='ocrx_word' id='word_1_401' title='bbox 697 1975 754 2024; x_wconf 84' lang='grc' dir='ltr'>ἀγάπη</span> <span class='ocrx_word' id='word_1_402' title='bbox 766 1991 795 2013; x_wconf 85' lang='grc' dir='ltr'>κα-</span> 
     </span>
     <span class='ocr_line' id='line_1_74' title="bbox 454 2029 797 2081; baseline 0.006 -14"><span class='ocrx_word' id='word_1_403' title='bbox 454 2029 515 2068; x_wconf 80' lang='grc' dir='ltr'>λιίπτει</span> <span class='ocrx_word' id='word_1_404' title='bbox 528 2032 594 2079; x_wconf 74' lang='grc' dir='ltr'>πλῆθος</span> <span class='ocrx_word' id='word_1_405' title='bbox 605 2029 696 2081; x_wconf 77' lang='grc' dir='ltr'>ἁμαρτίαν.</span> <span class='ocrx_word' id='word_1_406' title='bbox 712 2042 744 2079; x_wconf 86' lang='lat'>49.</span> <span class='ocrx_word' id='word_1_407' title='bbox 773 2032 797 2069; x_wconf 82' lang='grc' dir='ltr'>εἷς</span> 
     </span>
     <span class='ocr_line' id='line_1_75' title="bbox 454 2085 794 2135; baseline 0.009 -14"><span class='ocrx_word' id='word_1_408' title='bbox 454 2087 474 2122; x_wconf 84' lang='grc' dir='ltr'>τά</span> <span class='ocrx_word' id='word_1_409' title='bbox 484 2086 567 2135; x_wconf 75' lang='grc' dir='ltr'>ἀφεθῆναι</span> <span class='ocrx_word' id='word_1_410' title='bbox 605 2089 635 2126; x_wconf 86' lang='grc' dir='ltr'>τὰς</span> <span class='ocrx_word' id='word_1_411' title='bbox 649 2086 730 2135; x_wconf 83' lang='grc' dir='ltr'>ἁμαρτίας</span> <span class='ocrx_word' id='word_1_412' title='bbox 744 2085 794 2134; x_wconf 80' lang='grc' dir='ltr'>ἡμῶν.</span> 
     </span>
     <span class='ocr_line' id='line_1_76' title="bbox 456 2141 796 2191; baseline 0 -14"><span class='ocrx_word' id='word_1_413' title='bbox 456 2149 487 2188; x_wconf 91' lang='lat'>50.</span> <span class='ocrx_word' id='word_1_414' title='bbox 516 2143 538 2180; x_wconf 84' lang='grc' dir='ltr'>ὡς</span> <span class='ocrx_word' id='word_1_415' title='bbox 554 2141 679 2191; x_wconf 85' lang='grc' dir='ltr'>προοδοίπορον</span> <span class='ocrx_word' id='word_1_416' title='bbox 694 2144 728 2177; x_wconf 77' lang='grc' dir='ltr'>τῶν</span> <span class='ocrx_word' id='word_1_417' title='bbox 743 2144 796 2190; x_wconf 87' lang='grc' dir='ltr'>ἀμαρ-</span> 
     </span>
     <span class='ocr_line' id='line_1_77' title="bbox 455 2195 797 2244; baseline 0 -12"><span class='ocrx_word' id='word_1_418' title='bbox 455 2195 496 2233; x_wconf 85' lang='grc' dir='ltr'>τίων</span> <span class='ocrx_word' id='word_1_419' title='bbox 504 2196 555 2244; x_wconf 79' lang='grc' dir='ltr'>ἡμῶν.</span> <span class='ocrx_word' id='word_1_420' title='bbox 566 2196 588 2235; x_wconf 89' lang='grc' dir='ltr'>Π</span> <span class='ocrx_word' id='word_1_421' title='bbox 600 2210 630 2235; x_wconf 89' lang='grc'>10.</span> <span class='ocrx_word' id='word_1_422' title='bbox 655 2196 709 2243; x_wconf 80' lang='grc' dir='ltr'>δεινήν</span> <span class='ocrx_word' id='word_1_423' title='bbox 718 2195 797 2233; x_wconf 78' lang='grc' dir='ltr'>σίναικαν</span> 
     </span>
     <span class='ocr_line' id='line_1_78' title="bbox 455 2249 794 2302; baseline 0.003 -15"><span class='ocrx_word' id='word_1_424' title='bbox 455 2251 486 2298; x_wconf 87' lang='grc' dir='ltr'>τήν</span> <span class='ocrx_word' id='word_1_425' title='bbox 494 2252 575 2301; x_wconf 87' lang='grc' dir='ltr'>ἁμαρτίαν</span> <span class='ocrx_word' id='word_1_426' title='bbox 587 2252 702 2302; x_wconf 84' lang='grc' dir='ltr'>παρειληφώς.</span> <span class='ocrx_word' id='word_1_427' title='bbox 718 2249 794 2301; x_wconf 78' lang='lat' dir='ltr'>Fl&#39;agm.</span> 
     </span>
     <span class='ocr_line' id='line_1_79' title="bbox 455 2306 797 2356; baseline -0.009 -12"><span class='ocrx_word' id='word_1_428' title='bbox 455 2318 480 2344; x_wconf 88' lang='lat' dir='ltr'>Vl.</span> <span class='ocrx_word' id='word_1_429' title='bbox 509 2308 564 2356; x_wconf 85' lang='grc' dir='ltr'>σάρκα</span> <span class='ocrx_word' id='word_1_430' title='bbox 573 2337 588 2346; x_wconf 96' lang='grc'>..</span> <span class='ocrx_word' id='word_1_431' title='bbox 599 2308 641 2355; x_wconf 90' lang='grc' dir='ltr'>,τήν</span> <span class='ocrx_word' id='word_1_432' title='bbox 650 2306 693 2355; x_wconf 79' lang='grc' dir='ltr'>ὑπὲρ</span> <span class='ocrx_word' id='word_1_433' title='bbox 700 2309 734 2342; x_wconf 86' lang='grc' dir='ltr'>τῶν</span> <span class='ocrx_word' id='word_1_434' title='bbox 743 2309 797 2355; x_wconf 85' lang='grc' dir='ltr'>ἀμαρ-</span> 
     </span>
     <span class='ocr_line' id='line_1_80' title="bbox 455 2359 794 2411; baseline 0.003 -14"><span class='ocrx_word' id='word_1_435' title='bbox 455 2361 495 2398; x_wconf 86' lang='grc' dir='ltr'>τίων</span> <span class='ocrx_word' id='word_1_436' title='bbox 504 2361 549 2408; x_wconf 80' lang='grc' dir='ltr'>ἡμῶν</span> <span class='ocrx_word' id='word_1_437' title='bbox 558 2362 652 2400; x_wconf 89' lang='grc' dir='ltr'>παθοῦσαν.</span> <span class='ocrx_word' id='word_1_438' title='bbox 663 2360 705 2411; x_wconf 81' lang='lat' dir='ltr'>Ign.</span> <span class='ocrx_word' id='word_1_439' title='bbox 717 2359 794 2411; x_wconf 76' lang='lat' dir='ltr'>Smyrn.</span> 
     </span>
     <span class='ocr_line' id='line_1_81' title="bbox 456 2415 795 2463; baseline -0.006 -10"><span class='ocrx_word' id='word_1_440' title='bbox 456 2415 473 2453; x_wconf 84' lang='lat'>6.</span> <span class='ocrx_word' id='word_1_441' title='bbox 488 2415 561 2463; x_wconf 80' lang='grc' dir='ltr'>ταύτην.</span> <span class='ocrx_word' id='word_1_442' title='bbox 571 2447 574 2455; x_wconf 94' lang='grc'>,</span> <span class='ocrx_word' id='word_1_443' title='bbox 584 2416 694 2463; x_wconf 78' lang='grc' dir='ltr'>,ἐξαλείφειν</span> <span class='ocrx_word' id='word_1_444' title='bbox 702 2415 732 2462; x_wconf 86' lang='grc' dir='ltr'>τήν</span> <span class='ocrx_word' id='word_1_445' title='bbox 742 2417 795 2462; x_wconf 86' lang='grc' dir='ltr'>άμαρ-</span> 
     </span>
     <span class='ocr_line' id='line_1_82' title="bbox 453 2470 795 2522; baseline 0.003 -15"><span class='ocrx_word' id='word_1_446' title='bbox 453 2471 495 2509; x_wconf 88' lang='grc' dir='ltr'>τίαν.</span> <span class='ocrx_word' id='word_1_447' title='bbox 506 2470 582 2522; x_wconf 76' lang='lat' dir='ltr'>Fl&#39;agm.</span> <span class='ocrx_word' id='word_1_448' title='bbox 592 2470 612 2509; x_wconf 76' lang='lat' dir='ltr'>ii.</span> <span class='ocrx_word' id='word_1_449' title='bbox 628 2471 647 2509; x_wconf 79' lang='grc' dir='ltr'>ὃς</span> <span class='ocrx_word' id='word_1_450' title='bbox 655 2471 743 2517; x_wconf 79' lang='grc' dir='ltr'>ὑπέμεινεν</span> <span class='ocrx_word' id='word_1_451' title='bbox 751 2471 795 2520; x_wconf 73' lang='grc' dir='ltr'>ὑπὲρ</span> 
     </span>
     <span class='ocr_line' id='line_1_83' title="bbox 453 2523 793 2575; baseline 0.006 -14"><span class='ocrx_word' id='word_1_452' title='bbox 453 2529 487 2561; x_wconf 82' lang='grc' dir='ltr'>τῶν</span> <span class='ocrx_word' id='word_1_453' title='bbox 509 2529 597 2574; x_wconf 81' lang='grc' dir='ltr'>ἁμαρτιῶν.</span> <span class='ocrx_word' id='word_1_454' title='bbox 625 2524 688 2575; x_wconf 82' lang='lat' dir='ltr'>Polyc.</span> <span class='ocrx_word' id='word_1_455' title='bbox 710 2523 759 2562; x_wconf 76' lang='lat' dir='ltr'>Phil.</span> <span class='ocrx_word' id='word_1_456' title='bbox 777 2537 793 2563; x_wconf 89' lang='lat'>1.</span> 
     </span>
     <span class='ocr_line' id='line_1_84' title="bbox 453 2580 793 2629; baseline 0.006 -13"><span class='ocrx_word' id='word_1_457' title='bbox 453 2582 517 2629; x_wconf 84' lang='grc' dir='ltr'>μακράν</span> <span class='ocrx_word' id='word_1_458' title='bbox 535 2581 573 2618; x_wconf 77' lang='grc' dir='ltr'>ε’στι</span> <span class='ocrx_word' id='word_1_459' title='bbox 591 2582 648 2627; x_wconf 88' lang='grc' dir='ltr'>πάσης</span> <span class='ocrx_word' id='word_1_460' title='bbox 665 2580 752 2628; x_wconf 82' lang='grc' dir='ltr'>ἁμαρτίας.</span> <span class='ocrx_word' id='word_1_461' title='bbox 775 2592 793 2628; x_wconf 82' lang='lat'>3.</span> 
     </span>
     <span class='ocr_line' id='line_1_85' title="bbox 453 2634 795 2684; baseline 0.003 -13"><span class='ocrx_word' id='word_1_462' title='bbox 453 2635 541 2681; x_wconf 86' lang='grc' dir='ltr'>ὀφειλέται</span> <span class='ocrx_word' id='word_1_463' title='bbox 551 2636 603 2683; x_wconf 80' lang='grc' dir='ltr'>ἐσμέν</span> <span class='ocrx_word' id='word_1_464' title='bbox 612 2636 697 2684; x_wconf 86' lang='grc' dir='ltr'>ἁμαρτίας.</span> <span class='ocrx_word' id='word_1_465' title='bbox 714 2634 731 2672; x_wconf 81' lang='lat'>6.</span> <span class='ocrx_word' id='word_1_466' title='bbox 761 2637 795 2672; x_wconf 86' lang='grc' dir='ltr'>Τὸν</span> 
     </span>
     <span class='ocr_line' id='line_1_86' title="bbox 453 2689 794 2738; baseline 0.006 -13"><span class='ocrx_word' id='word_1_467' title='bbox 453 2690 607 2736; x_wconf 82' lang='grc' dir='ltr'>ἀναοταυρώπαντα</span> <span class='ocrx_word' id='word_1_468' title='bbox 616 2691 647 2737; x_wconf 87' lang='grc' dir='ltr'>τήν</span> <span class='ocrx_word' id='word_1_469' title='bbox 656 2689 697 2737; x_wconf 79' lang='grc' dir='ltr'>ε’μήν</span> <span class='ocrx_word' id='word_1_470' title='bbox 706 2691 794 2738; x_wconf 87' lang='grc' dir='ltr'>ἁμαρτίαν.</span> 
     </span>
     <span class='ocr_line' id='line_1_87' title="bbox 453 2743 591 2796; baseline 0.007 -15"><span class='ocrx_word' id='word_1_471' title='bbox 453 2743 509 2783; x_wconf 61' lang='lat' dir='ltr'>Mam</span> <span class='ocrx_word' id='word_1_472' title='bbox 520 2744 562 2796; x_wconf 84' lang='lat' dir='ltr'>Ign.</span> <span class='ocrx_word' id='word_1_473' title='bbox 574 2757 591 2782; x_wconf 83' lang='lat'>2.</span> 
     </span>
    </p>

    <p class='ocr_par' dir='ltr' id='par_1_20' title="bbox 425 2798 795 2899">
     <span class='ocr_line' id='line_1_88' title="bbox 425 2798 795 2849; baseline 0.003 -14"><span class='ocrx_word' id='word_1_474' title='bbox 425 2799 535 2848; x_wconf 80' lang='grc' dir='ltr'>Ἀμαίρασις.</span> <span class='ocrx_word' id='word_1_475' title='bbox 563 2799 672 2849; x_wconf 70' lang='grc' dir='ltr'>’ἀμαύρωσιν</span> <span class='ocrx_word' id='word_1_476' title='bbox 681 2798 711 2836; x_wconf 77' lang='grc' dir='ltr'>οὖν</span> <span class='ocrx_word' id='word_1_477' title='bbox 720 2800 795 2849; x_wconf 60' lang='grc' dir='ltr'>περικείέ</span> 
     </span>
     <span class='ocr_line' id='line_1_89' title="bbox 451 2853 638 2899; baseline 0.021 -10"><span class='ocrx_word' id='word_1_478' title='bbox 451 2869 502 2899; x_wconf 83' lang='grc' dir='ltr'>μενοι.</span> <span class='ocrx_word' id='word_1_479' title='bbox 518 2853 578 2893; x_wconf 82' lang='lat' dir='ltr'>Olem.</span> <span class='ocrx_word' id='word_1_480' title='bbox 589 2854 612 2892; x_wconf 91' lang='grc' dir='ltr'>Π</span> <span class='ocrx_word' id='word_1_481' title='bbox 623 2867 638 2893; x_wconf 92' lang='lat'>1.</span> 
     </span>
    </p>

    <p class='ocr_par' dir='ltr' id='par_1_21' title="bbox 425 2909 794 3013">
     <span class='ocr_line' id='line_1_90' title="bbox 425 2909 794 2959; baseline 0.005 -14"><span class='ocrx_word' id='word_1_482' title='bbox 425 2910 547 2957; x_wconf 64' lang='grc' dir='ltr'>’ἀμβλυωπεῖνΙ</span> <span class='ocrx_word' id='word_1_483' title='bbox 577 2910 595 2947; x_wconf 78' lang='grc' dir='ltr'>ἕν</span> <span class='ocrx_word' id='word_1_484' title='bbox 603 2910 623 2957; x_wconf 78' lang='grc' dir='ltr'>τῇ</span> <span class='ocrx_word' id='word_1_485' title='bbox 632 2909 691 2948; x_wconf 90' lang='grc' dir='ltr'>πίστει</span> <span class='ocrx_word' id='word_1_486' title='bbox 700 2911 752 2947; x_wconf 80' lang='grc' dir='ltr'>αὐτοῦ</span> <span class='ocrx_word' id='word_1_487' title='bbox 761 2911 794 2959; x_wconf 88' lang='grc' dir='ltr'>άμ-</span> 
     </span>
     <span class='ocr_line' id='line_1_91' title="bbox 451 2963 685 3013; baseline 0.009 -13"><span class='ocrx_word' id='word_1_488' title='bbox 451 2966 560 3012; x_wconf 84' lang='grc' dir='ltr'>βλυωπήσαι.</span> <span class='ocrx_word' id='word_1_489' title='bbox 575 2963 635 3003; x_wconf 75' lang='lat' dir='ltr'>Olem.</span> <span class='ocrx_word' id='word_1_490' title='bbox 646 2963 657 3001; x_wconf 82' lang='grc' dir='ltr'>Ι</span> <span class='ocrx_word' id='word_1_491' title='bbox 667 2976 685 3013; x_wconf 84' lang='lat'>3.</span> 
     </span>
    </p>

    <p class='ocr_par' dir='ltr' id='par_1_22' title="bbox 424 3018 793 3179">
     <span class='ocr_line' id='line_1_92' title="bbox 424 3018 792 3071; baseline 0.005 -15"><span class='ocrx_word' id='word_1_492' title='bbox 424 3018 513 3067; x_wconf 82' lang='grc' dir='ltr'>Ἀμείβειυ.</span> <span class='ocrx_word' id='word_1_493' title='bbox 542 3020 609 3067; x_wconf 77' lang='grc' dir='ltr'>θμείβοι</span> <span class='ocrx_word' id='word_1_494' title='bbox 623 3021 662 3068; x_wconf 77' lang='grc' dir='ltr'>ὑμῖν</span> <span class='ocrx_word' id='word_1_495' title='bbox 679 3022 727 3059; x_wconf 73' lang='grc' dir='ltr'>θεάς,</span> <span class='ocrx_word' id='word_1_496' title='bbox 749 3019 792 3071; x_wconf 82' lang='lat' dir='ltr'>Ign.</span> 
     </span>
     <span class='ocr_line' id='line_1_93' title="bbox 452 3073 793 3125; baseline 0.006 -14"><span class='ocrx_word' id='word_1_497' title='bbox 452 3073 527 3124; x_wconf 75' lang='lat' dir='ltr'>Smyrn.</span> <span class='ocrx_word' id='word_1_498' title='bbox 546 3087 563 3125; x_wconf 89' lang='lat'>9.</span> <span class='ocrx_word' id='word_1_499' title='bbox 591 3076 694 3125; x_wconf 71' lang='grc' dir='ltr'>Ἀμείήνεται</span> <span class='ocrx_word' id='word_1_500' title='bbox 713 3077 765 3113; x_wconf 80' lang='grc' dir='ltr'>αῦτίιν</span> <span class='ocrx_word' id='word_1_501' title='bbox 782 3075 793 3123; x_wconf 82' lang='grc' dir='ltr'><em>ἡ</em></span> 
     </span>
     <span class='ocr_line' id='line_1_94' title="bbox 452 3130 664 3179; baseline 0.014 -13"><span class='ocrx_word' id='word_1_502' title='bbox 452 3130 501 3179; x_wconf 80' lang='grc' dir='ltr'>χάρις</span> <span class='ocrx_word' id='word_1_503' title='bbox 510 3132 552 3169; x_wconf 86' lang='grc' dir='ltr'>κατὰ</span> <span class='ocrx_word' id='word_1_504' title='bbox 560 3132 621 3170; x_wconf 86' lang='grc' dir='ltr'>πάντα.</span> <span class='ocrx_word' id='word_1_505' title='bbox 635 3143 664 3169; x_wconf 80' lang='lat'>12.</span> 
     </span>
    </p>
   </div>
   <div class='ocr_carea' id='block_1_12' title="bbox 0 0 970 3420">
    <p class='ocr_par' dir='ltr' id='par_1_23' title="bbox 0 0 970 3420">
     <span class='ocr_line' id='line_1_95' title="bbox 0 0 970 3420; baseline 0 1"><span class='ocrx_word' id='word_1_506' title='bbox 0 0 970 3420; x_wconf 95' lang='lat' dir='ltr'> </span> 
     </span>
    </p>
   </div>
  </div>
 </body>
</html>
