1958 3490
306 238 378 280 vara
392 238 429 280 ar
444 238 583 280 soarrrrs.
660 219 662 224 ’
756 239 801 282 aa

103 357 198 403 ἱκανωτάτη,
209 356 228 402 ἐξ
242 355 262 403 ἦν
275 356 302 393 καὶ
316 357 345 393 τὸν
356 358 454 405 χαρακτῆρα
463 358 492 403 τῆς
505 355 581 393 πίστεως
594 356 651 399 αὐτοῦ,
661 357 688 393 καὶ
697 357 716 392 τὸ
726 356 802 406 κήρυγμα

83 457 84 460 ,
102 425 131 470 τῆς
140 422 224 469 ἀληθείας,
234 423 250 458 oi
262 423 364 469 βουλόμεναι
375 423 401 459 καὶ
413 420 532 471 φροντίζοντες
540 423 570 469 τῆς
579 422 642 459 ἑαυτῶν
651 420 735 471 σωτηρίας
744 421 802 459 δύναν-

102 504 129 526 ται
143 488 207 535 μαθεῖν,
229 487 325 536 irenaeus,
335 494 360 525 111
370 487 391 526 iil
401 500 418 536 4.
448 486 556 526 OtEuseb.
567 486 592 526 H.
604 487 626 526 E.
637 486 658 525 iii
669 488 700 536 36,
711 486 772 536 iv14,
782 492 802 525 et

103 554 191 593 Pearson.
202 553 277 593 Vindic.
288 554 350 606 Ignat.
362 554 373 592 Ι
386 568 404 593 v.

129 627 137 648 ⁸
150 632 210 671 usqae
218 618 282 674 boda]
292 620 341 660 Vide
350 620 376 660 sis
386 633 443 672 supra
452 633 471 672 p.
479 619 524 658 xvii.

131 685 139 714 t
152 685 175 725 be
184 685 244 726 Asiae
254 685 355 741 conuenta]
369 687 431 736 Quem
442 685 499 725 Asiae
513 689 629 725 conventum
643 683 743 736 intelligat,
755 683 803 723 diffi-

104 751 166 791 culter
184 752 310 804 cognoscitur.
349 752 467 805 Sophronias
485 751 554 796 reddit,
570 753 588 789 ἐν
602 755 623 799 τῇ
639 753 710 799 ‘Aeetas
729 752 802 803 συνόδῳ.

104 818 185 859 (lonstat
193 818 258 872 igitur,
266 833 306 859 non
315 833 355 860 esse
365 832 472 860 sermonem
481 818 505 858 de
514 817 640 858 conventibus
650 816 803 857 Christianorum

40 943 42 945 ι
104 885 225 938 quotidianis,
235 886 269 926 sed
281 886 305 926 de
317 886 398 926 notabili
408 885 491 938 quodam
503 884 563 925 totius
572 884 670 923 Asiaticae
682 883 745 936 gentis
758 897 802 923 con-

104 955 168 991 ventu.
189 952 219 991 De
228 952 332 1004 provinciis
341 953 477 995 Romanorum,
488 965 512 991 ex
522 951 580 990 Plinii
588 951 639 991 libro
648 957 664 989 X
673 950 759 1003 epistolis
771 953 803 999 60,

107 1031 150 1069 103,
161 1022 180 1058 et
189 1018 270 1068 aliunde,
280 1019 374 1069 novimus,
384 1019 436 1072 quod
450 1018 501 1058 diem
515 1018 575 1063 illum,
587 1031 626 1070 quo
639 1017 765 1069 imperatores
779 1017 804 1056 ad

104 1082 220 1135 reipublicae
228 1084 357 1136 gubernacula
365 1083 438 1124 admoti
445 1087 514 1132 essent,
521 1082 624 1135 quotannis
633 1096 703 1135 magna
711 1082 805 1135 religione

54 1153 56 1157 '
104 1149 193 1202 ludisque
208 1164 230 1190 ac
248 1150 361 1202 spectaculis
376 1150 518 1200 celebraverint,
534 1154 638 1202 praeeunte
654 1149 743 1190 videlicet
760 1163 804 1202 pro-

104 1216 178 1256 vinciae
186 1217 287 1269 praefecto,
297 1230 354 1269 quem
365 1218 493 1269 sequebantur
505 1216 576 1256 milites
589 1230 611 1256 ac
625 1216 684 1269 legati
698 1216 804 1265 civitatum,

105 1295 153 1335 quos
166 1282 292 1335 provinciales
301 1288 370 1324 vocant
380 1284 473 1336 Trajanus
485 1288 505 1323 et
515 1283 594 1323 Plinius.
624 1283 682 1323 Hunc
696 1296 770 1323 morem
784 1282 804 1322 in

105 1348 152 1389 Asia
166 1349 270 1390 obtinuisse
284 1350 368 1390 dubitari
381 1364 421 1390 non
434 1354 498 1403 potest
505 1363 511 1399 ς
525 1350 620 1402 credoque
628 1350 680 1389 bunc
689 1354 805 1390 conventum

104 1415 128 1455 ab
137 1414 217 1455 Aurelio
226 1414 331 1465 Antonino,
341 1416 390 1456 libro
399 1417 430 1456 IV
439 1415 523 1465 Eusebii,
533 1430 573 1469 cap.
587 1429 617 1467 13,
631 1418 686 1455 κοινὸν
698 1419 728 1465 τῆς
736 1415 802 1461 Ἀσίας,

105 1483 204 1521 συνταραττο
212 1481 272 1522 Asiae
280 1483 372 1535 appellari
379 1497 385 1533 5
398 1488 421 1523 ut
430 1487 450 1523 et
459 1482 545 1523 Valesius
555 1483 613 1523 sentit
622 1482 643 1539 in
652 1483 704 1523 notis
713 1483 738 1522 ad
747 1482 803 1522 illum

105 1546 183 1586 Eusebii
199 1547 268 1587 locum.
296 1548 355 1588 Hunc
370 1548 471 1601 quotannis
487 1548 612 1599 conveniendi
628 1562 703 1589 morem
719 1548 740 1587 in
755 1547 804 1588 Asia

104 1616 201 1653 retentum
219 1614 277 1653 fuisse
297 1614 385 1664 arbitror,
404 1628 463 1667 quum
483 1615 524 1667 jam
543 1614 648 1655 Christiani
670 1615 803 1667 imperassent,

104 1681 189 1732 adeoque
203 1682 257 1719 κοινὸν
266 1680 331 1730 Ἀσίας,
346 1695 444 1721 contradere
455 1680 521 1730 Asiae,
534 1681 566 1720 hic
579 1681 680 1734 indigitari
693 1682 717 1721 ab
732 1681 804 1721 Hiero·

105 1761 169 1799 nymo.
197 1746 222 1786 In
238 1747 399 1787 conventu'enim
414 1748 448 1787 illo
463 1747 583 1788 Christianos
598 1748 662 1800 primo
677 1748 764 1788 omnium
780 1748 805 1788 de

105 1813 198 1866 religione
207 1813 314 1853 consultare
324 1813 408 1863 decebat,
417 1827 439 1853 ac
451 1814 561 1866 praelegere
572 1818 615 1854 acta
628 1818 742 1867 martymm
751 1828 806 1867 prae—

106 1879 161 1931 cipue
169 1892 215 1918 vero
225 1878 326 1931 epistolam
335 1879 365 1918 sui
376 1879 462 1931 primarii
471 1879 561 1932 episcopi,
571 1880 678 1932 Polycarpi,
687 1885 710 1920 ut
719 1880 806 1933 gentiles,

106 1944 260 1985 convenientium
269 1945 399 1991 multitudine,
409 1945 483 1995 ardore,
492 1959 515 1985 ac
527 1946 573 1995 zelo,
583 1946 720 1986 inducerentur
731 1947 756 1986 ad
767 1960 807 1986 am-

106 2012 226 2065 plectendam
240 2012 348 2052 doctrinam
361 2012 477 2062 salutarem3
491 2017 535 2052 tum
546 2012 605 2053 etiam
616 2017 638 2053 ut
649 2013 753 2053 Obristiani
763 2027 807 2053 con-

106 2078 228 2118 firmarentur
237 2078 349 2118 admirando
359 2079 460 2131 Polycarpi
472 2083 603 2129 monumenta,
613 2093 635 2119 ae
646 2084 807 2132 praepararentur

106 2145 131 2185 ad
145 2145 266 2185 sustinendas
281 2146 427 2198 persecutiones,
439 2146 455 2185 si
469 2159 518 2198 quae
529 2145 584 2195 forte,
593 2150 616 2185 ut
628 2146 701 2186 Juliani
714 2150 806 2199 tempore,

107 2211 265 2264 supervenissent.
294 2212 385 2265 Intelligo
394 2217 459 2252 antem
468 2217 584 2252 conventum
593 2211 650 2252 Asiae
659 2213 806 2266 proconsularis,

107 2292 146 2317 non
162 2276 226 2327 Asiae,
243 2291 291 2330 quae
307 2278 386 2319 tertiam
402 2278 454 2319 orbis
469 2283 565 2319 terrarum
581 2283 657 2332 partem
673 2283 733 2320 notat.
752 2279 774 2319 Ε,
786 2279 805 2320 S.

108 2342 270 2385 GYPRIANUS.
