2017 3420
219 158 261 203 186
463 159 484 202 S.
496 156 667 202 Gnnmnnrls
681 225 684 229 ι

218 274 273 346 δίχα
285 274 453 345 προσκλίσεως
465 275 638 346 ἀνθρω[πίνης],
650 271 749 340 ἄμωμοι.
768 274 771 279 ’
791 274 822 325 Αἱ
837 273 913 340 γενεοιὶ
974 277 984 302 '³

218 365 296 416 πᾶσαι
318 359 374 432 [ἀπὸ
392 360 481 433 Ἀδὰμ]
503 361 546 419 ἕως
567 362 640 428 τῆσδε
657 358 743 429 ἡμέρας
761 360 911 430 sufflator}

218 448 275 502 ἀλλ’
288 450 310 501 ci
328 449 353 500 ἐν
367 446 449 519 ἀγάπῃ
467 447 651 518 retractatui
665 444 733 500 κατὰ
741 439 785 513 τὴν
797 450 839 499 τοῦ
851 448 914 498 Θεοῦ

218 532 294 605 χάριν,
317 533 430 609 {immoto}
455 538 535 606 χῶρον
555 534 667 597 εὐσεβῶν·
695 530 717 586 oi
741 533 914 604 φανερ[οῦν]ταί

218 621 243 673 ἐν
254 621 284 690 τῇ
301 619 420 691 ἐπισκοπῇ
438 623 479 688 τῆς
497 618 639 691 βασιλ[είας]
660 624 702 673 τοῦ
716 621 832 689 Χριστοῦ.
870 617 933 679 Γέ-5

219 808 267 847 quae
275 795 431 837 Schoenemanno
439 799 552 850 praeplacet,
607 811 624 845 4.
635 801 691 847 χῶρον
700 793 790 849 εὐσεβῶν]
804 795 835 835 Ita
844 808 856 834 a
865 794 911 834 Cod.

218 851 282 891 nullus
288 865 354 891 revera
361 856 390 892 est
398 853 450 892 locus
457 867 463 903 3
472 853 554 893 neenim
581 851 638 892 MSto
647 850 760 900 exhibetur,
774 854 795 890 at
807 849 866 890 Codd.
877 850 912 889 im-

218 906 282 946 dicam
288 907 376 958 exernpla
385 907 464 958 pluralis
471 908 554 947 nominis
580 907 639 959 pressi
653 909 727 955 omnes,
736 919 810 951 necnon
824 905 912 945 Clemens

218 960 274 1001 istius
289 961 351 1000 adhuc
363 962 471 1011 desiderari,
483 962 504 1002 in
518 962 553 1002 Co·
580 961 635 1001 Alex.
658 961 729 1000 habent
750 963 807 1010 χώραν
829 962 910 1005 εὐσεβῶν.

219 1015 260 1056 dice
268 1016 327 1056 etiam
333 1016 390 1056 hodie
396 1030 473 1057 cernere
482 1018 554 1069 poteris
581 1016 627 1056 Non
645 1020 673 1055 est
689 1030 723 1055 cur
739 1015 840 1055 lectionem
859 1014 912 1055 MSti

218 1077 255 1110 ΑΠ,
291 1071 339 1111 Mox
357 1085 392 1123 pro
406 1073 463 1121 αὐτοῦ,
477 1073 552 1121 Junius,
581 1071 656 1111 Codicis
670 1069 798 1119 sollicitemus,
813 1083 873 1122 quum
886 1069 912 1109 le-

218 1124 289 1174 Fellus,
302 1131 322 1166 et
337 1125 461 1176 Coiomesius,
474 1127 553 1166 mallent
580 1139 647 1178 gamus
661 1131 716 1176 χῶρος
725 1125 776 1178 apud
785 1125 869 1177 optimae
877 1138 911 1164 no-

217 1183 273 1229 οὐεῆε,
283 1180 295 1220 i.
306 1194 321 1220 e.
331 1182 402 1231 ἀγάπης.
579 1185 611 1221 tae
624 1180 730 1233 scriptores,
739 1186 782 1221 turn
790 1184 862 1232 poetas,
869 1184 912 1219 tum

247 1249 262 1275 1.
287 1237 327 1285 δίχα
349 1236 469 1285 reparatricem
489 1238 553 1288 ἅνθρω-
580 1234 910 1288 eosquisolutaerationescripse·

220 1287 301 1344 [clapsi]
314 1289 420 1330 Infeliciter
432 1290 553 1341 Cruminam
579 1295 629 1331 runt.
658 1289 716 1343 Apud
728 1290 835 1329 Homerum
851 1289 912 1328 vertor

216 1358 263 1384 conas
276 1359 352 1384 aucune
365 1345 453 1397 officiium
462 1360 516 1396 pour
528 1347 554 1385 les
579 1351 640 1395 χῶρος,
657 1349 676 1385 et
691 1345 711 1383 in
726 1344 764 1385 alio
781 1344 823 1384 loco
839 1345 912 1393 ἀτέρπεει

217 1399 278 1439 cloaca
287 1406 386 1439 terrestres.
403 1401 463 1440 Recte
473 1400 553 1441 Cheval-
579 1405 639 1450 χῶρον.
656 1400 682 1439 Et
691 1400 742 1452 apud
751 1399 858 1439 Authorem
866 1398 912 1438 Die-

216 1454 287 1503 lierius,
297 1454 377 1494 mittent
385 1455 460 1495 lamma
467 1456 551 1507 pmte'al-
579 1454 618 1507 logi
632 1454 714 1494 Aniochi
732 1455 809 1494 nomine
824 1453 911 1506 inscripti

216 1509 251 1560 e'tp,
261 1509 352 1561 quemad
365 1510 552 1550 modumRuchatus
578 1515 636 1560 χῶρον
644 1511 716 1556 ἀσεβῶν.
737 1509 799 1549 Locus
808 1509 867 1549 etiarn
875 1509 911 1548 fnit

217 1577 293 1616 quoque
316 1568 335 1604 et
354 1565 467 1617 Herzogius.
502 1565 552 1605 Vide
578 1565 675 1604 ininsula
692 1563 767 1604 Siciliae
785 1564 836 1604 inter
855 1563 912 1615 Syra·

216 1632 279 1671 supra,
295 1619 304 1672 ξ
319 1629 351 1670 47,
578 1632 632 1659 cusas
646 1624 665 1659 et
674 1619 788 1663 Messanam.
800 1632 812 1658 a
825 1618 862 1670 piis
875 1619 912 1658 fra-

246 1687 262 1714 2.
280 1675 322 1724 [ἀοὸ
336 1671 398 1727 Ἀδὰμ]
416 1674 460 1714 Ηοο
474 1674 551 1727 supple.
577 1675 639 1714 tribus
653 1673 715 1714 dictus
729 1676 811 1720 Εὐσεβῶν
821 1677 869 1723 χώρα
881 1674 911 1713 vel

217 1733 304 1768 menium
312 1729 403 1769 exhibent
411 1728 491 1769 Coteiel·¹
501 1729 551 1768 Cou-
577 1735 639 1779 χῶρον
661 1731 693 1767 Διὰ
710 1733 763 1767 ταῦτα
780 1732 800 1767 ot
815 1732 911 1767 Σικελιῶται

217 1788 274 1823 stant.
285 1783 340 1834 Frey.
356 1784 418 1823 Hefei.
432 1784 549 1835 Reithmayr.
578 1786 608 1822 τὸν
618 1789 675 1834 χῶρον
686 1785 748 1822 ἐκεῖνον
760 1786 843 1829 Εὖσεβῶν
854 1786 912 1834 χώραν

218 1843 238 1878 et
249 1838 361 1878 Dresselius.
376 1838 455 1878 Nullam
463 1839 551 1878 lacunam
578 1840 665 1878 ἐκάλεσαν.
677 1837 748 1878 Conon.
756 1839 802 1878 Nar.
811 1851 842 1888 43.
853 1838 911 1878 Forte

218 1891 303 1932 indicant
312 1892 387 1942 Junins,
402 1893 487 1933 Calland.
502 1894 551 1933 Rus·
578 1894 680 1946 legendum
689 1898 718 1933 est
731 1898 788 1944 χῶρον
796 1893 817 1932 in
829 1893 911 1933 secundo

218 1947 251 1987 sel.
265 1947 435 1987 Schoenemannus.
464 1948 552 2000 Spatium
578 1948 634 1988 loco:
657 1952 708 1987 certe
731 1948 782 2000 apud
801 1948 911 2000 Lycurgum

218 2006 283 2042 autem
292 2002 312 2040 in
322 2016 359 2054 quo
369 2004 402 2041 ἀπὸ
410 2003 464 2050 Ἀδάμ
477 2007 511 2042 aut
520 2003 552 2042 de·
578 2003 631 2042 locus
640 2002 671 2041 hic
680 2002 750 2043 dicitur
759 2005 842 2049 Εὐοεβῶν
849 2007 910 2052 χῶρος.

218 2057 276 2109 nique
299 2056 337 2095 tale
360 2056 406 2108 quid
427 2056 551 2106 desideratur,
579 2057 609 2096 De
627 2057 668 2096 loco
686 2057 719 2096 illo
736 2057 774 2097 vid.
795 2057 911 2096 celeberrimi

218 2116 270 2152 certe
279 2116 343 2151 exstat
348 2125 353 2159 3
363 2116 504 2163 etquamquam
512 2126 552 2151 ma·
579 2112 619 2151 Rie.
629 2111 711 2151 Bentleii
720 2112 879 2151 Dissertationem
888 2113 911 2152 de

218 2167 272 2206 culae
286 2166 354 2218 quibus
367 2166 438 2218 pagina
451 2166 498 2206 haec
511 2171 553 2206 tota
580 2166 652 2205 Phalar.
666 2179 684 2218 p.
698 2168 741 2216 185,
751 2167 784 2218 qui
793 2171 813 2206 et
822 2166 863 2218 ipse
876 2181 911 2219 pro

218 2221 300 2261 afficitur
315 2234 392 2260 omnem
407 2220 553 2260 hariolationem
579 2220 671 2272 singulari
683 2234 769 2273 suaque
783 2234 847 2261 omnes
861 2222 912 2273 enci-

217 2281 289 2325 vetant,
312 2274 426 2315 auctoritate
449 2274 553 2315 Clementis
579 2289 625 2327 pere
636 2276 688 2324 solet,
698 2276 821 2325 humanitate,
831 2290 862 2315 me
871 2286 911 2316 mo-

217 2330 345 2371 Alexandrini
361 2330 442 2369 nitimur
455 2330 488 2382 qui
502 2330 553 2369 hunc
580 2331 627 2380 nuit,
635 2344 674 2369 nou
683 2344 723 2371 esse
732 2331 866 2371 discedendum
875 2332 911 2371 hoc

216 2386 286 2435 locum,
292 2389 314 2424 Al
322 2387 379 2436 γενεαί
387 2385 412 2424 ad
421 2389 451 2434 τῆς
457 2387 552 2434 βασιλείας,
579 2385 599 2424 in
617 2386 658 2424 loeo
676 2400 688 2425 a
705 2386 743 2425 fide
757 2385 810 2427 Msri
829 2386 909 2426 Codicis.

216 2441 276 2482 tacito
285 2440 391 2480 Clementis
400 2439 462 2480 nostri
469 2440 551 2487 nomine,
579 2446 637 2490 Χῶροε
647 2443 723 2487 εὐσεβῶν
731 2441 782 2481 idem
792 2445 821 2482 est
830 2455 851 2481 ac
865 2445 911 2493 ἱδρυ-

216 2497 268 2545 citat,
282 2496 353 2536 Strom.
368 2496 419 2545 ivr,
434 2508 452 2547 p.
468 2496 507 2543 614
522 2495 550 2534 ed.
579 2496 627 2542 μένος
640 2498 691 2535 τόπος
704 2496 713 2547 ξ
726 2510 756 2545 44.
786 2496 833 2537 Esse
846 2501 911 2537 autem

216 2552 288 2592 Potter.
578 2549 829 2604 huncmediumquemdam
838 2557 911 2592 statum

244 2621 261 2657 3.
281 2608 312 2655 τὴν
327 2611 358 2644 τοῦ
373 2610 417 2644 θεοῦ
434 2603 499 2659 χάριν]
520 2604 552 2644 lta
578 2604 678 2655 felicitatis,
686 2620 723 2658 quo
730 2606 773 2659 piae
782 2607 856 2646 animae
864 2621 911 2646 mox

216 2661 262 2702 Cod.
278 2661 347 2701 MCtus
360 2666 379 2701 et
391 2659 480 2701 Clemens
493 2658 550 2699 Alex.
578 2672 590 2698 a
604 2660 687 2700 discessu
701 2675 711 2700 e
723 2662 834 2714 corporibus
845 2662 910 2702 fruun-

216 2717 265 2756 Edd.
282 2720 327 2755 ante
342 2717 461 2765 Wottonum,
477 2728 552 2755 necnon
578 2719 616 2762 tur,
625 2728 664 2755 non
677 2720 741 2756 autem
755 2718 818 2769 ipsum
831 2717 910 2767 coelum,

190 2779 191 2782 ’
216 2772 371 2820 Hornemaunus,
387 2771 459 2811 habent
477 2772 507 2819 τὴν
521 2773 552 2807 τοῦ
578 2769 678 2810 credidisse
687 2772 763 2811 videtur
776 2772 864 2812 Clemens
877 2787 911 2812 no-

215 2830 291 2877 Χρισιοῡ
314 2829 369 2877 χάριν,
409 2825 478 2865 Mirari
496 2824 552 2864 Junii
578 2828 644 2869 stent
661 2826 756 2877 ούγχρονοε
769 2841 791 2866 ac
807 2827 910 2879 discipulus

215 2881 352 2933 negligentiam
370 2882 420 2930 licet,
437 2880 470 2933 qui
485 2893 551 2919 veram
579 2878 692 2919 Sanctorum
701 2882 758 2931 Petri,
769 2882 866 2935 Paulique,
875 2883 910 2922 sic-

215 2936 317 2976 leetionem
327 2936 409 2988 margini
418 2935 512 2988 apposuit.
578 2938 600 2974 ut
614 2948 639 2973 ex
654 2935 677 2974 iis
692 2950 740 2988 quae
755 2942 860 2990 sequuntur
874 2938 910 2977 im-
