1931 3420
300 222 337 265 ΕΤ
357 222 580 267 FORMULARUM.
790 228 819 274 97

58 335 143 385 Πελογος.
167 332 214 370 ἔπλει
228 333 248 369 τὸ
260 332 359 382 Ἀδριατικὸν
371 333 424 372 πελα-
451 335 571 384 Περιβάλλειν.
593 334 818 386 τοὺς...δουλεὺονταςτῷ

85 405 121 440 γος.
136 386 193 426 Mart.
204 386 246 439 Ign.
258 396 275 436 5.
479 391 517 439 θεῷ
527 390 551 427 είς
559 389 613 426 αἶκίαν
621 391 726 440 περιβαλεῖν.
739 388 817 429 016111]

58 444 144 491 Πέλας,ὁ.
166 443 186 479 τὸ
195 443 236 479 κατὰ
245 442 284 482 τοὺς
293 442 352 487 πέλας,
366 440 422 481 Mart.
479 453 510 492 45.

85 497 148 550 Polyc.
162 509 177 535 1.
451 499 559 547 Περιβάητος.
583 499 603 535 τὸ
619 500 682 546 σεμνὸν
696 503 723 536 καὶ
736 503 817 549 περιβόη-

57 555 137 601 Πέμπειν.
161 552 215 591 πάντα
225 552 259 602 γάρ
271 551 291 589 ὃν
301 552 363 600 πέμπει
377 554 386 589 ὁ
400 553 424 590 οἶ-
478 568 533 591 τον..
544 553 608 600 ,ὄνομα
624 553 675 600 ὑμῶν,
694 551 755 593 Olem.
772 554 782 592 I
803 568 818 593 1.

84 610 192 654 κοδεσπάτης.
207 605 250 657 Igu.
261 605 310 658 Eph.
322 608 339 645 6.
355 608 386 646 ’ὧς
395 608 424 644 οὐ·
479 609 498 645 τὸ
508 607 570 655 σεμνὸν
578 609 607 654 τῆς
619 606 720 656 περιβοήτου
734 610 819 657 φιλαδελ-

84 664 152 700 τὸντὸν
161 661 257 711 πέμψαντα,
268 661 293 700 ib.
313 664 333 699 τὸ
342 662 423 711 χάρισμα,
478 663 520 711 φίας
528 662 578 709 ὑμῶν,
595 669 625 711 47.

84 716 375 767 ὃπέπομφενείληθιῖιςὸΚὺριος,Ι
393 725 423 766 17.
451 715 544 765 Περιβολή.
572 714 673 764 ὕληήτῶν
686 717 819 756 άσπαστῶνκαὶ

84 774 111 810 καὶ
129 771 148 809 ὃν
164 770 252 820 ἐπέμψατε
269 772 293 810 εἷς
308 775 352 809 θεοῦ
369 771 422 820 τιμήν.
478 770 513 809 κατ’
522 771 573 819 εὐχήν
581 772 665 821 περιβολή
674 770 743 821 γίνεται.
758 771 817 811 Olem.
853 821 854 824 Ἴ

86 839 116 865 21.
145 827 186 864 κατὰ
201 827 256 864 πάντα
271 826 385 876 εὐηρέστησεν
399 830 423 878 τῷ
477 825 553 877 Fragm.
562 824 588 864 iv.

83 882 172 930 πέμψαντι
183 882 237 919 αὐτόν.
252 880 317 932 Magn.
328 883 345 920 8.
368 882 424 931 αἱὲγ-
450 881 544 930 Περιέχειν.
568 881 819 931 ἅπὸτοῦπεριέχανταςιτῦτήν

83 952 136 987 γιστα
153 935 240 983 ἐκκλησίαι
257 937 337 985 ἔπεμψαν
354 936 423 974 ἐπισκά-
477 935 542 975 ὕδατος.
558 934 640 975 Olem.I
655 948 685 986 33.
714 937 818 987 Περιέχουσι

85 1007 132 1030 παυς.
148 989 221 1029 Philad.
233 1003 262 1030 10.
287 991 369 1042 Βαὺρρου,
382 1007 423 1040 περ·
477 995 510 1041 γὰρ
524 991 583 1029 πίστιν
597 992 623 1029 καί
638 991 727 1040 ὑπομονήν.
753 991 816 1044 Polyc.

84 1046 157 1096 φθέντος
177 1045 211 1093 ἅμα
231 1047 272 1094 ε’μοί.
297 1058 325 1085 11.
356 1045 424 1094 πέμψαι
469 1044 568 1095 1ΡῙ1ἱῙ.Ι3.

83 1102 121 1139 τινὰ
135 1105 168 1139 τῶν
182 1100 267 1150 ὑμετέρων
280 1102 316 1148 μετ’
327 1102 422 1149 ἐπιστολῆς.
450 1102 563 1150 Περιιστάναι,
588 1102 610 1140 ὡς
619 1102 646 1138 καὶ
655 1100 695 1140 τοὺς
703 1107 818 1152 περιεστῶτας

84 1154 202 1207 Smyrn.11.
231 1156 423 1203 οἱμὲνδννάμενοιπε-
478 1157 535 1193 ε’λεεῖν.
551 1154 607 1194 Mart.
619 1155 682 1207 Polyc.
695 1168 711 1195 2.

84 1211 123 1257 ζσίις
136 1211 208 1260 πέμψαι,
228 1209 291 1262 Polyc.
304 1213 323 1249 8.
352 1211 379 1247 διά
391 1214 425 1248 τῶν
451 1211 563 1260 Περικεῐσθαι.
587 1210 689 1260 Ἀμαάρωσιν
703 1211 733 1249 οὖν
746 1213 818 1262 περικεί-

84 1266 117 1303 ὑπό
129 1281 162 1303 σου
173 1265 287 1314 πεμπομένων.
303 1264 327 1304 ih.
356 1266 424 1302 καὶτοῦ
477 1280 527 1313 μενοι.
543 1264 604 1304 Glem.
614 1265 637 1304 Π
649 1278 665 1304 1.
692 1265 818 1316 ὃπερικείμεθα

83 1320 179 1368 πέμποντος
194 1321 244 1357 αὐτὸν
258 1322 376 1371 Πολυκάρπου.
397 1319 422 1359 ib.
477 1321 532 1370 νέφος.
548 1319 574 1359 ib.
603 1324 633 1358 τοῦ
645 1319 707 1369 κλήρου
716 1322 737 1358 οὗ
745 1323 818 1372 περίκει-

83 1374 103 1412 ὃν
117 1377 182 1424 περψω
198 1374 329 1424 πρεσβείσοντα
344 1376 424 1425 καὶπερὶ
477 1390 506 1422 μαι
516 1375 605 1424 ἐπιτυχεῖν.
619 1374 729 1427 Ign.T1·all.
743 1389 772 1414 12.

83 1431 135 1478 ὑμῶν.
151 1428 213 1481 Polyc.
224 1428 274 1468 Phil.
287 1442 316 1479 13.
344 1430 422 1469 Τὰςέπι-
450 1431 581 1479 Περικεφαλαία.
604 1431 816 1482 ήπίστιςῶςπερικεφα-

83 1486 169 1524 στολὰς..
179 1483 378 1534 .τὰςπεμφθείσας..ἰί).
396 1486 424 1522 καὶ
476 1484 520 1522 λαία.
536 1484 578 1536 Ign.
589 1484 652 1537 Polyc.
663 1485 681 1523 6.
822 1485 824 1489 ’

83 1541 138 1579 ἄλλος
144 1569 159 1578 ..
168 1569 172 1577 .
180 1540 281 1588 ἐπέμψαμεν
289 1541 332 1588 ὑμῖν.
342 1538 367 1577 ib.
381 1540 423 1587 πέμ·
450 1539 560 1588 Περιλείπειν.
583 1541 605 1577 τά
614 1541 710 1590 τραχύτερα
720 1544 815 1580 τῶν...λει-

82 1595 118 1644 ψαι
130 1611 149 1632 τε
162 1596 192 1632 τὸν
204 1596 264 1632 ἑαυτοῦ
278 1594 344 1645 κήρυκα.
364 1593 422 1633 Mart.
476 1595 536 1644 ψάνων
544 1596 660 1644 περιελείφθη.
675 1593 733 1634 Mart.
744 1595 786 1648 Ign.
796 1598 814 1636 6.

84 1648 190 1700 Polyc.12.
449 1648 550 1698 Περιμένειν.
574 1650 670 1699 περιέμενεν
678 1650 711 1700 γὰρ
723 1650 750 1688 ἶνα
760 1668 815 1701 παρα-

55 1703 115 1751 Πένης.
130 1706 152 1753 μὴ
159 1705 260 1751 ἀμελοῦντες
267 1733 271 1741 .
279 1733 282 1742 .
291 1705 376 1751 πένητος.
387 1703 422 1742 Po·
476 1703 521 1750 δοθη.
537 1703 594 1743 Mart.
602 1704 667 1756 Polyc.
678 1716 694 1741 1.

82 1757 119 1809 lya.
126 1758 174 1797 Phil.
182 1760 200 1797 6.
448 1757 553 1807 Περιοάσιος.
583 1760 609 1796 καὶ
627 1760 670 1807 ήμᾶς
687 1760 708 1796 δι’
723 1761 774 1798 αὐτοῦ
791 1763 815 1800 εἷς

55 1814 129 1852 Πενθεῖν.
157 1815 185 1853 ἐπὶ
200 1817 235 1853 τοῖς
250 1817 375 1863 παραπτώματι
385 1844 388 1851 .
400 1843 419 1852 ..
474 1815 516 1850 λαὸν
524 1813 625 1862 περιούσιον.
642 1813 762 1863 Olem.I58.

83 1869 171 1907 ἔπενθεῖτε.
187 1867 245 1907 Olem.
255 1868 267 1906 I
277 1880 295 1906 2.
448 1871 554 1917 Περιπατεῖν.
583 1870 609 1906 καὶ
618 1872 703 1916 μηλωταῖς
713 1872 813 1919 περιεπάτη-

55 1924 112 1962 Πενίο.
137 1926 211 1962 πλοῦτος
223 1925 304 1962 πολλάκις
314 1925 380 1972 μᾶλλον
390 1940 420 1961 πε-
475 1938 514 1960 σαν.
529 1921 609 1961 olem]
621 1931 651 1973 17.
678 1923 718 1963 εἴτις
732 1926 750 1962 ἐν
762 1926 814 1963 ἀλλο-

82 1979 118 2017 νίας
126 1979 194 2027 ἕθλιψε.
210 1976 268 2016 Olem.
280 1977 355 2030 Fragm.
366 1978 390 2017 iv.
475 1978 513 2027 τρίᾳ
527 1980 584 2027 γνώμη
600 1982 693 2028 περιπατεῖ.
713 1979 755 2031 Ign.
770 1980 814 2019 Phi·

55 2036 171 2071 Πεντακόσιοι.
189 2034 242 2080 ζῂἴτη
247 2036 354 2071 πεντακόσια.
361 2032 420 2072 Olem.
475 2031 512 2070 lad.
520 2045 537 2080 4.
559 2033 610 2079 ἀξίως
616 2036 645 2081 τῆς
652 2036 720 2082 ἐντολῆς
727 2036 786 2074 αὐτοῦ.
795 2068 799 2074 .
809 2066 813 2074 .

82 2087 135 2137 125,
475 2091 577 2138 περιπατεῖν.
600 2088 663 2140 Polyc.
683 2088 731 2127 Phil.
751 2099 768 2139 5.
797 2092 815 2128 ἐν

54 2142 207 2181 Πεντακοσιοστός.
223 2146 367 2181 πεντακοσιοστοῦ
374 2144 422 2182 ἔτους
475 2145 517 2192 ἁγνή
527 2142 623 2191 συνειδήσει
631 2147 734 2193 περιπατεῖν.
749 2144 774 2184 ib.

42 2204 60 2234 A
81 2198 218 2247 πεπληρωμένον.
233 2196 353 2246 Glem.125.
448 2198 563 2247 Περιπίπτειν.
585 2198 664 2236 θέλουσιν
677 2201 743 2246 μᾶλλον
756 2201 815 2240 αἰκίαις

54 2253 205 2302 Πεντηκόνταρχος.
236 2253 275 2290 οὐδὲ
297 2252 420 2303 ἑκατόνταρχοι,
474 2253 585 2302 περιπίπτειν.
601 2252 724 2301 Olem.151.

82 2308 121 2345 οὐδὲ
129 2309 275 2357 πεντηκόνταρχοι.
290 2306 350 2347 Olem.
361 2307 372 2345 I
381 2315 412 2357 37.
447 2310 547 2356 Περιποιείν.
566 2308 610 2357 μέγα
618 2308 668 2347 κλέος
676 2308 694 2344 ε’ν
703 2309 760 2359 Κυρίῳ
765 2325 812 2359 περι-

54 2362 143 2412 Πέπειρος.
160 2363 178 2400 ἐν
187 2366 238 2414 καιρῷ
247 2363 300 2413 ὀλίγη)
310 2364 333 2402 εἷς
342 2362 421 2413 πέπειραν
473 2360 567 2408 ποιήσεται.
583 2361 642 2400 Olem.
651 2362 662 2399 Ι
672 2370 703 2410 54.

81 2421 158 2466 καταντᾷ,
174 2415 252 2456 0161111
261 2429 291 2467 23.
445 2415 576 2465 Περιπτύσσειν.
597 2419 756 2466 περιπτυσσόμενον
769 2418 812 2466 ἡμᾶς

53 2473 162 2520 Πεποίάησις.
188 2471 225 2521 μετ’
241 2474 324 2518 εὐσεβοῦς
339 2472 418 2520 πεποιθή-
472 2470 571 2518 ἐβλέπομεν.
588 2470 645 2510 Mart.
656 2471 698 2523 Igu.
709 2479 726 2521 7.

80 2542 129 2566 σεως.
147 2526 206 2566 Olem.
222 2527 231 2565 Ι
247 2539 264 2564 2.
292 2528 419 2565 δουλευσάντων
445 2524 559 2575 Περίπτωσις.
582 2528 673 2576 συμφορὰς
687 2527 713 2564 καὶ
726 2530 811 2577 περιπτώ-

80 2582 98 2619 ἐν
109 2581 209 2629 πεποιθήσει
220 2582 295 2621 πίστεως
303 2583 370 2633 ἀγαθής.
387 2582 417 2619 26.
472 2595 512 2618 σεις.
530 2578 589 2618 Olem.
599 2579 610 2618 I
622 2593 640 2620 Ι.

79 2636 138 2680 Ἰσαὰκ
150 2638 193 2685 μετὰ
205 2637 322 2685 πεποιθήσεως
332 2639 419 2687 γινώσκων
444 2633 561 2684 Περισσείειν.
583 2636 642 2673 Πάντα
655 2635 685 2673 οὖν
698 2636 737 2682 ὑμῖν
749 2637 767 2674 ἐν
778 2639 810 2686 χά-

79 2693 99 2728 τὸ
106 2692 175 2739 μέλλον.
184 2704 215 2741 31.
225 2692 283 2731 πίστις
290 2691 417 2740 ε’νπεποιθήσει.
470 2705 504 2739 ριτι
514 2690 634 2738 περισσενέτω,
650 2690 692 2741 Ign.
704 2689 780 2742 Smyrn.
792 2706 809 2742 9.

80 2755 111 2795 35.
123 2749 144 2784 Οἱ
150 2748 168 2784 δέ
173 2747 282 2795 ὑπομένοντες
289 2748 307 2784 έν
312 2746 417 2794 πεποιθήσει.
471 2745 498 2781 καὶ
508 2745 569 2782 παντὸς
582 2746 688 2794 χαρίσματος
701 2746 809 2795 περισσείηης.

80 2810 111 2850 45.
126 2802 166 2850 ποίᾳ
175 2801 275 2849 πεποιθήσει
286 2801 417 2848 εἰσελενσόμεθα
471 2798 533 2849 Polyc.
545 2810 563 2837 2.

79 2857 102 2895 εἷς
111 2858 131 2894 τὸ
143 2857 232 2901 βασιλειαν
241 2860 271 2894 τοῦ
289 2861 344 2899 θεοὺς
356 2855 378 2894 ΙΙ
388 2856 406 2894 6.
444 2855 543 2903 Περιοτεμά.
565 2857 615 2891 τοῦτο
624 2855 642 2891 ἐν
651 2854 698 2904 τύπῳ
709 2857 811 2906 σεμνοτέρας

52 2909 113 2961 Πέρας,
124 2910 207 2950 tandem.
222 2910 279 2950 Ματί.
290 2911 353 2963 Polye.
366 2912 396 2948 16.
470 2908 552 2957 παρέσχε.
564 2906 624 2947 Olem.
632 2908 710 2959 Fragm.
716 2909 757 2948 viii.
773 2913 811 2950 ἀκέ-

51 2965 114 3015 Πέρας.
136 2969 152 3003 οἶ
158 2967 248 3005 ἐπίσκοποι
255 2969 271 3004 οἱ
278 2969 320 3004 κατὰ
326 2967 348 3004 τὰ
354 2968 417 3016 πέρατα
470 2978 517 3012 ραιος
529 2964 570 3000 ὡσεὶ
579 2966 676 3014 περιστερά.
692 2964 735 3016 Igu.
746 2965 810 3018 Polyc.

79 3022 180 3071 ὀρισθέντες.
192 3020 293 3073 Ign.Eph.
302 3035 321 3071 3.
335 3019 416 3066 βασιλεύ·
471 3030 488 3055 2.
517 3018 578 3065 ἐξῆλθε
596 3020 688 3069 περιστερὰ
703 3023 730 3058 καὶ
746 3024 812 3071 πλῆθος

80 3092 104 3113 ειν
112 3081 146 3114 τῶν
154 3078 231 3125 περάτων
239 3079 268 3124 τῆς
278 3079 314 3126 γής.
325 3076 379 3114 Rom.
388 3075 406 3112 6.
470 3072 543 3121 αἵματος.
558 3072 615 3113 Mart.
627 3073 690 3126 Polyc.
704 3076 733 3114 16.

497 3140 510 3166 Π
