1931 3420
303 245 345 287 ΕΤ
360 244 585 288 FORMULARUM.
800 245 827 287 13

94 363 120 399 καὶ
136 363 145 398 ά
161 363 230 406 μέλλων
245 359 275 397 δύο
291 358 354 407 ἐχθροί.
373 357 433 408 Olem.
486 360 544 407 Ἰησοῦ
551 363 627 410 Χριστῷ.
637 358 663 398 ib.
692 362 715 399 εἰς
723 360 753 407 τήν
760 361 826 397 αἰώνιον

94 416 115 455 ΙΙ
135 416 152 453 6.
184 415 247 453 εἰδότες
266 413 292 451 ότι
310 413 328 450 έν
345 414 406 462 χερσίν
424 417 433 451 ὁ
487 416 538 452 αὐτοῦ
547 414 642 458 βασιλείαν.
656 427 685 453 20.
714 416 773 464 θρόνος
786 416 825 452 αίά-

94 473 139 509 αἰών.
155 478 172 519 7.
201 470 225 508 εἶς
240 468 320 519 δεύτερον
334 470 361 505 καί
376 468 433 518 ἀγήρω
487 484 526 508 νιος.
543 480 573 506 21.

94 528 149 563 αίῶνα.
171 523 248 575 Fragm.
263 522 275 562 i.
310 521 337 560 ἵνα
354 522 433 573 ρυθμήαη
459 523 566 573 Ἀκάθαρτος.
581 524 712 574 τῆςάκαθάρτου
721 525 823 573 φιλοτιμίας.

93 582 132 619 τοὺς
141 580 206 618 αίῶνας.
216 577 256 617 viii.
285 578 433 627 τῇπροωρισμένη
487 577 627 629 Mart.Ig11.5.

93 634 312 685 πρόαίὠνων...έκκλησιή.
328 631 432 684 Ign.Eph.
456 632 541 683 Ἀκαιρος.
569 634 592 681 μή
607 636 662 670 εὔνοια
676 633 827 683 άκαιροςγένησθέ

39 702 40 705 ’
94 690 153 728 Inser.
187 690 277 736 ἐκκλησίας
294 689 324 735 τῆς
342 687 433 735 διαβοήτου
486 704 520 737 μοι.
536 688 578 740 Ign.
589 687 645 727 Rom.
656 701 674 736 4.

94 748 130 784 τοῖς
144 745 208 782 αἰῶσιν.
228 746 245 782 8.
279 746 309 791 τῆς
325 743 434 782 διδασκαλίας
459 742 531 781 Ἀκακία.
560 744 583 781 Τό
598 744 631 793 γάρ
646 745 689 790 ζῶον
702 743 771 781 ἀκακίαν
784 744 824 793 ἔχει.

93 803 123 837 τοῦ
141 800 224 848 ἄρχοντος
241 802 272 836 τοῦ
290 798 348 836 αἰῶνος
366 797 431 837 τούτου.
488 797 547 838 Olem.
558 797 635 849 Fragm.
645 797 686 837 viii.

96 864 125 903 17.
155 855 187 891 Καὶ
201 854 263 891 ἔλαθεν
275 854 304 891 τὸν
316 853 390 901 άρχουτα
403 856 433 890 τοῦ
456 854 534 893 *Anauon
559 852 633 892 Ἀκακος
642 854 747 904 δέάΠατήρ
756 856 825 901 Πνεῦμα

93 911 152 948 αἰῶνος
160 908 229 946 τούτου.
242 920 271 959 19.
300 911 340 946 Πῶς
350 907 380 945 οὖν
389 909 432 957 ε’φα-
486 910 547 947 ἔδωκεν
555 909 621 947 άκαιτιιν.
632 907 691 947 018111.
701 907 777 959 Fragm.
784 906 824 947 viii.

94 964 157 1013 υερίιθη
166 967 202 1002 τοῖς
211 965 280 1012 αἷῶσιν;
290 962 314 1002 ib.
337 963 367 1010 τήν
375 965 433 1001 πᾶσαν
458 964 588 1011 Ἀκατάληπτος.
617 964 826 1015 τῇάκαταλήπτῳαῧτοῡ

94 1019 172 1068 ἐπήρειαν
187 1022 217 1056 τοῦ
231 1018 313 1068 ἄρχοντος
329 1021 358 1055 τοῦ
374 1018 433 1056 αίῶνος
486 1018 560 1057 συνέσει.
577 1017 636 1058 Olem.
648 1018 659 1056 I
669 1032 699 1069 33.

94 1074 159 1113 τούτου.
176 1072 242 1125 Magn.
255 1086 271 1111 1.
300 1072 319 1111 ὃς
327 1074 361 1122 πρὸ
370 1073 434 1110 αἰώνων
458 1075 589 1112 Ἀκαταστασία.
617 1074 826 1123 Ἐκτούτου...διωγμδς

94 1130 140 1178 παρὰ
149 1130 204 1177 Πατρί
212 1129 237 1176 ἢν.
248 1129 266 1167 6.
287 1129 305 1165 ἐν
313 1125 325 1175 ᾖ
334 1127 433 1165 καταλύεται
486 1131 514 1167 καὶ
527 1130 649 1167 ἀκαταστασία.
664 1128 723 1168 Olem.
738 1127 749 1167 Ι
760 1142 778 1178 3.
807 1129 825 1166 έν

95 1184 171 1234 ὁάρχων
182 1187 212 1221 τοῦ
224 1185 283 1222 αίῶνος
295 1182 360 1220 τούτου.
376 1182 432 1221 Trall.

95 1253 112 1287 4.
136 1240 154 1276 αί
162 1241 250 1283 βασιλεῖαι
259 1242 289 1276 τοῦ
298 1238 357 1276 αἰῶνος
366 1237 431 1275 τούτου.

94 1294 149 1332 Rom.
167 1294 184 1333 6.
212 1294 232 1330 ‘0
250 1294 309 1343 ἀρχων
326 1295 357 1329 τοῦ
375 1294 433 1331 αἷῶνος

94 1349 160 1386 τούτου.
176 1356 193 1399 7.
225 1348 292 1398 ἐνέδρας
306 1350 335 1384 τοῦ
351 1348 433 1396 ι’ίρχοντος

94 1408 124 1441 τοῦ
133 1405 193 1443 αἰῶνος
200 1402 266 1442 τούτου.
277 1401 349 1441 Philad.
361 1402 378 1440 6.
406 1402 433 1440 ἵνα

95 1459 126 1506 ύρη
149 1458 241 1506 σύσσημον
260 1459 284 1497 είς
306 1457 345 1496 τοὺς
367 1459 431 1496 αἰῶνας.

96 1513 170 1564 Smyrn.
184 1526 200 1551 1.
229 1515 247 1551 έν
255 1516 279 1565 τῷ
293 1515 322 1550 νῦν
330 1513 381 1550 αἰῶνι.
397 1511 433 1550 Ρο-

94 1568 129 1620 lye.
141 1567 189 1607 Phil.
199 1577 215 1617 5.
245 1570 264 1605 οὐ
273 1569 307 1618 γάρ
316 1568 345 1603 τόν
353 1570 383 1604 νῦν
391 1566 432 1617 ήγά-

94 1639 152 1671 πησαν
161 1624 216 1661 αίῶνα.
228 1637 245 1673 9.
266 1624 289 1662 είς
299 1623 363 1660 αίῶνος.
374 1621 431 1660 Mart.

95 1678 159 1730 Ign.7
175 1682 194 1717 et
204 1678 261 1717 Mart.
272 1676 335 1728 Polyc.
348 1689 378 1715 20.
406 1679 433 1714 καὶ

95 1737 124 1770 νῦν
133 1735 159 1771 καὶ
172 1735 195 1772 εἰς
207 1734 245 1772 τοὺς
259 1734 356 1780 μέλλοντας
367 1732 431 1771 αι’ὣνας.

95 1787 152 1827 Mart.
172 1788 235 1839 Polyc.
254 1787 283 1836 1'4.
311 1786 433 1831 βασιλεύοντος

95 1844 113 1880 δὲ
126 1844 149 1882 εἰς
159 1844 199 1882 τοὺς
211 1844 271 1882 αἷῶνας
281 1843 339 1889 Ἰησοῦ
351 1845 431 1891 Χριστοῦ,

96 1910 126 1936 21.
155 1899 178 1937 εἷς
191 1899 230 1937 τοὺς
243 1899 349 1936 αίῶναςτῶν
362 1898 431 1934 αἰώνων.

97 1965 120 1990 22
136 1952 228 1992 etOlem.
243 1952 255 1989 I
269 1965 300 2002 32,
315 1952 347 2000 38,
362 1963 393 2001 43,
407 1960 432 2000 45

95 2008 129 2051 his,
140 2016 171 2056 50.

68 2064 142 2102 Αίώνιος.
157 2064 216 2112 θρόνος
224 2064 294 2101 αἰώνιος.
310 2059 369 2099 Olem.
380 2060 431 2110 159.

95 2117 152 2156 Mar'n.
164 2117 227 2169 Polyc.
239 2129 269 2155 21.
298 2117 392 2155 ἀνάπαυσις
404 2119 434 2164 τῆς

94 2173 192 2221 μελλούσης
200 2173 290 2218 βασιλείας
299 2172 326 2210 καί
338 2173 380 2219 ζωῆς
393 2172 433 2208 αἰω-

95 2229 135 2266 νίου.
147 2226 206 2266 Olem.
217 2227 240 2265 Π
250 2236 267 2276 5.
296 2227 345 2263 οὐδέν
353 2226 396 2274 ἡμᾶς
404 2226 434 2276 ῥύ-

95 2299 143 2320 σεται
157 2284 175 2320 ἐκ
189 2285 218 2330 τῆς
230 2283 297 2320 αίωνίου
308 2283 399 2320 κολάσεως.
415 2282 432 2319 6.

94 2339 186 2387 ληψόμεθα
196 2339 239 2386 ζωήν
247 2339 316 2375 αἰώνιον.
328 2337 346 2374 8.
370 2335 396 2374 ἵνα
404 2338 435 2384 τήν

95 2395 162 2431 αἰώνιον
171 2394 213 2441 ζωήν
222 2394 339 2438 ἀπολάβωμεν.
350 2389 375 2429 ib.
396 2396 433 2428 Δῶ-

95 2464 126 2495 μευ
135 2448 164 2485 οὖν
173 2450 218 2499 αὐτῷ
228 2446 336 2490 ίαίώνιονή·
350 2458 368 2495 9.
397 2447 435 2494 ἡμῖν

96 2504 114 2539 δέ
130 2504 206 2552 σωτηρία
219 2505 246 2540 καί
259 2503 292 2550 ζωή
304 2502 374 2540 αἷώνιος.
389 2500 433 2552 Ign.

96 2557 144 2608 Eph.
158 2559 187 2595 18.
216 2558 269 2595 Οὐδὲν
278 2559 384 2606 φαινόμενον,
394 2557 433 2593 αἰώ-

96 2629 135 2650 νιον.
145 2612 200 2651 Rom.
210 2626 227 2662 3.
246 2636 247 2639 =
256 2614 301 2662 χαρὰ
310 2612 380 2650 αἰώνιος.
390 2610 433 2662 Igu.

96 2667 168 2706 Philad.
179 2667 238 2705 Inser.
265 2670 285 2705 τὸ
294 2666 336 2714 θέμα
345 2667 435 2716 ἀφθαρσία

96 2725 122 2760 καί
132 2724 165 2770 ζωή
174 2724 244 2761 αἰώνιος.
256 2721 320 2773 Polye.
332 2734 348 2760 2.
371 2720 397 2759 ἵνα
406 2723 433 2758 δο-

96 2779 171 2825 ξασθήτε
180 2778 240 2828 αἰωνίῳ
250 2779 299 2828 ἔργῳ.
311 2778 329 2814 8.
358 2777 388 2824 τήν
395 2777 434 2813 αίώ-

85 2831 87 2833 *
97 2848 131 2870 νιον
140 2835 211 2870 κόλασιν
219 2833 363 2882 ἐξαγοραζόμενοι.
376 2831 433 2870 Mart.

97 2887 159 2939 Polyo.
172 2899 189 2925 2.
213 2890 232 2924 τὸ
242 2889 307 2925 αἰώνιον
316 2888 343 2924 καὶ
351 2888 434 2934 μηδέποτε

97 2942 209 2990 σβεννύμενον
217 2945 257 2991 πῦρ.
268 2942 293 2981 ib.
321 2944 351 2989 τῆς
359 2941 432 2990 μελλού-

97 3014 129 3045 σης
137 2998 209 3047 κρίσεως
221 2998 247 3034 καί
261 2998 327 3034 αἰωνίου
341 2998 432 3035 κολάσεως.

99 3065 128 3091 11.
156 3053 180 3091 εἷς
195 3053 289 3090 ἀνάστασιν
303 3054 345 3099 ζωῆς
360 3052 433 3089 αἰωνίου.

99 3121 128 3155 14.
158 3108 190 3145 σὺν
199 3110 222 3158 τῷ
232 3108 292 3158 αἰωνίῳ
304 3108 330 3144 καί
341 3107 433 3157 ἐπουρανίῳ

485 1185 573 1232 ἀλαζονείᾳ
582 1185 609 1221 καὶ
617 1185 738 1233 ἀκαταστασία.
751 1196 781 1232 14.
801 1184 824 1231 μή

485 1239 602 1277 ἀκαταστασία
610 1239 677 1289 γένηται
688 1240 706 1277 έν
714 1243 738 1291 τῷ
747 1238 823 1289 Ἰσραήλ.

486 1306 519 1344 43.
547 1296 557 1331 ὁ
566 1296 608 1333 λαός
615 1310 648 1342 μου
658 1295 784 1333 ἀκαταστασίας
793 1326 796 1332 .
805 1325 808 1332 .
818 1323 822 1331 .

485 1350 541 1398 έσχεν.
557 1348 579 1386 Π
591 1361 620 1387 11.

458 1404 586 1452 Ἀκατάσχετος.
615 1405 725 1456 ἀκατασχέτῳ
734 1405 781 1455 θυμῷ
793 1434 809 1443 .,
818 1431 823 1441 .

485 1460 553 1504 ἐπεβόα.
569 1458 626 1498 Mart.
637 1458 700 1510 Polyc.
713 1472 744 1498 12.

458 1512 567 1562 Ἀκαυχησία.
605 1515 623 1552 ἒν
640 1515 735 1563 άκαυχησίᾳ
754 1515 823 1561 μενέτω.

485 1568 527 1620 Ign.
538 1567 602 1619 Polyc.
612 1577 630 1617 5.

458 1623 548 1673 Ἀκέραιος.
569 1624 662 1674 εἰλικρινεῖς
671 1626 697 1662 καὶ
707 1624 780 1673 ἀκέραιοι
788 1623 823 1671 ἦτε.

486 1677 545 1717 Olem.
556 1678 567 1715 I
578 1690 594 1716 2.
623 1680 643 1716 τό
656 1678 732 1728 ἀκέραιον
741 1709 745 1717 .
754 1708 757 1717 .
767 1707 771 1716 .
781 1678 823 1724 βού-

485 1736 531 1781 λημα
539 1733 682 1779 ἀποδειξάτωσον.
695 1746 725 1772 21.
741 1733 823 1783 ἀκέραιος,

485 1789 527 1826 ὡσεὶ
542 1789 639 1837 περιστερά.
664 1788 706 1840 Igu.
724 1788 787 1839 Polyc.
806 1801 822 1827 2.

485 1844 568 1887 δεδοικὼς,
582 1842 605 1890 μή
619 1858 656 1881 τινα
667 1848 701 1881 τῶν
710 1875 714 1883 .
722 1875 726 1884 ,
735 1874 739 1883 .
749 1844 825 1893 ἀκεραεο-

486 1899 538 1948 τέρων
546 1897 632 1945 ἀποβάλῃ.
648 1897 705 1938 Mart.
716 1899 758 1951 Ign.
772 1911 787 1938 1.

458 1954 558 1991 Ἀκίνδυνος.
574 1955 592 1989 ἐν
601 1951 626 1991 οἷς
634 1953 719 1994 ἀκίνδυνος
726 1956 736 2003 ἡ
743 1954 824 2005 ὑποταγή.

487 2008 530 2060 Ign.
540 2006 617 2058 Fragm.
628 2007 656 2047 iii.

459 2064 550 2111 Ἀκίυητος.
588 2064 666 2112 ἐπιγνοὺς
717 2066 736 2102 τά
750 2064 827 2112 ἀκίνητον

487 2120 543 2156 αὐτοῦ.
554 2117 597 2169 Ign.
608 2117 681 2157 Philad.
692 2132 709 2158 1.
737 2134 827 2169 κατηρτισ-

487 2174 546 2221 μένους
558 2174 576 2210 έν
587 2173 657 2226 ἀκινήτῳ
670 2176 741 2214 πίστει.
750 2172 825 2226 Smym.

490 2242 505 2267 1.
534 2230 557 2267 ὡς
573 2229 601 2266 ε’πὶ
614 2228 679 2279 πέτραν
692 2231 773 2278 ἀκίνητον.
790 2229 826 2269 Ρο-

487 2284 522 2335 lyc.
536 2296 552 2321 1.

456 2338 547 2377 ’ΆκκεπταΙ
576 2339 603 2377 ἵνα
616 2340 637 2376 τά
650 2339 723 2377 άκκεπτα
732 2341 778 2385 ὑμῶν
786 2339 826 2386 ἀξια

488 2395 587 2442 κομίσησθε.
602 2393 644 2445 Ign.
656 2393 719 2445 Polyc.
731 2395 748 2432 6.

458 2448 531 2496 *Axpwm
546 2450 612 2498 ἑδραῖος
621 2451 643 2488 ὡς
653 2449 709 2496 άκμων
717 2451 824 2496 τυπτόμενος.

487 2503 529 2554 Ign.
541 2502 603 2554 Polyo.
615 2516 632 2552 3.

461 2558 515 2606 Ἀκοή.
544 2557 576 2596 Καί
589 2557 630 2605 αύτη
639 2558 649 2604 ἡ
659 2558 698 2605 ἀκοή
712 2560 731 2595 οὐ
742 2560 793 2605 μόνον
802 2560 826 2597 είς

487 2614 529 2661 ἡμᾶς
538 2614 629 2662 ἐχώρησεν.
645 2611 704 2650 016111.
715 2612 725 2650 Ι
735 2621 766 2662 47.

460 2669 561 2716 Ἀκοίμητος.
590 2668 679 2716 ἀκοίμητον
689 2672 754 2716 πνεῦμα
768 2683 825 2716 κεκτη-

486 2724 540 2771 μένος.
555 2722 597 2773 Ign.
609 2722 671 2773 Polye.
685 2735 700 2760 1.

460 2778 570 2816 ’λκολουθεῖν
602 2779 628 2814 καὶ
646 2777 788 2825 ἀκολουθήσωμεν
804 2781 825 2826 τῇ

487 2835 520 2884 ὁδῳ
538 2834 568 2879 τῆς
583 2832 666 2879 ἀληθείας.
688 2831 747 2871 Olem.
764 2832 776 2870 Ι
793 2843 825 2883 35.

486 2891 521 2926 τοῖς
539 2888 572 2936 γὰρ
591 2886 666 2935 νομίμοις
687 2891 717 2925 Τοῦ
735 2891 827 2927 Δεσπότου

486 2943 620 2981 ἀκολουθοῦντες.
637 2954 668 2990 40.
696 2944 730 2981 ἐκεῖ
746 2945 769 2982 ὣς
784 2947 827 2994 πρό-

487 3001 531 3042 βατα
540 2997 653 3035 ἀκολουθεῖτε.
669 2997 711 3049 Igu.
722 2997 796 3038 Philad.
809 3013 825 3039 2.

488 3052 527 3091 εἴτις
544 3053 620 3100 σχίζουτι
638 3053 733 3092 ἀκολουθεῖ.
759 3067 776 3104 3.
808 3055 827 3095 ὃς

488 3109 520 3146 ἀπὸ
541 3108 601 3157 Συρίας
624 3124 652 3155 μοι
675 3109 769 3148 ἀκολουθεῖ.
796 3123 825 3148 11.
