1975 3455
283 191 325 267 nn
341 223 611 276 coarnrnrosnva.
756 222 795 264 181

102 342 257 411 imploremus
277 356 340 396 eum,
352 343 382 388 ut
396 337 518 405 propitius
534 338 614 387 factus
632 336 701 387 nobis
718 354 798 386 recon-

102 422 178 474 ciliari
188 418 359 484 velitumque
376 417 403 466 in
419 415 531 466 decoram
546 421 572 466 et
588 421 680 466 castam
697 415 799 464 fraterni

102 500 190 558 amoris
206 496 415 561 conversationem
431 500 541 545 nostram
561 495 683 544 restituat.
729 493 798 543 Haec
853 480 858 491 ⁴

102 580 167 630 enim
188 582 260 644 porta
277 574 391 642 justitiae
414 574 503 624 estad
523 573 600 624 vitam
623 578 714 640 aperta,
735 572 799 623 sicut

83 657 219 724 *scriptum
240 661 283 714 est,
303 653 408 721 Aperite
428 652 491 703 ιιιιῚιιΙ
510 661 599 718 portos
616 651 736 719 justitiae,
759 651 798 701 ιἰι-
808 661 835 694 Ps·
842 661 892 695 cxviii

101 753 197 802 pressas
219 733 248 785 ιἰι
270 751 312 783 ecre
334 732 463 799 confitebor
482 732 612 783 Donaiao:
642 733 702 782 baec
720 716 870 798 porta¹⁹'²⁰'

102 813 214 873 Domini,
231 812 295 879 justi
318 812 446 862 intrabant
468 811 496 861 ιἰι
519 829 579 861 cana.
615 810 699 873 Quum
721 810 798 878 igitur

102 892 194 943 multae
212 895 296 959 portae
317 896 415 957 apertae
434 889 490 948 sint,
510 889 617 956 quaein
634 888 735 956 justitia
752 895 889 948 estunam

58 973 60 977 ’
102 971 187 1021 eadem
197 975 223 1020 et
234 970 261 1019 in
272 969 370 1020 Christo
382 975 426 1027 est,
438 969 465 1018 in
479 986 554 1036 quarn
564 967 631 1018 beati
642 973 702 1018 sunt
713 984 797 1017 ornnes
809 964 833 996 ¹³¹
844 963 868 995 ¹⁴¹

102 1050 146 1117 qui
164 1049 293 1107 intrarrmt,
311 1054 337 1097 et
356 1047 404 1098 iter
423 1066 495 1097 suum
514 1048 541 1097 in
558 1047 689 1098 sanctitate
702 1052 728 1097 et
743 1046 797 1113 jus-

102 1128 158 1178 titia
177 1125 326 1185 direxerunt,
344 1126 396 1176 sine
419 1125 602 1192 perturbatione
625 1126 707 1176 omnia
726 1125 796 1176 etin

101 1209 160 1273 p'ace
181 1210 332 1272 peragentes.
375 1203 523 1271 siastique
545 1203 629 1264 fidelis,
652 1205 686 1254 sit
707 1209 796 1272 potens

102 1286 128 1334 in
143 1283 285 1351 explicanda
301 1283 445 1350 cognitione,
457 1284 490 1333 sit
501 1284 597 1350 sapiens
613 1283 640 1332 in
657 1301 795 1333 sermonum

35 1454 36 1457 Ἰ
102 1463 145 1502 dem
163 1462 244 1511 videtur,
262 1462 290 1501 ita
311 1462 360 1501 enirn
383 1461 434 1513 apud
461 1466 498 1511 tur,
508 1461 550 1501 ideo
559 1461 608 1500 hane
616 1461 751 1513 interpolatam
765 1461 794 1500 fu-

102 1517 162 1568 LXX,
172 1521 191 1556 et
199 1516 434 1568 vocalesoetusaepius
460 1516 497 1556 isse
511 1530 535 1555 ex
550 1516 608 1556 Ulem.
618 1515 674 1556 Alex.
703 1516 794 1568 Legimus

102 1571 123 1610 in
137 1571 206 1611 (lodice
221 1576 287 1611 nostro
300 1575 434 1623 permutantur
460 1576 524 1610 autem
534 1571 603 1611 Strom.
614 1571 639 1619 vi,
651 1569 681 1625 [8]
707 1572 796 1618 Ἀνοίξοτέ

102 1639 160 1678 quum
167 1631 234 1666 uiuos
247 1631 334 1678 oporteat
345 1626 372 1664 ἵνα
384 1626 433 1665 inse·
460 1642 488 1674 μοι
503 1626 559 1665 πύλας
572 1626 682 1674 δικαιοσύνης,
697 1626 758 1675 φησίν·
776 1627 794 1663 ἐν

102 1694 144 1720 rere
152 1686 197 1721 ante
208 1683 295 1730 εἰσελθών,
305 1680 356 1732 quod
367 1680 433 1719 mallet
460 1683 517 1720 αὐτοῖς
526 1681 761 1731 εἷοελθὼνέξομολογῆσομαι
770 1685 795 1733 τῷ

102 1736 162 1775 Wobb.
179 1735 224 1787 quin
241 1734 329 1774 librarius
347 1740 433 1774 ΕΞΟΜΟ-
460 1737 523 1786 Κυρίῳ·
538 1735 579 1783 αὕτη
593 1736 603 1782 ἡ
616 1735 663 1783 πύλη
678 1740 709 1773 τοῦ
724 1737 794 1785 Κυρίου·

102 1796 232 1828 nominarer
241 1789 323 1829 exlllbeb.
347 1789 383 1829 Vll·
392 1788 433 1841 ipse
460 1792 520 1827 δίκαιοι
532 1790 659 1829 εἶσελεύοονται
672 1791 690 1828 ἐν
703 1791 752 1839 αὐτῇ*
766 1791 794 1837 ἐξ·

30 1889 32 1893 ,
102 1844 221 1884 doctissimus
235 1857 354 1896 nequaquam
367 1843 433 1883 eristi·
460 1845 551 1894 ηγοὺμενος
560 1846 578 1883 δὲ
590 1847 610 1883 τὸ
623 1845 675 1895 ῥητὸν
682 1849 714 1883 τοῦ
723 1845 795 1896 Προφή-

102 1898 433 1950 mavlbprorrpoorllouceditionum
460 1915 490 1937 του
508 1902 596 1950 Βαρνάβας
614 1901 697 1950 ἐπιφέρει·
721 1902 795 1938 Πολλῶν

101 1960 255 1991 uroaunrrama
272 1952 326 1993 Msti
343 1953 433 1992 exhiben-
460 1956 694 2007 mlovdvepymevpaaa.
710 1954 795 2007 thuae

102 2008 148 2047 dum
162 2021 202 2047 esee
214 2021 276 2060 supra,
287 2009 296 2059 ξ
308 2016 340 2059 47,
349 2008 394 2060 quia
407 2008 434 2047 sie
460 2008 556 2048 habentur
572 2010 643 2049 Strom.
656 2009 669 2058 i,
684 2009 708 2048 de
726 2010 795 2062 quibus

102 2063 188 2103 exaravit
196 2063 285 2102 librarius
293 2067 362 2102 noster.
460 2064 504 2103 vide
518 2068 584 2104 notam
598 2065 749 2116 praecedentem.
767 2063 794 2119 [p.

131 2126 147 2167 7.
158 2120 232 2156 Πολλῶν
244 2119 274 2156 οὖν
285 2115 351 2171 πολῶν]
369 2117 435 2157 Oitan-
464 2118 522 2168 1741.
533 2117 559 2173 a]
570 2119 651 2159 WOTT.
671 2119 715 2159 Vid.
723 2120 794 2159 Rcuth.

102 2176 134 2211 tur
155 2172 202 2212 haee
224 2186 236 2211 a
259 2172 357 2212 Clemente
377 2171 433 2212 Alex.
461 2172 532 2214 Annot.
552 2175 572 2213 in
591 2174 698 2226 Hegeeippi
718 2175 793 2227 Fragm.

103 2227 172 2267 Strom.
183 2227 208 2276 vi,
225 2230 251 2277 [8‚
265 2241 284 2280 p.
295 2236 333 2278 772
349 2228 379 2267 ed.
390 2227 435 2282 Pot-
462 2229 522 2281 Reliq.
534 2229 584 2270 Scor.
595 2229 602 2268 i
614 2238 712 2280 234-237.

101 2280 146 2336 ten]
158 2286 257 2335 tamquam
271 2296 296 2321 ex
310 2282 329 2322 S.
341 2283 434 2332 Bernaba,
489 2286 506 2324 8.
523 2285 534 2333 ἡ
549 2287 567 2323 ἐν
578 2282 655 2338 Χριστῷ]
670 2285 699 2324 Of.
710 2284 794 2324 Hennae

101 2337 156 2389 lapsu
173 2337 281 2386 memoriae,
300 2338 331 2377 vel
348 2338 387 2377 levi
404 2338 433 2376 in·
461 2339 561 2379 Pastorem
583 2339 623 2389 III,
644 2339 704 2380 Simil.
724 2340 745 2378 ix
763 2352 793 2387 12,

102 2391 159 2440 ouria,
169 2397 203 2432 aut
212 2406 292 2442 arrore3
306 2406 363 2445 supra
377 2392 434 2441 enim,
463 2393 535 2434 ‘Porta
544 2408 589 2434 vero
598 2394 659 2433 Filius
670 2394 707 2433 Dei
716 2399 750 2443 est,
760 2394 794 2446 qui

102 2447 173 2486 strom.
184 2447 197 2496 i,
214 2449 242 2498 [7‚
256 2462 274 2500 p.
290 2450 329 2498 338
346 2448 374 2487 ed.
390 2448 435 2487 Pot-
463 2449 528 2489 ‘solus
542 2454 571 2489 est
580 2462 664 2489 accessus
676 2449 700 2487 ad
712 2449 793 2498 Deum?

101 2503 145 2552 ten]
156 2501 256 2551 Olementi,
265 2507 288 2542 ut
296 2503 344 2542 mihi
352 2502 434 2552 videtur,
462 2508 482 2544 et
494 2504 566 2556 Ignatii
576 2504 611 2556 Ep.
625 2504 650 2543 ad
664 2503 736 2543 Philad.
751 2504 761 2554 ξ
774 2517 792 2554 9,

101 2570 124 2595 ea
139 2557 212 2597 tribuli.
242 2558 277 2597 Sin
294 2558 350 2598 allier·
367 2572 388 2598 se
404 2571 434 2597 res
462 2561 511 2599 ebrie
534 2560 557 2598 ba
579 2560 621 2610 θύρα
640 2563 671 2597 τοῦ
690 2560 758 2609 Harpis
776 2574 791 2597 κ.

100 2611 175 2660 habeat,
185 2617 204 2652 et
213 2613 285 2662 alienis,
294 2613 334 2653 sive
345 2613 433 2652 Clemen-
460 2631 475 2654 τ.
486 2617 503 2653 λ.

100 2666 131 2713 tis,
150 2666 190 2706 sive
213 2668 317 2717 Barnabae,
335 2672 434 2721 tamquam
490 2681 518 2707 11.
531 2666 625 2722 ἀταράχως]
638 2667 717 2707 Rectius
725 2667 793 2719 opinor

101 2720 140 2760 suis
148 2723 234 2771 utatur,i
245 2723 315 2763 Strom.
321 2724 366 2762 inde
373 2723 433 2763 discat
461 2725 487 2761 καὶ
495 2723 590 2771 δικαιοσύνῃ
600 2726 626 2761 καὶ
639 2724 728 2773 ἀταράχως
738 2725 793 2762 πάντα

101 2776 213 2826 Anonymus
239 2776 364 2833 [Bernardus]
384 2778 434 2817 male
460 2781 578 2817 ἐπιτελοῦντες.
593 2777 707 2818 BOISIUS.
776 2783 777 2786 ’

101 2831 125 2869 ab
139 2844 162 2869 eo
175 2831 267 2881 concludi,
277 2833 321 2885 quia
333 2834 432 2885 aliquibus,
489 2846 518 2871 12.
528 2839 591 2883 γνῶσιν
600 2830 685 2887 {geracia}
696 2832 791 2877 Grassius,

100 2884 159 2924 tacito
174 2885 278 2928 Clementis
291 2888 373 2936 nomine,
385 2894 433 2928 tam·
460 2887 545 2939 qa'ituit
558 2887 575 2926 Ze
588 2888 626 2927 don
640 2887 754 2927 dt'acaatc
767 2888 793 2927 tes

101 2953 158 2991 quam
167 2940 206 2980 suis
214 2943 277 2982 utitur
285 2943 432 2988 Alexandrinus,
459 2949 528 2983 aaran.
546 2942 650 2987 Ruchatus,
660 2942 708 2994 qa’il
716 2943 745 2982 air
754 2957 792 2982 aaa

101 3007 148 3046 quae
161 2994 182 3034 in
193 2996 229 3036 hac
238 2997 325 3049 Epistola
334 2998 432 3040 inveniun-
459 2998 532 3049 prande
541 2998 624 3049 οιιραοιιὲ
638 3001 651 3038 δι
663 2998 761 3049 captique
772 2998 793 3038 lo
