2061 3403
190 163 219 205 44
443 164 465 208 S.
481 162 650 208 chunanus

189 281 306 334 διέσωσεν
330 281 359 343 δί
380 282 453 336 αὐτοῦ
475 284 488 337 ὁ
509 282 638 350 Δεσπότης
654 281 684 336 τοὶ
705 279 843 336 εἰσελθόντα
867 281 892 340 Ιἒν

189 364 286 438 ὁμονοίᾳ
298 363 346 439 ζῷα
363 370 395 425 εἰς
409 366 453 436 τὴν
467 367 577 434 κιβωτόν.

226 449 253 506 Γ.
275 452 424 523 Ἀβραοίαὸ
441 456 514 528 φίλος
525 454 735 527 προσαγορευθείς,
747 451 834 511 ναστὸς
852 454 889 508 εὑ-

187 537 251 607 ρὲθη,
264 540 290 592 ἐν
302 542 336 611 τῷ
348 538 422 595 αὐτὸν
435 540 541 610 ὑπήκοον
552 543 665 612 γενέσθαι
679 547 728 598 τοῖς
744 538 836 612 ῥήμασι
847 545 891 594 τοῦ

188 629 259 680 Θεοῦ.
297 626 377 684 Οὗτος
390 626 419 680 δι’
433 629 539 696 ὑπακοῆς
551 627 652 699 ἐξῆλθεν
663 630 688 682 ἐκ
700 630 742 695 τῆς
754 629 799 695 γῆς
811 627 889 693 αὐτοῦ,
899 641 911 683 5

187 714 226 765 καὶ
243 713 268 767 ἔκ
286 715 330 780 τῆς
348 715 489 782 συγγενείας
509 716 589 782 αὐτοῦ,
606 717 645 769 καὶ
663 716 688 769 ἐκ
706 719 748 769 τοῦ
767 712 831 767 οίκον
846 718 890 767 τοῦ

187 797 278 868 πατρὸς
303 801 385 867 αὐτοῦ,
408 799 472 859 drus
496 805 544 870 γῆν
568 801 663 871 ὀλίγην,
686 801 724 854 καὶ
748 799 890 868 συγγένειαν

187 886 284 953 ἀσθενῆ,
306 887 346 940 καὶ
368 884 433 941 οἷκον
451 887 535 957 μικρὸν
553 885 698 952 καταλιπών,
717 884 889 956 κληρονομήσῃ

187 969 230 1028 rdc
240 973 386 1042 ἐπαγγελίας
397 979 440 1028 τοῦ
454 977 525 1027 Θεοῦ.
565 973 636 1042 Λέγει
648 972 696 1043 γὰρ
708 973 780 1044 αὐτῷ,
796 969 887 1026 “”Απ-
960 965 962 968 ’

188 1065 207 1090 “
219 1062 274 1112 ελθε
289 1060 315 1113 ἐκ
331 1063 374 1127 τῆς
391 1062 437 1129 γῆς
452 1084 507 1123 σου,
521 1062 560 1114 καὶ
576 1061 601 1114 ἐκ
617 1062 660 1127 τῆς
675 1060 814 1128 συγγενείας
831 1081 886 1124 σου,
899 1085 924 1112 10

188 1151 205 1177 “
219 1149 257 1199 καὶ
276 1148 301 1199 ἐκ
320 1152 363 1200 τοῦ
383 1145 447 1200 οἴκου
465 1151 506 1200 τοῦ
525 1144 615 1216 πατρός
630 1169 686 1211 σου,
699 1148 731 1202 εὶς
744 1143 788 1212 τὴν
800 1147 846 1213 γῆν
858 1142 888 1212 ἢν

187 1238 205 1263 “
218 1230 248 1284 ἅν
260 1255 301 1285 σοι
318 1230 397 1302 δείξω·
419 1233 457 1285 καὶ
475 1230 571 1299 ποιήσω
589 1255 620 1286 σε
635 1234 667 1289 εἰς
683 1232 750 1288 ἕθνος
760 1229 835 1299 μέγα,
849 1231 888 1284 καὶ

187 1323 205 1349 “
218 1317 346 1386 εὐλογήσω
358 1340 394 1383 σε,
406 1320 446 1371 καὶ
457 1321 586 1385 μεγαλυνῶ
598 1317 626 1371 τὸ
639 1316 715 1384 ὄνομά
727 1341 781 1379 σον,
792 1320 830 1371 καὶ
842 1316 887 1387 ἔσῃ

186 1410 204 1435 “
216 1402 385 1472 εὐλογημένος·
405 1405 444 1457 καὶ
456 1401 584 1471 εὐλογήσω
601 1402 656 1460 τούς
671 1402 831 1472 εὐλογοῦντοίς
848 1426 885 1467 σε,

183 1608 232 1658 nius,
242 1614 261 1649 et
271 1609 353 1649 conferri
364 1610 421 1662 jubet
432 1609 451 1650 S,
462 1610 518 1650 Matt.
549 1610 569 1649 P.
580 1609 657 1655 Zornio‚
667 1609 701 1662 qui
710 1609 734 1649 de
743 1609 779 1648 hoc
790 1609 832 1649 loco
842 1610 886 1648 Dis-

183 1663 219 1703 xix
229 1666 261 1711 28,
271 1664 331 1717 Apoc.
342 1665 382 1704 xxi.
411 1665 491 1717 Ittigius
500 1665 521 1704 in
548 1665 673 1705 sertationem
690 1664 807 1716 peculiarem
822 1665 885 1713 habet,

184 1718 221 1759 Sel.
238 1719 298 1772 Oapp.
313 1719 365 1760 Hist.
380 1720 431 1759 Eccl.
444 1720 496 1760 Sacc.
506 1721 520 1765 i,
550 1721 619 1772 opusc.
634 1719 684 1761 Sacr.
695 1725 742 1760 tom.
752 1719 765 1763 i,
775 1733 807 1772 pp.
819 1732 886 1769 434-

182 1786 201 1825 p.
212 1775 256 1824 196,
263 1776 306 1814 vult
315 1775 390 1827 generis
399 1775 478 1814 humani
486 1789 522 1826 per
550 1789 596 1824 444,
606 1775 694 1828 inprimis
706 1775 753 1814 haec
762 1774 835 1814 arridet
843 1788 886 1814 seu-

183 1828 278 1868 diluvium
305 1830 376 1882 perditi
399 1830 521 1869 instauratio·
548 1831 615 1874 tentia,
625 1843 692 1870 vocem
702 1832 825 1880 παλιγγενεσία
833 1829 886 1870 idem

182 1897 233 1932 nem,
242 1885 273 1924 vel
286 1886 345 1924 etiam
357 1885 522 1937 regenerationem
549 1885 655 1937 significare
669 1884 721 1937 quod
735 1884 779 1924 Act.
794 1884 816 1923 iii
828 1897 860 1929 21,
875 1886 885 1933 ἡ

182 1939 290 1991 spiritalem
299 1954 334 1992 per
343 1940 483 1992 poenitentiam
492 1940 521 1978 in·
549 1946 582 1978 τῶν
597 1942 665 1980 πάντων
679 1942 823 1994 ἀποκατάστασις,
837 1953 885 1992 quae

181 1994 339 2046 telligi,maxime
345 2008 406 2047 quum
412 1995 436 2034 de
442 1995 521 2034 Noacho
548 1995 591 2034 aliis
603 1994 679 2035 Divinis
694 1994 824 2046 Scriptoribus
839 1995 886 2034 aava·

182 2048 278 2094 Clemens,
293 2050 331 2101 ἔγ,
347 2050 419 2089 dixerit
433 2056 472 2088 Νῶε
484 2050 520 2098 dt-
548 2050 664 2099 coeldaccae
673 2056 740 2099 terrae,
749 2050 886 2089 velereatwrae

180 2106 223 2155 ρυξε
238 2108 333 2153 μετάνοιαν.
361 2104 416 2144 Junii
432 2105 520 2156 explana·
547 2104 724 2144 ncmineinnotuit.
744 2103 776 2144 Sic
785 2104 824 2144 fere
834 2104 885 2144 Hor-

180 2159 256 2198 tionem
268 2160 393 2211 amplectitur
406 2158 457 2199 Guil.
471 2160 521 2198 Bur-
548 2159 669 2211 zogius,eiae
677 2158 843 2210 aeaedaadaaq
851 2161 886 2200 der

181 2219 244 2253 tonus.
264 2214 357 2267 litigium
366 2219 473 2266 sequuntur
482 2215 521 2253 Da·
553 2215 611 2255 Welc:
625 2215 735 2264 ,Ruchatua
749 2213 766 2253 Ze
780 2214 884 2255 recondisse-

181 2269 215 2309 vis.
233 2274 253 2309 et
268 2269 354 2322 Freyius.
384 2269 520 2321 Regeneratic-
548 2267 745 2323 raeatfflclaterre).
773 2269 884 2310 Wakiuset

180 2338 226 2363 uem
232 2338 281 2377 quae
286 2324 419 2377 perBaptismi
424 2325 521 2364 lavacrum
549 2324 631 2364 Ohevall.
642 2325 778 2376 νογοαοναιίοα.
789 2324 884 2374 Grassius,

180 2379 203 2419 fit
213 2385 305 2431 operante
319 2380 395 2432 Spiritu
405 2378 481 2428 Sancto,
492 2379 520 2418 in·
547 2393 577 2418 αα
594 2380 663 2419 trouva
678 2381 734 2420 ordre
754 2379 786 2419 dee
803 2382 885 2430 pendra-

179 2435 251 2487 telligit
261 2435 392 2484 Constantius,
403 2438 422 2474 et
432 2435 456 2473 D.
468 2434 520 2473 Petri
548 2435 610 2483 ticam
631 2435 680 2487 expl.
698 2435 733 2486 qut
751 2447 764 2473 α
783 2437 816 2483 ete,
831 2449 884 2486 pour

180 2490 244 2529 locum
257 2490 348 2535 adfertI
361 2490 383 2529 iii
396 2503 428 2532 20,
443 2490 477 2528 ubi
491 2503 520 2528 re·
548 2489 601 2529 ainsi
614 2490 661 2538 dire,
676 2490 692 2530 le
700 2492 748 2541 pere
762 2488 821 2529 θάαο
835 2504 883 2529 acca

180 2546 310 2596 generationis
316 2546 404 2599 ejusdem
411 2544 520 2596 symbolum
547 2544 718 2596 οοίίογὲαὲνονὶοα,

179 2600 238 2640 fuisse
250 2615 314 2640 arcam
327 2615 365 2654 qna
377 2601 422 2640 No'e'
432 2604 520 2645 servatus
577 2613 592 2639 1.
604 2601 621 2637 ἐν
627 2597 702 2653 ὁμονοίᾳ]
710 2599 764 2639 Haec
771 2612 793 2639 eo
800 2600 883 2640 tendunt

180 2660 311 2701 estnotatur.
341 2657 371 2695 De
385 2660 439 2695 statu
451 2655 519 2694 mundi
546 2654 883 2706 utveltypobrutorumanimalinm

179 2710 224 2750 iude
233 2712 308 2763 elapsu
318 2711 426 2758 deformati,
435 2714 455 2750 et
463 2710 519 2750 resti·
546 2709 658 2749 concordiae
676 2708 761 2749 studium
777 2709 883 2750 Ocrinthiis

179 2767 254 2806 tutione
263 2780 328 2806 rerum
337 2780 376 2819 qua
387 2766 518 2818 unusquisque
546 2763 703 2813 commendaret3
721 2765 883 2816 quemadmodum

179 2822 283 2861 secundum
302 2836 360 2874 opera
378 2835 413 2861 sua
435 2821 518 2861 retribu-
546 2824 565 2859 et
579 2819 632 2858 Sacri
643 2819 709 2858 crebro
723 2819 829 2872 Scriptores
841 2820 882 2860 ani-

179 2876 252 2916 ticuem
266 2877 292 2917 sit
301 2881 419 2929 accepturus,
430 2875 519 2916 Olearins
546 2874 626 2913 melium
636 2875 729 2926 exempla,
738 2875 802 2925 boum,
812 2875 882 2915 ciconi-

179 2931 199 2970 in
216 2931 270 2972 Obss.
288 2932 313 2971 ad
331 2932 350 2973 S.
362 2932 418 2973 Matt.
430 2946 454 2984 -p.
472 2941 517 2981 541.
546 2943 601 2969 arum
608 2929 880 2984 drahcminibusprcponunt.
