<?xml version="1.0" encoding="UTF-8"?>
<!DOCTYPE html PUBLIC "-//W3C//DTD XHTML 1.0 Transitional//EN"
    "http://www.w3.org/TR/xhtml1/DTD/xhtml1-transitional.dtd">
<html xmlns="http://www.w3.org/1999/xhtml" xml:lang="en" lang="en">
 <head>
  <title>
</title>
<meta http-equiv="Content-Type" content="text/html;charset=utf-8" />
  <meta name='ocr-system' content='tesseract 3.04.00' />
  <meta name='ocr-capabilities' content='ocr_page ocr_carea ocr_par ocr_line ocrx_word'/>
</head>
<body>
  <div class='ocr_page' id='page_1' title='image "./MN41360ucmf_0/MN41360ucmf_0_0389.png"; bbox 0 0 1931 3420; ppageno 0'>
   <div class='ocr_carea' id='block_1_1' title="bbox 342 676 529 741">
    <p class='ocr_par' dir='ltr' id='par_1_1' title="bbox 342 676 529 741">
     <span class='ocr_line' id='line_1_1' title="bbox 342 676 529 741; baseline -0.005 -1"><span class='ocrx_word' id='word_1_1' title='bbox 342 676 529 741; x_wconf 84' lang='lat' dir='ltr'>INDEX</span> 
     </span>
    </p>
   </div>
   <div class='ocr_carea' id='block_1_2' title="bbox 166 852 706 919">
    <p class='ocr_par' dir='ltr' id='par_1_2' title="bbox 166 852 706 919">
     <span class='ocr_line' id='line_1_2' title="bbox 166 852 706 919; baseline -0.002 -13"><span class='ocrx_word' id='word_1_2' title='bbox 166 854 366 918; x_wconf 88' lang='lat' dir='ltr'>VERBORUM</span> <span class='ocrx_word' id='word_1_3' title='bbox 383 854 426 904; x_wconf 86' lang='lat' dir='ltr'>ET</span> <span class='ocrx_word' id='word_1_4' title='bbox 444 852 706 919; x_wconf 82' lang='lat' dir='ltr'>FORMULARUM.</span> 
     </span>
    </p>
   </div>
   <div class='ocr_carea' id='block_1_3' title="bbox 54 1043 424 3141">
    <p class='ocr_par' dir='ltr' id='par_1_3' title="bbox 55 1043 423 1161">
     <span class='ocr_line' id='line_1_3' title="bbox 55 1043 420 1106; baseline 0 -12"><span class='ocrx_word' id='word_1_5' title='bbox 55 1043 208 1095; x_wconf 67' lang='grc' dir='ltr'><strong>ἈΒΑΝΑΥΣΩΣ</strong></span> <span class='ocrx_word' id='word_1_6' title='bbox 230 1055 383 1106; x_wconf 86' lang='grc' dir='ltr'>λειτουργήσαντας</span> <span class='ocrx_word' id='word_1_7' title='bbox 392 1085 407 1094; x_wconf 94' lang='grc'>..</span> <span class='ocrx_word' id='word_1_8' title='bbox 417 1085 420 1094; x_wconf 97' lang='grc'>.</span> 
     </span>
     <span class='ocr_line' id='line_1_4' title="bbox 84 1109 423 1161; baseline 0 -12"><span class='ocrx_word' id='word_1_9' title='bbox 84 1111 154 1161; x_wconf 86' lang='grc' dir='ltr'>ἡσύχως</span> <span class='ocrx_word' id='word_1_10' title='bbox 169 1113 196 1150; x_wconf 81' lang='grc' dir='ltr'>καὶ</span> <span class='ocrx_word' id='word_1_11' title='bbox 211 1111 317 1158; x_wconf 84' lang='grc' dir='ltr'>ἀβαναύσως.</span> <span class='ocrx_word' id='word_1_12' title='bbox 341 1109 423 1150; x_wconf 54' lang='lat' dir='ltr'>olem]</span> 
     </span>
    </p>

    <p class='ocr_par' dir='ltr' id='par_1_4' title="bbox 54 1179 422 1316">
     <span class='ocr_line' id='line_1_5' title="bbox 54 1179 422 1269; baseline -0.005 -9"><span class='ocrx_word' id='word_1_13' title='bbox 54 1179 151 1267; x_wconf 57' lang='grc' dir='ltr'>ίλβῶῶσος.</span> <span class='ocrx_word' id='word_1_14' title='bbox 170 1220 265 1267; x_wconf 59' lang='grc' dir='ltr'>Ἀβύσσων,</span> <span class='ocrx_word' id='word_1_15' title='bbox 271 1237 290 1259; x_wconf 91' lang='grc' dir='ltr'>τε</span> <span class='ocrx_word' id='word_1_16' title='bbox 299 1221 422 1269; x_wconf 82' lang='grc' dir='ltr'>ἀνεξιχνίαστα.</span> 
     </span>
     <span class='ocr_line' id='line_1_6' title="bbox 86 1275 206 1316; baseline -0.008 0"><span class='ocrx_word' id='word_1_17' title='bbox 86 1275 206 1316; x_wconf 79' lang='grc' dir='ltr'>01οια.Ιοο.</span> 
     </span>
    </p>

    <p class='ocr_par' dir='ltr' id='par_1_5' title="bbox 58 1331 424 1437">
     <span class='ocr_line' id='line_1_7' title="bbox 58 1331 424 1382; baseline -0.005 -12"><span class='ocrx_word' id='word_1_18' title='bbox 58 1332 178 1382; x_wconf 82' lang='grc' dir='ltr'>Ἀγαθοποιεῖν,</span> <span class='ocrx_word' id='word_1_19' title='bbox 206 1331 247 1368; x_wconf 81' lang='grc' dir='ltr'>Ἐἀν</span> <span class='ocrx_word' id='word_1_20' title='bbox 255 1331 288 1381; x_wconf 82' lang='grc' dir='ltr'>γάρ</span> <span class='ocrx_word' id='word_1_21' title='bbox 299 1331 424 1379; x_wconf 85' lang='grc' dir='ltr'>σπουδάσωμεν</span> 
     </span>
     <span class='ocr_line' id='line_1_8' title="bbox 85 1385 345 1437; baseline -0.004 -13"><span class='ocrx_word' id='word_1_22' title='bbox 85 1387 196 1437; x_wconf 84' lang='grc' dir='ltr'>ἀγαθοποιεῖν.</span> <span class='ocrx_word' id='word_1_23' title='bbox 212 1385 304 1425; x_wconf 66' lang='grc' dir='ltr'>016111.Ιῖ</span> <span class='ocrx_word' id='word_1_24' title='bbox 316 1398 345 1424; x_wconf 92' lang='lat'>10.</span> 
     </span>
    </p>

    <p class='ocr_par' dir='ltr' id='par_1_6' title="bbox 58 1441 423 1711">
     <span class='ocr_line' id='line_1_9' title="bbox 58 1441 421 1492; baseline 0 -13"><span class='ocrx_word' id='word_1_25' title='bbox 58 1441 173 1492; x_wconf 82' lang='grc' dir='ltr'>Ἀγαθοποιία.</span> <span class='ocrx_word' id='word_1_26' title='bbox 200 1441 253 1481; x_wconf 91' lang='grc' dir='ltr'>πόθος</span> <span class='ocrx_word' id='word_1_27' title='bbox 268 1442 292 1480; x_wconf 81' lang='grc' dir='ltr'>εἰς</span> <span class='ocrx_word' id='word_1_28' title='bbox 307 1441 421 1490; x_wconf 90' lang='grc' dir='ltr'>ἀγαθοποιίαν.</span> 
     </span>
     <span class='ocr_line' id='line_1_10' title="bbox 86 1495 423 1544; baseline -0.009 -9"><span class='ocrx_word' id='word_1_29' title='bbox 86 1495 193 1536; x_wconf 77' lang='lat' dir='ltr'>Olem·12.</span> <span class='ocrx_word' id='word_1_30' title='bbox 222 1496 343 1544; x_wconf 85' lang='grc' dir='ltr'>ἀμεταμέλητοι</span> <span class='ocrx_word' id='word_1_31' title='bbox 354 1495 383 1542; x_wconf 82' lang='grc' dir='ltr'>ήτε</span> <span class='ocrx_word' id='word_1_32' title='bbox 395 1496 423 1533; x_wconf 81' lang='grc' dir='ltr'>ἐπὶ</span> 
     </span>
     <span class='ocr_line' id='line_1_11' title="bbox 85 1549 423 1601; baseline -0.012 -10"><span class='ocrx_word' id='word_1_33' title='bbox 85 1551 248 1601; x_wconf 80' lang='grc' dir='ltr'>πάσηάγαθοποιίᾳ.</span> <span class='ocrx_word' id='word_1_34' title='bbox 269 1550 294 1590; x_wconf 85' lang='lat' dir='ltr'>ib.</span> <span class='ocrx_word' id='word_1_35' title='bbox 323 1549 423 1600; x_wconf 86' lang='grc' dir='ltr'>ἀργήσωμεν</span> 
     </span>
     <span class='ocr_line' id='line_1_12' title="bbox 86 1607 422 1657; baseline -0.006 -13"><span class='ocrx_word' id='word_1_36' title='bbox 86 1607 120 1645; x_wconf 87' lang='grc' dir='ltr'>ἀπό</span> <span class='ocrx_word' id='word_1_37' title='bbox 135 1608 164 1654; x_wconf 78' lang='grc' dir='ltr'>τῆς</span> <span class='ocrx_word' id='word_1_38' title='bbox 179 1607 301 1657; x_wconf 72' lang='grc' dir='ltr'>ἀγαθοποιῶςρ</span> <span class='ocrx_word' id='word_1_39' title='bbox 322 1617 353 1655; x_wconf 84' lang='grc'>33.</span> <span class='ocrx_word' id='word_1_40' title='bbox 381 1620 422 1654; x_wconf 91' lang='grc' dir='ltr'>προ-</span> 
     </span>
     <span class='ocr_line' id='line_1_13' title="bbox 86 1659 422 1711; baseline -0.006 -12"><span class='ocrx_word' id='word_1_41' title='bbox 86 1661 148 1710; x_wconf 90' lang='grc' dir='ltr'>θύμους</span> <span class='ocrx_word' id='word_1_42' title='bbox 161 1661 204 1711; x_wconf 80' lang='grc' dir='ltr'>ἡμᾶς</span> <span class='ocrx_word' id='word_1_43' title='bbox 218 1659 259 1699; x_wconf 84' lang='grc' dir='ltr'>εἶναι</span> <span class='ocrx_word' id='word_1_44' title='bbox 271 1662 294 1700; x_wconf 82' lang='grc' dir='ltr'>εἷς</span> <span class='ocrx_word' id='word_1_45' title='bbox 308 1660 422 1710; x_wconf 80' lang='grc' dir='ltr'>ἀγαθοποιίαν.</span> 
     </span>
    </p>

    <p class='ocr_par' dir='ltr' id='par_1_7' title="bbox 58 1768 423 3082">
     <span class='ocr_line' id='line_1_14' title="bbox 58 1768 420 1821; baseline -0.008 -11"><span class='ocrx_word' id='word_1_46' title='bbox 58 1771 136 1821; x_wconf 79' lang='grc' dir='ltr'>Ἀγαθός.</span> <span class='ocrx_word' id='word_1_47' title='bbox 164 1771 182 1808; x_wconf 91' lang='grc' dir='ltr'>ἐν</span> <span class='ocrx_word' id='word_1_48' title='bbox 191 1771 244 1821; x_wconf 82' lang='grc' dir='ltr'>ἀγαθῇ</span> <span class='ocrx_word' id='word_1_49' title='bbox 256 1770 347 1820; x_wconf 78' lang='grc' dir='ltr'>προθυμίᾳ.</span> <span class='ocrx_word' id='word_1_50' title='bbox 362 1768 420 1808; x_wconf 68' lang='lat' dir='ltr'>clem.</span> 
     </span>
     <span class='ocr_line' id='line_1_15' title="bbox 86 1825 421 1875; baseline -0.009 -11"><span class='ocrx_word' id='word_1_51' title='bbox 86 1825 124 1865; x_wconf 77' lang='lat'>12.</span> <span class='ocrx_word' id='word_1_52' title='bbox 153 1825 215 1874; x_wconf 78' lang='grc' dir='ltr'>ἕτοιμαι</span> <span class='ocrx_word' id='word_1_53' title='bbox 231 1827 254 1864; x_wconf 81' lang='grc' dir='ltr'>εἰς</span> <span class='ocrx_word' id='word_1_54' title='bbox 268 1828 302 1863; x_wconf 86' lang='grc' dir='ltr'>πᾶν</span> <span class='ocrx_word' id='word_1_55' title='bbox 317 1826 366 1875; x_wconf 94' lang='grc' dir='ltr'>ἔργον</span> <span class='ocrx_word' id='word_1_56' title='bbox 380 1825 421 1874; x_wconf 92' lang='grc' dir='ltr'>ἀγα-</span> 
     </span>
     <span class='ocr_line' id='line_1_16' title="bbox 85 1879 420 1930; baseline -0.006 -12"><span class='ocrx_word' id='word_1_57' title='bbox 85 1882 120 1919; x_wconf 90' lang='grc' dir='ltr'>θόν.</span> <span class='ocrx_word' id='word_1_58' title='bbox 142 1879 167 1919; x_wconf 81' lang='lat' dir='ltr'>ib.</span> <span class='ocrx_word' id='word_1_59' title='bbox 200 1881 239 1919; x_wconf 83' lang='grc' dir='ltr'>τούς</span> <span class='ocrx_word' id='word_1_60' title='bbox 256 1880 329 1930; x_wconf 80' lang='grc' dir='ltr'>ἀγαθοὺς</span> <span class='ocrx_word' id='word_1_61' title='bbox 346 1880 420 1917; x_wconf 88' lang='grc' dir='ltr'>ἀποστό-</span> 
     </span>
     <span class='ocr_line' id='line_1_17' title="bbox 85 1935 422 1984; baseline -0.006 -11"><span class='ocrx_word' id='word_1_62' title='bbox 85 1939 130 1975; x_wconf 88' lang='grc' dir='ltr'>λους.</span> <span class='ocrx_word' id='word_1_63' title='bbox 151 1944 168 1984; x_wconf 88' lang='lat'>5.</span> <span class='ocrx_word' id='word_1_64' title='bbox 196 1936 293 1984; x_wconf 74' lang='grc' dir='ltr'>προστιθείς</span> <span class='ocrx_word' id='word_1_65' title='bbox 311 1935 338 1972; x_wconf 82' lang='grc' dir='ltr'>καὶ</span> <span class='ocrx_word' id='word_1_66' title='bbox 355 1936 422 1983; x_wconf 81' lang='grc' dir='ltr'>γνώμην</span> 
     </span>
     <span class='ocr_line' id='line_1_18' title="bbox 85 1990 422 2041; baseline -0.006 -13"><span class='ocrx_word' id='word_1_67' title='bbox 85 1990 152 2041; x_wconf 90' lang='grc' dir='ltr'>ἀγαθήν.</span> <span class='ocrx_word' id='word_1_68' title='bbox 168 1992 185 2028; x_wconf 89' lang='lat'>8.</span> <span class='ocrx_word' id='word_1_69' title='bbox 210 1991 237 2028; x_wconf 83' lang='grc' dir='ltr'>ἐπὶ</span> <span class='ocrx_word' id='word_1_70' title='bbox 250 1992 270 2026; x_wconf 83' lang='grc' dir='ltr'>τό</span> <span class='ocrx_word' id='word_1_71' title='bbox 280 1990 343 2040; x_wconf 86' lang='grc' dir='ltr'>ἀγαθὸν</span> <span class='ocrx_word' id='word_1_72' title='bbox 352 1990 422 2038; x_wconf 89' lang='grc' dir='ltr'>διορθω-</span> 
     </span>
     <span class='ocr_line' id='line_1_19' title="bbox 85 2044 423 2093; baseline 0 -10"><span class='ocrx_word' id='word_1_73' title='bbox 85 2045 160 2093; x_wconf 88' lang='grc' dir='ltr'>σῶμεθα.</span> <span class='ocrx_word' id='word_1_74' title='bbox 169 2057 199 2083; x_wconf 83' lang='lat'>21.</span> <span class='ocrx_word' id='word_1_75' title='bbox 214 2046 232 2082; x_wconf 88' lang='grc' dir='ltr'>ἐν</span> <span class='ocrx_word' id='word_1_76' title='bbox 240 2044 340 2092; x_wconf 74' lang='grc' dir='ltr'>πεποιθήσει</span> <span class='ocrx_word' id='word_1_77' title='bbox 348 2044 423 2083; x_wconf 88' lang='grc' dir='ltr'>πίστεως</span> 
     </span>
     <span class='ocr_line' id='line_1_20' title="bbox 85 2099 422 2151; baseline 0 -13"><span class='ocrx_word' id='word_1_78' title='bbox 85 2101 152 2151; x_wconf 76' lang='grc' dir='ltr'>ἀγαθῆς.</span> <span class='ocrx_word' id='word_1_79' title='bbox 164 2100 194 2138; x_wconf 86' lang='lat'>26.</span> <span class='ocrx_word' id='word_1_80' title='bbox 211 2100 221 2147; x_wconf 83' lang='grc' dir='ltr'><strong><em>ἡ</em></strong></span> <span class='ocrx_word' id='word_1_81' title='bbox 230 2100 313 2149; x_wconf 90' lang='grc' dir='ltr'>μαρτυρία</span> <span class='ocrx_word' id='word_1_82' title='bbox 321 2101 351 2147; x_wconf 82' lang='grc' dir='ltr'>τῆς</span> <span class='ocrx_word' id='word_1_83' title='bbox 359 2099 422 2148; x_wconf 82' lang='grc' dir='ltr'>ἀγαθής</span> 
     </span>
     <span class='ocr_line' id='line_1_21' title="bbox 84 2155 422 2205; baseline -0.009 -11"><span class='ocrx_word' id='word_1_84' title='bbox 84 2156 166 2205; x_wconf 77' lang='grc' dir='ltr'>πράξεως.</span> <span class='ocrx_word' id='word_1_85' title='bbox 184 2167 215 2205; x_wconf 86' lang='lat'>30.</span> <span class='ocrx_word' id='word_1_86' title='bbox 243 2157 277 2193; x_wconf 85' lang='grc' dir='ltr'>πῶν</span> <span class='ocrx_word' id='word_1_87' title='bbox 294 2156 345 2205; x_wconf 85' lang='grc' dir='ltr'>ἔργον</span> <span class='ocrx_word' id='word_1_88' title='bbox 359 2155 422 2203; x_wconf 84' lang='grc' dir='ltr'>ἀγαθὸν</span> 
     </span>
     <span class='ocr_line' id='line_1_22' title="bbox 84 2209 422 2259; baseline -0.006 -10"><span class='ocrx_word' id='word_1_89' title='bbox 84 2212 171 2249; x_wconf 87' lang='grc' dir='ltr'>ἐπιτελεῖν.</span> <span class='ocrx_word' id='word_1_90' title='bbox 188 2222 218 2259; x_wconf 82' lang='lat'>33.</span> <span class='ocrx_word' id='word_1_91' title='bbox 248 2210 266 2246; x_wconf 88' lang='grc' dir='ltr'>ἐν</span> <span class='ocrx_word' id='word_1_92' title='bbox 281 2210 338 2259; x_wconf 91' lang='grc' dir='ltr'>ἔργοις</span> <span class='ocrx_word' id='word_1_93' title='bbox 352 2209 422 2259; x_wconf 80' lang='grc' dir='ltr'>ἀγαθοῖς</span> 
     </span>
     <span class='ocr_line' id='line_1_23' title="bbox 83 2263 421 2314; baseline -0.003 -10"><span class='ocrx_word' id='word_1_94' title='bbox 83 2267 145 2304; x_wconf 82' lang='grc' dir='ltr'>πάντες</span> <span class='ocrx_word' id='word_1_95' title='bbox 154 2264 276 2314; x_wconf 83' lang='grc' dir='ltr'>ἐκοσμήθησον.</span> <span class='ocrx_word' id='word_1_96' title='bbox 287 2263 312 2303; x_wconf 86' lang='lat' dir='ltr'>ib.</span> <span class='ocrx_word' id='word_1_97' title='bbox 329 2264 349 2301; x_wconf 86' lang='lat' dir='ltr'>‘O</span> <span class='ocrx_word' id='word_1_98' title='bbox 359 2265 421 2314; x_wconf 86' lang='grc' dir='ltr'>ἀγαθὸς</span> 
     </span>
     <span class='ocr_line' id='line_1_24' title="bbox 84 2317 421 2370; baseline -0.006 -12"><span class='ocrx_word' id='word_1_99' title='bbox 84 2321 159 2370; x_wconf 75' lang='grc' dir='ltr'>ἐργάτης.</span> <span class='ocrx_word' id='word_1_100' title='bbox 176 2332 207 2370; x_wconf 84' lang='lat'>34.</span> <span class='ocrx_word' id='word_1_101' title='bbox 235 2320 258 2368; x_wconf 85' lang='grc' dir='ltr'>μή</span> <span class='ocrx_word' id='word_1_102' title='bbox 267 2320 329 2369; x_wconf 86' lang='grc' dir='ltr'>ἀργούς</span> <span class='ocrx_word' id='word_1_103' title='bbox 380 2317 421 2356; x_wconf 81' lang='grc' dir='ltr'>εἶναι</span> 
     </span>
     <span class='ocr_line' id='line_1_25' title="bbox 74 2373 421 2425; baseline -0.012 -10"><span class='ocrx_word' id='word_1_104' title='bbox 74 2376 112 2415; x_wconf 75' lang='grc' dir='ltr'>,ἐπὶ</span> <span class='ocrx_word' id='word_1_105' title='bbox 125 2377 159 2414; x_wconf 80' lang='grc' dir='ltr'>πᾶν</span> <span class='ocrx_word' id='word_1_106' title='bbox 170 2377 221 2425; x_wconf 84' lang='grc' dir='ltr'>ἔργον</span> <span class='ocrx_word' id='word_1_107' title='bbox 232 2375 298 2424; x_wconf 87' lang='grc' dir='ltr'>ἀγαθόν.</span> <span class='ocrx_word' id='word_1_108' title='bbox 314 2373 338 2412; x_wconf 82' lang='lat' dir='ltr'>ib.</span> <span class='ocrx_word' id='word_1_109' title='bbox 366 2374 389 2422; x_wconf 84' lang='grc' dir='ltr'>μὴ</span> <span class='ocrx_word' id='word_1_110' title='bbox 403 2375 421 2411; x_wconf 87' lang='grc' dir='ltr'>ἐν</span> 
     </span>
     <span class='ocr_line' id='line_1_26' title="bbox 83 2430 419 2480; baseline 0 -13"><span class='ocrx_word' id='word_1_111' title='bbox 83 2432 147 2480; x_wconf 85' lang='grc' dir='ltr'>λόγοις,</span> <span class='ocrx_word' id='word_1_112' title='bbox 156 2430 195 2468; x_wconf 80' lang='grc' dir='ltr'>ἀλλ’</span> <span class='ocrx_word' id='word_1_113' title='bbox 205 2431 223 2468; x_wconf 89' lang='grc' dir='ltr'>ἐν</span> <span class='ocrx_word' id='word_1_114' title='bbox 231 2431 286 2479; x_wconf 81' lang='grc' dir='ltr'>ἔργοις</span> <span class='ocrx_word' id='word_1_115' title='bbox 297 2430 371 2478; x_wconf 84' lang='grc' dir='ltr'>ἀγαθοῖς.</span> <span class='ocrx_word' id='word_1_116' title='bbox 389 2430 419 2478; x_wconf 80' lang='lat'>38.</span> 
     </span>
     <span class='ocr_line' id='line_1_27' title="bbox 84 2484 419 2535; baseline -0.003 -13"><span class='ocrx_word' id='word_1_117' title='bbox 84 2486 102 2522; x_wconf 86' lang='grc' dir='ltr'>ἐν</span> <span class='ocrx_word' id='word_1_118' title='bbox 110 2485 164 2535; x_wconf 78' lang='grc' dir='ltr'>ἀγαθή</span> <span class='ocrx_word' id='word_1_119' title='bbox 178 2484 274 2532; x_wconf 77' lang='grc' dir='ltr'>συνειδήσει</span> <span class='ocrx_word' id='word_1_120' title='bbox 286 2486 372 2533; x_wconf 80' lang='grc' dir='ltr'>ὑπάρχων.</span> <span class='ocrx_word' id='word_1_121' title='bbox 389 2496 419 2531; x_wconf 87' lang='lat'>41.</span> 
     </span>
     <span class='ocr_line' id='line_1_28' title="bbox 84 2539 419 2590; baseline -0.003 -12"><span class='ocrx_word' id='word_1_122' title='bbox 84 2542 111 2578; x_wconf 90' lang='grc' dir='ltr'>καὶ</span> <span class='ocrx_word' id='word_1_123' title='bbox 119 2541 153 2590; x_wconf 83' lang='grc' dir='ltr'>γὰρ</span> <span class='ocrx_word' id='word_1_124' title='bbox 162 2540 224 2590; x_wconf 87' lang='grc' dir='ltr'>ἀγαθός</span> <span class='ocrx_word' id='word_1_125' title='bbox 233 2540 256 2577; x_wconf 81' lang='grc' dir='ltr'>ῶν</span> <span class='ocrx_word' id='word_1_126' title='bbox 264 2539 338 2578; x_wconf 88' lang='grc' dir='ltr'>παιδεύει</span> <span class='ocrx_word' id='word_1_127' title='bbox 351 2541 361 2575; x_wconf 92' lang='grc' dir='ltr'>ὁ</span> <span class='ocrx_word' id='word_1_128' title='bbox 372 2541 419 2577; x_wconf 86' lang='grc' dir='ltr'>θεός.</span> 
     </span>
     <span class='ocr_line' id='line_1_29' title="bbox 85 2592 420 2645; baseline -0.009 -12"><span class='ocrx_word' id='word_1_129' title='bbox 85 2596 115 2644; x_wconf 87' lang='lat'>56.</span> <span class='ocrx_word' id='word_1_130' title='bbox 144 2595 183 2632; x_wconf 80' lang='grc' dir='ltr'>ἀλλ’</span> <span class='ocrx_word' id='word_1_131' title='bbox 193 2596 277 2645; x_wconf 80' lang='grc' dir='ltr'>ἐγκρατεῖς</span> <span class='ocrx_word' id='word_1_132' title='bbox 290 2592 336 2642; x_wconf 79' lang='grc' dir='ltr'>εἶναι,</span> <span class='ocrx_word' id='word_1_133' title='bbox 350 2593 420 2642; x_wconf 88' lang='grc' dir='ltr'>ἐλεήμο-</span> 
     </span>
     <span class='ocr_line' id='line_1_30' title="bbox 84 2648 421 2699; baseline -0.009 -11"><span class='ocrx_word' id='word_1_134' title='bbox 84 2667 117 2698; x_wconf 76' lang='grc' dir='ltr'>νας,</span> <span class='ocrx_word' id='word_1_135' title='bbox 136 2649 214 2699; x_wconf 88' lang='grc' dir='ltr'>ἀγαθούς.</span> <span class='ocrx_word' id='word_1_136' title='bbox 237 2648 259 2687; x_wconf 88' lang='grc' dir='ltr'>Π</span> <span class='ocrx_word' id='word_1_137' title='bbox 278 2662 295 2697; x_wconf 87' lang='lat'>4.</span> <span class='ocrx_word' id='word_1_138' title='bbox 334 2649 386 2686; x_wconf 82' lang='grc' dir='ltr'>ἐκεῖνα</span> <span class='ocrx_word' id='word_1_139' title='bbox 402 2650 421 2686; x_wconf 88' lang='grc' dir='ltr'>δέ</span> 
     </span>
     <span class='ocr_line' id='line_1_31' title="bbox 83 2703 420 2756; baseline -0.006 -13"><span class='ocrx_word' id='word_1_140' title='bbox 83 2706 175 2756; x_wconf 77' lang='grc' dir='ltr'>ἀγαπῆσαι,</span> <span class='ocrx_word' id='word_1_141' title='bbox 193 2705 214 2741; x_wconf 85' lang='grc' dir='ltr'>τὰ</span> <span class='ocrx_word' id='word_1_142' title='bbox 230 2705 288 2752; x_wconf 85' lang='grc' dir='ltr'>ἀγαθά.</span> <span class='ocrx_word' id='word_1_143' title='bbox 310 2704 327 2742; x_wconf 90' lang='lat'>6.</span> <span class='ocrx_word' id='word_1_144' title='bbox 355 2703 420 2751; x_wconf 88' lang='grc' dir='ltr'>ἀπολή-</span> 
     </span>
     <span class='ocr_line' id='line_1_32' title="bbox 83 2759 420 2810; baseline -0.006 -13"><span class='ocrx_word' id='word_1_145' title='bbox 83 2762 137 2810; x_wconf 71' lang='grc' dir='ltr'>ψεται</span> <span class='ocrx_word' id='word_1_146' title='bbox 155 2761 176 2796; x_wconf 89' lang='grc' dir='ltr'>τὰ</span> <span class='ocrx_word' id='word_1_147' title='bbox 193 2759 252 2808; x_wconf 87' lang='grc' dir='ltr'>ἀγαθά.</span> <span class='ocrx_word' id='word_1_148' title='bbox 279 2771 308 2797; x_wconf 91' lang='lat'>11.</span> <span class='ocrx_word' id='word_1_149' title='bbox 346 2759 420 2808; x_wconf 82' lang='grc' dir='ltr'>καθάπερ</span> 
     </span>
     <span class='ocr_line' id='line_1_33' title="bbox 83 2813 419 2865; baseline -0.006 -12"><span class='ocrx_word' id='word_1_150' title='bbox 83 2813 184 2864; x_wconf 73' lang='grc' dir='ltr'>κυβερνήτης</span> <span class='ocrx_word' id='word_1_151' title='bbox 196 2814 265 2863; x_wconf 86' lang='grc' dir='ltr'>ἀγαθός.</span> <span class='ocrx_word' id='word_1_152' title='bbox 280 2813 337 2852; x_wconf 60' lang='lat' dir='ltr'>Mam</span> <span class='ocrx_word' id='word_1_153' title='bbox 348 2813 390 2865; x_wconf 84' lang='lat' dir='ltr'>Ign.</span> <span class='ocrx_word' id='word_1_154' title='bbox 403 2826 419 2851; x_wconf 92' lang='lat'>1.</span> 
     </span>
     <span class='ocr_line' id='line_1_34' title="bbox 82 2869 421 2919; baseline -0.009 -10"><span class='ocrx_word' id='word_1_155' title='bbox 82 2872 112 2908; x_wconf 83' lang='grc' dir='ltr'>τὸν</span> <span class='ocrx_word' id='word_1_156' title='bbox 130 2870 191 2918; x_wconf 80' lang='grc' dir='ltr'>δοτῆρα</span> <span class='ocrx_word' id='word_1_157' title='bbox 208 2873 241 2906; x_wconf 90' lang='grc' dir='ltr'>τῶν</span> <span class='ocrx_word' id='word_1_158' title='bbox 255 2869 326 2919; x_wconf 87' lang='grc' dir='ltr'>ἀγαθῶν.</span> <span class='ocrx_word' id='word_1_159' title='bbox 349 2876 366 2918; x_wconf 81' lang='grc'>7.</span> <span class='ocrx_word' id='word_1_160' title='bbox 400 2870 421 2906; x_wconf 78' lang='grc' dir='ltr'>τὰ</span> 
     </span>
     <span class='ocr_line' id='line_1_35' title="bbox 82 2923 419 2975; baseline 0.003 -14"><span class='ocrx_word' id='word_1_161' title='bbox 82 2923 175 2975; x_wconf 78' lang='grc' dir='ltr'>τηρούμενα</span> <span class='ocrx_word' id='word_1_162' title='bbox 188 2926 222 2962; x_wconf 79' lang='grc' dir='ltr'>τοῖς</span> <span class='ocrx_word' id='word_1_163' title='bbox 238 2925 347 2973; x_wconf 71' lang='grc' dir='ltr'>ὑπομείνασιν</span> <span class='ocrx_word' id='word_1_164' title='bbox 360 2924 419 2974; x_wconf 81' lang='grc' dir='ltr'>ἀγαθά.</span> 
     </span>
     <span class='ocr_line' id='line_1_36' title="bbox 83 2977 421 3029; baseline -0.009 -11"><span class='ocrx_word' id='word_1_165' title='bbox 83 2979 140 3018; x_wconf 66' lang='grc' dir='ltr'>Μοΐί.</span> <span class='ocrx_word' id='word_1_166' title='bbox 158 2977 221 3029; x_wconf 81' lang='lat' dir='ltr'>Polyc.</span> <span class='ocrx_word' id='word_1_167' title='bbox 239 2991 255 3016; x_wconf 84' lang='lat'>2.</span> <span class='ocrx_word' id='word_1_168' title='bbox 285 2979 349 3028; x_wconf 79' lang='grc' dir='ltr'>ἀγαθῆς</span> <span class='ocrx_word' id='word_1_169' title='bbox 367 2979 421 3016; x_wconf 88' lang='grc' dir='ltr'>ένεκεν</span> 
     </span>
     <span class='ocr_line' id='line_1_37' title="bbox 83 3032 220 3082; baseline -0.015 -9"><span class='ocrx_word' id='word_1_170' title='bbox 83 3032 172 3074; x_wconf 90' lang='grc' dir='ltr'>πολιτείας.</span> <span class='ocrx_word' id='word_1_171' title='bbox 191 3045 220 3082; x_wconf 84' lang='grc'>13.</span> 
     </span>
    </p>

    <p class='ocr_par' dir='ltr' id='par_1_8' title="bbox 55 3089 421 3141">
     <span class='ocr_line' id='line_1_38' title="bbox 55 3089 421 3141; baseline -0.005 -12"><span class='ocrx_word' id='word_1_172' title='bbox 55 3089 184 3141; x_wconf 77' lang='grc' dir='ltr'>Ἀγαλλιᾶσθαι</span> <span class='ocrx_word' id='word_1_173' title='bbox 209 3091 316 3137; x_wconf 88' lang='grc' dir='ltr'>ὁΔεσαότης</span> <span class='ocrx_word' id='word_1_174' title='bbox 328 3093 361 3127; x_wconf 81' lang='grc' dir='ltr'>τῶν</span> <span class='ocrx_word' id='word_1_175' title='bbox 369 3090 421 3128; x_wconf 84' lang='grc' dir='ltr'>ἁπάν-</span> 
     </span>
    </p>
   </div>
   <div class='ocr_carea' id='block_1_4' title="bbox 476 1056 877 1106">
    <p class='ocr_par' dir='ltr' id='par_1_9' title="bbox 476 1056 877 1106">
     <span class='ocr_line' id='line_1_39' title="bbox 476 1056 877 1106; baseline 0 -13"><span class='ocrx_word' id='word_1_176' title='bbox 476 1071 511 1093; x_wconf 87' lang='grc' dir='ltr'>των</span> <span class='ocrx_word' id='word_1_177' title='bbox 520 1056 547 1094; x_wconf 83' lang='grc' dir='ltr'>ἐπὶ</span> <span class='ocrx_word' id='word_1_178' title='bbox 560 1058 596 1094; x_wconf 81' lang='grc' dir='ltr'>τοῖς</span> <span class='ocrx_word' id='word_1_179' title='bbox 606 1057 662 1106; x_wconf 89' lang='grc' dir='ltr'>ἔργοις</span> <span class='ocrx_word' id='word_1_180' title='bbox 675 1057 728 1093; x_wconf 77' lang='grc' dir='ltr'>αὐτοῦ</span> <span class='ocrx_word' id='word_1_181' title='bbox 741 1056 813 1106; x_wconf 88' lang='grc' dir='ltr'>ἀγαλλι-</span> <span class='ocrx_word' id='word_1_182' title='bbox 875 1074 877 1078; x_wconf 71' lang='grc'><strong>’</strong></span> 
     </span>
    </p>
   </div>
   <div class='ocr_carea' id='block_1_5' title="bbox 448 1109 870 3140">
    <p class='ocr_par' dir='ltr' id='par_1_10' title="bbox 477 1109 870 1546">
     <span class='ocr_line' id='line_1_40' title="bbox 477 1109 817 1161; baseline 0 -13"><span class='ocrx_word' id='word_1_183' title='bbox 477 1113 522 1149; x_wconf 76' lang='grc' dir='ltr'>ἆται.</span> <span class='ocrx_word' id='word_1_184' title='bbox 540 1109 599 1149; x_wconf 77' lang='lat' dir='ltr'>Olem.</span> <span class='ocrx_word' id='word_1_185' title='bbox 610 1110 661 1160; x_wconf 78' lang='lat'>133.</span> <span class='ocrx_word' id='word_1_186' title='bbox 690 1109 715 1150; x_wconf 83' lang='grc' dir='ltr'>οἷς</span> <span class='ocrx_word' id='word_1_187' title='bbox 728 1112 755 1149; x_wconf 85' lang='grc' dir='ltr'>καὶ</span> <span class='ocrx_word' id='word_1_188' title='bbox 764 1111 817 1161; x_wconf 87' lang='grc' dir='ltr'>ἀγαλ-</span> 
     </span>
     <span class='ocr_line' id='line_1_41' title="bbox 478 1165 815 1218; baseline 0.009 -16"><span class='ocrx_word' id='word_1_189' title='bbox 478 1167 540 1213; x_wconf 90' lang='grc' dir='ltr'>λιῶμαι</span> <span class='ocrx_word' id='word_1_190' title='bbox 554 1165 579 1203; x_wconf 85' lang='grc' dir='ltr'>ότι</span> <span class='ocrx_word' id='word_1_191' title='bbox 591 1165 668 1214; x_wconf 84' lang='grc' dir='ltr'>ἠξιώθην.</span> <span class='ocrx_word' id='word_1_192' title='bbox 684 1165 726 1218; x_wconf 82' lang='lat' dir='ltr'>Igu.</span> <span class='ocrx_word' id='word_1_193' title='bbox 737 1165 786 1217; x_wconf 83' lang='lat' dir='ltr'>Eph.</span> <span class='ocrx_word' id='word_1_194' title='bbox 798 1180 815 1217; x_wconf 88' lang='lat'>9.</span> 
     </span>
     <span class='ocr_line' id='line_1_42' title="bbox 478 1220 817 1271; baseline 0.006 -14"><span class='ocrx_word' id='word_1_195' title='bbox 478 1220 604 1270; x_wconf 78' lang='grc' dir='ltr'>ἀγαλλιῶμενος</span> <span class='ocrx_word' id='word_1_196' title='bbox 620 1223 723 1270; x_wconf 84' lang='grc' dir='ltr'>προειλόμην</span> <span class='ocrx_word' id='word_1_197' title='bbox 761 1237 817 1271; x_wconf 90' lang='grc' dir='ltr'>προσ-</span> 
     </span>
     <span class='ocr_line' id='line_1_43' title="bbox 477 1274 817 1330; baseline 0.006 -18"><span class='ocrx_word' id='word_1_198' title='bbox 477 1277 556 1323; x_wconf 76' lang='grc' dir='ltr'>λαλῆσαι,</span> <span class='ocrx_word' id='word_1_199' title='bbox 563 1276 606 1323; x_wconf 76' lang='grc' dir='ltr'>ύμῖν.</span> <span class='ocrx_word' id='word_1_200' title='bbox 621 1274 686 1330; x_wconf 76' lang='lat' dir='ltr'>Magn.</span> <span class='ocrx_word' id='word_1_201' title='bbox 696 1288 713 1329; x_wconf 75' lang='lat'>1.</span> <span class='ocrx_word' id='word_1_202' title='bbox 736 1277 817 1325; x_wconf 82' lang='grc' dir='ltr'>ἐκκλησίᾳ</span> 
     </span>
     <span class='ocr_line' id='line_1_44' title="bbox 520 1330 817 1383; baseline -0.003 -14.121"><span class='ocrx_word' id='word_1_203' title='bbox 479 1330 638 1380; x_wconf 83' lang='grc' dir='ltr'>..ἀγαλλιωμένη</span> <span class='ocrx_word' id='word_1_204' title='bbox 652 1332 670 1368; x_wconf 90' lang='grc' dir='ltr'>ἐν</span> <span class='ocrx_word' id='word_1_205' title='bbox 683 1334 707 1383; x_wconf 78' lang='grc' dir='ltr'>τῷ</span> <span class='ocrx_word' id='word_1_206' title='bbox 720 1331 771 1370; x_wconf 86' lang='grc' dir='ltr'>πόθει</span> <span class='ocrx_word' id='word_1_207' title='bbox 786 1335 817 1369; x_wconf 83' lang='grc' dir='ltr'>τοῦ</span> 
     </span>
     <span class='ocr_line' id='line_1_45' title="bbox 478 1383 870 1435; baseline 0.01 -13"><span class='ocrx_word' id='word_1_208' title='bbox 478 1386 546 1435; x_wconf 83' lang='grc' dir='ltr'>Κυρίου.</span> <span class='ocrx_word' id='word_1_209' title='bbox 561 1383 634 1424; x_wconf 82' lang='lat' dir='ltr'>Philad.</span> <span class='ocrx_word' id='word_1_210' title='bbox 647 1385 706 1425; x_wconf 79' lang='lat' dir='ltr'>Inscr.</span> <span class='ocrx_word' id='word_1_211' title='bbox 736 1387 769 1424; x_wconf 80' lang='grc' dir='ltr'>σὺν</span> <span class='ocrx_word' id='word_1_212' title='bbox 782 1389 821 1425; x_wconf 83' lang='grc' dir='ltr'>τοῖς</span> <span class='ocrx_word' id='word_1_213' title='bbox 868 1401 870 1407; x_wconf 82' lang='grc'>’</span> 
     </span>
     <span class='ocr_line' id='line_1_46' title="bbox 477 1440 815 1490; baseline 0.009 -13"><span class='ocrx_word' id='word_1_214' title='bbox 477 1440 594 1479; x_wconf 84' lang='grc' dir='ltr'>ἀποστολοις..</span> <span class='ocrx_word' id='word_1_215' title='bbox 601 1440 739 1490; x_wconf 70' lang='grc' dir='ltr'>,ἀγαλλιῶμενοα</span> <span class='ocrx_word' id='word_1_216' title='bbox 757 1440 815 1480; x_wconf 72' lang='grc' dir='ltr'>Μιι1ί.</span> 
     </span>
     <span class='ocr_line' id='line_1_47' title="bbox 477 1494 582 1546; baseline 0 -13"><span class='ocrx_word' id='word_1_217' title='bbox 477 1494 540 1546; x_wconf 78' lang='grc' dir='ltr'>ΡοῙγο.</span> <span class='ocrx_word' id='word_1_218' title='bbox 553 1507 582 1545; x_wconf 89' lang='lat'>19.</span> 
     </span>
    </p>

    <p class='ocr_par' dir='ltr' id='par_1_11' title="bbox 449 1550 818 1657">
     <span class='ocr_line' id='line_1_48' title="bbox 449 1550 818 1601; baseline 0.003 -14"><span class='ocrx_word' id='word_1_219' title='bbox 449 1550 567 1600; x_wconf 87' lang='grc' dir='ltr'>Ἀγαλλίασις.</span> <span class='ocrx_word' id='word_1_220' title='bbox 590 1550 710 1600; x_wconf 83' lang='grc' dir='ltr'>συναγομένοις</span> <span class='ocrx_word' id='word_1_221' title='bbox 718 1551 737 1588; x_wconf 83' lang='grc' dir='ltr'>ἐν</span> <span class='ocrx_word' id='word_1_222' title='bbox 745 1551 818 1601; x_wconf 86' lang='grc' dir='ltr'>ἀγαλλι-</span> 
     </span>
     <span class='ocr_line' id='line_1_49' title="bbox 477 1604 799 1657; baseline 0.003 -14"><span class='ocrx_word' id='word_1_223' title='bbox 477 1607 516 1643; x_wconf 84' lang='grc' dir='ltr'>ἀσει</span> <span class='ocrx_word' id='word_1_224' title='bbox 525 1606 552 1643; x_wconf 76' lang='grc' dir='ltr'>καί</span> <span class='ocrx_word' id='word_1_225' title='bbox 560 1608 610 1655; x_wconf 76' lang='grc' dir='ltr'>χαρᾷ,</span> <span class='ocrx_word' id='word_1_226' title='bbox 626 1604 683 1644; x_wconf 59' lang='lat' dir='ltr'>Mari).</span> <span class='ocrx_word' id='word_1_227' title='bbox 694 1604 758 1657; x_wconf 81' lang='lat' dir='ltr'>Polyc.</span> <span class='ocrx_word' id='word_1_228' title='bbox 769 1608 799 1644; x_wconf 88' lang='lat'>18.</span> 
     </span>
    </p>

    <p class='ocr_par' dir='ltr' id='par_1_12' title="bbox 448 1659 817 1765">
     <span class='ocr_line' id='line_1_50' title="bbox 448 1659 817 1710; baseline 0.008 -14"><span class='ocrx_word' id='word_1_229' title='bbox 448 1660 560 1710; x_wconf 77' lang='grc' dir='ltr'>Ἀγιινακτεῖα</span> <span class='ocrx_word' id='word_1_230' title='bbox 591 1661 668 1698; x_wconf 79' lang='grc' dir='ltr'>παιδείαν</span> <span class='ocrx_word' id='word_1_231' title='bbox 686 1660 715 1710; x_wconf 75' lang='grc' dir='ltr'>ἐφ’</span> <span class='ocrx_word' id='word_1_232' title='bbox 732 1659 744 1708; x_wconf 82' lang='grc' dir='ltr'><em>ᾗ</em></span> <span class='ocrx_word' id='word_1_233' title='bbox 762 1661 817 1700; x_wconf 77' lang='grc' dir='ltr'>οὐδεὶς</span> 
     </span>
     <span class='ocr_line' id='line_1_51' title="bbox 476 1714 796 1765; baseline 0.009 -14"><span class='ocrx_word' id='word_1_234' title='bbox 476 1715 544 1764; x_wconf 79' lang='grc' dir='ltr'>ὀφείλει</span> <span class='ocrx_word' id='word_1_235' title='bbox 553 1715 656 1765; x_wconf 81' lang='grc' dir='ltr'>ἀγανακτεῖν.</span> <span class='ocrx_word' id='word_1_236' title='bbox 672 1714 732 1754; x_wconf 76' lang='lat' dir='ltr'>Olem.</span> <span class='ocrx_word' id='word_1_237' title='bbox 743 1715 754 1753; x_wconf 87' lang='grc' dir='ltr'>Ι</span> <span class='ocrx_word' id='word_1_238' title='bbox 765 1716 796 1764; x_wconf 86' lang='lat'>56.</span> 
     </span>
    </p>

    <p class='ocr_par' dir='ltr' id='par_1_13' title="bbox 448 1770 817 3140">
     <span class='ocr_line' id='line_1_52' title="bbox 448 1770 773 1819; baseline 0.008 -13"><span class='ocrx_word' id='word_1_239' title='bbox 448 1770 529 1819; x_wconf 84' lang='grc' dir='ltr'>Ἀγαπάν.</span> <span class='ocrx_word' id='word_1_240' title='bbox 558 1770 656 1819; x_wconf 76' lang='grc' dir='ltr'>ἀγαπῶντες</span> <span class='ocrx_word' id='word_1_241' title='bbox 669 1771 699 1807; x_wconf 83' lang='grc' dir='ltr'>τὸν</span> <span class='ocrx_word' id='word_1_242' title='bbox 710 1771 773 1818; x_wconf 77' lang='grc' dir='ltr'>ἐπιεικῆ</span> 
     </span>
     <span class='ocr_line' id='line_1_53' title="bbox 476 1822 816 1876; baseline 0.006 -15"><span class='ocrx_word' id='word_1_243' title='bbox 476 1824 545 1874; x_wconf 82' lang='grc' dir='ltr'>Πατέρα</span> <span class='ocrx_word' id='word_1_244' title='bbox 554 1824 604 1872; x_wconf 86' lang='grc' dir='ltr'>ἡμῶν.</span> <span class='ocrx_word' id='word_1_245' title='bbox 621 1822 700 1863; x_wconf 62' lang='grc' dir='ltr'>01θ11ιῙ</span> <span class='ocrx_word' id='word_1_246' title='bbox 711 1838 742 1876; x_wconf 86' lang='lat'>29.</span> <span class='ocrx_word' id='word_1_247' title='bbox 765 1826 784 1863; x_wconf 91' lang='grc' dir='ltr'>ἐν</span> <span class='ocrx_word' id='word_1_248' title='bbox 792 1828 816 1876; x_wconf 77' lang='grc' dir='ltr'>τῷ</span> 
     </span>
     <span class='ocr_line' id='line_1_54' title="bbox 475 1878 816 1930; baseline 0.006 -14"><span class='ocrx_word' id='word_1_249' title='bbox 475 1879 543 1930; x_wconf 81' lang='grc' dir='ltr'>ἀγαπᾶν</span> <span class='ocrx_word' id='word_1_250' title='bbox 556 1878 630 1918; x_wconf 77' lang='grc' dir='ltr'>ἑαυτούς.</span> <span class='ocrx_word' id='word_1_251' title='bbox 648 1879 670 1918; x_wconf 92' lang='grc' dir='ltr'>Π</span> <span class='ocrx_word' id='word_1_252' title='bbox 684 1893 701 1928; x_wconf 92' lang='lat'>4.</span> <span class='ocrx_word' id='word_1_253' title='bbox 731 1882 784 1918; x_wconf 81' lang='grc' dir='ltr'>ἐκεῖνα</span> <span class='ocrx_word' id='word_1_254' title='bbox 798 1881 816 1918; x_wconf 82' lang='grc' dir='ltr'>δὲ</span> 
     </span>
     <span class='ocr_line' id='line_1_55' title="bbox 476 1934 816 1986; baseline 0.006 -15"><span class='ocrx_word' id='word_1_255' title='bbox 476 1934 569 1984; x_wconf 82' lang='grc' dir='ltr'>ἀγαπῆσαι,</span> <span class='ocrx_word' id='word_1_256' title='bbox 579 1935 600 1972; x_wconf 82' lang='grc' dir='ltr'>τὰ</span> <span class='ocrx_word' id='word_1_257' title='bbox 609 1934 669 1985; x_wconf 82' lang='grc' dir='ltr'>ἀγαθά,</span> <span class='ocrx_word' id='word_1_258' title='bbox 681 1935 698 1974; x_wconf 93' lang='lat'>6.</span> <span class='ocrx_word' id='word_1_259' title='bbox 715 1935 816 1986; x_wconf 84' lang='grc' dir='ltr'>Ἀγαπῶμεν</span> 
     </span>
     <span class='ocr_line' id='line_1_56' title="bbox 476 1989 816 2039; baseline 0.006 -14"><span class='ocrx_word' id='word_1_260' title='bbox 476 1989 506 2026; x_wconf 83' lang='grc' dir='ltr'>σόν</span> <span class='ocrx_word' id='word_1_261' title='bbox 514 1989 606 2037; x_wconf 85' lang='grc' dir='ltr'>ἀλλήλους,</span> <span class='ocrx_word' id='word_1_262' title='bbox 624 2001 649 2039; x_wconf 80' lang='grc'>9.</span> <span class='ocrx_word' id='word_1_263' title='bbox 666 1989 765 2039; x_wconf 79' lang='grc' dir='ltr'>δνέόχομαι</span> <span class='ocrx_word' id='word_1_264' title='bbox 774 1991 816 2028; x_wconf 81' lang='grc' dir='ltr'>κατὰ</span> 
     </span>
     <span class='ocr_line' id='line_1_57' title="bbox 476 2043 815 2096; baseline 0.006 -15"><span class='ocrx_word' id='word_1_265' title='bbox 476 2043 544 2091; x_wconf 80' lang='grc' dir='ltr'>Ἰησοῦν</span> <span class='ocrx_word' id='word_1_266' title='bbox 552 2045 628 2094; x_wconf 85' lang='grc' dir='ltr'>Χριστὸν</span> <span class='ocrx_word' id='word_1_267' title='bbox 637 2046 680 2094; x_wconf 83' lang='grc' dir='ltr'>ὑμᾶς</span> <span class='ocrx_word' id='word_1_268' title='bbox 688 2046 759 2095; x_wconf 78' lang='grc' dir='ltr'>ἀγαπῶν.</span> <span class='ocrx_word' id='word_1_269' title='bbox 772 2044 815 2096; x_wconf 84' lang='lat' dir='ltr'>Ign.</span> 
     </span>
     <span class='ocr_line' id='line_1_58' title="bbox 477 2098 817 2150; baseline 0.006 -14"><span class='ocrx_word' id='word_1_270' title='bbox 477 2098 525 2150; x_wconf 82' lang='lat' dir='ltr'>Eph.</span> <span class='ocrx_word' id='word_1_271' title='bbox 539 2111 555 2137; x_wconf 90' lang='lat'>1.</span> <span class='ocrx_word' id='word_1_272' title='bbox 584 2100 620 2137; x_wconf 82' lang='grc' dir='ltr'>κατ’</span> <span class='ocrx_word' id='word_1_273' title='bbox 638 2101 693 2138; x_wconf 83' lang='grc' dir='ltr'>ἀλλον</span> <span class='ocrx_word' id='word_1_274' title='bbox 709 2101 749 2146; x_wconf 87' lang='grc' dir='ltr'>βίον</span> <span class='ocrx_word' id='word_1_275' title='bbox 767 2102 817 2138; x_wconf 78' lang='grc' dir='ltr'>οὐδὲν</span> 
     </span>
     <span class='ocr_line' id='line_1_59' title="bbox 476 2154 816 2204; baseline 0.006 -13"><span class='ocrx_word' id='word_1_276' title='bbox 476 2154 557 2204; x_wconf 87' lang='grc' dir='ltr'>ἀγαπᾶτε.</span> <span class='ocrx_word' id='word_1_277' title='bbox 574 2166 591 2204; x_wconf 88' lang='lat'>9.</span> <span class='ocrx_word' id='word_1_278' title='bbox 620 2154 630 2202; x_wconf 80' lang='grc' dir='ltr'>ἢ</span> <span class='ocrx_word' id='word_1_279' title='bbox 640 2155 670 2203; x_wconf 83' lang='grc' dir='ltr'>τὴν</span> <span class='ocrx_word' id='word_1_280' title='bbox 679 2155 776 2193; x_wconf 76' lang='grc' dir='ltr'>ἐνεστῶσαν</span> <span class='ocrx_word' id='word_1_281' title='bbox 784 2157 816 2204; x_wconf 87' lang='grc' dir='ltr'>χά-</span> 
     </span>
     <span class='ocr_line' id='line_1_60' title="bbox 475 2209 816 2259; baseline 0.006 -13"><span class='ocrx_word' id='word_1_282' title='bbox 475 2225 502 2259; x_wconf 92' lang='grc' dir='ltr'>ριν</span> <span class='ocrx_word' id='word_1_283' title='bbox 511 2209 630 2259; x_wconf 79' lang='grc' dir='ltr'>ἀγαπήσομεν.</span> <span class='ocrx_word' id='word_1_284' title='bbox 643 2222 672 2249; x_wconf 88' lang='grc'>11.</span> <span class='ocrx_word' id='word_1_285' title='bbox 688 2211 708 2257; x_wconf 85' lang='grc' dir='ltr'>ἐξ</span> <span class='ocrx_word' id='word_1_286' title='bbox 717 2211 741 2247; x_wconf 82' lang='grc' dir='ltr'>ῶν</span> <span class='ocrx_word' id='word_1_287' title='bbox 750 2211 816 2249; x_wconf 82' lang='grc' dir='ltr'>δικαίως</span> 
     </span>
     <span class='ocr_line' id='line_1_61' title="bbox 476 2265 815 2314; baseline 0 -13"><span class='ocrx_word' id='word_1_288' title='bbox 476 2265 567 2314; x_wconf 84' lang='grc' dir='ltr'>ἀγαπῶμεν</span> <span class='ocrx_word' id='word_1_289' title='bbox 575 2265 631 2302; x_wconf 82' lang='grc' dir='ltr'>αότόν.</span> <span class='ocrx_word' id='word_1_290' title='bbox 644 2273 674 2314; x_wconf 87' lang='lat'>15.</span> <span class='ocrx_word' id='word_1_291' title='bbox 701 2265 771 2314; x_wconf 86' lang='grc' dir='ltr'>ἀγαπῶν</span> <span class='ocrx_word' id='word_1_292' title='bbox 779 2272 815 2302; x_wconf 90' lang='grc' dir='ltr'>Πο-</span> 
     </span>
     <span class='ocr_line' id='line_1_62' title="bbox 476 2318 815 2368; baseline 0.003 -12"><span class='ocrx_word' id='word_1_293' title='bbox 476 2318 563 2368; x_wconf 89' lang='grc' dir='ltr'>λύκαρπον</span> <span class='ocrx_word' id='word_1_294' title='bbox 572 2320 595 2358; x_wconf 88' lang='grc' dir='ltr'>ῶς</span> <span class='ocrx_word' id='word_1_295' title='bbox 603 2318 631 2357; x_wconf 84' lang='grc' dir='ltr'>καί</span> <span class='ocrx_word' id='word_1_296' title='bbox 640 2321 686 2367; x_wconf 78' lang='grc' dir='ltr'>ὑμᾶς.</span> <span class='ocrx_word' id='word_1_297' title='bbox 699 2332 729 2358; x_wconf 80' lang='lat'>21.</span> <span class='ocrx_word' id='word_1_298' title='bbox 753 2322 773 2357; x_wconf 85' lang='grc' dir='ltr'>τὸ</span> <span class='ocrx_word' id='word_1_299' title='bbox 782 2322 815 2358; x_wconf 85' lang='grc' dir='ltr'>πᾶν</span> 
     </span>
     <span class='ocr_line' id='line_1_63' title="bbox 475 2374 814 2424; baseline -0.003 -12"><span class='ocrx_word' id='word_1_300' title='bbox 475 2375 542 2421; x_wconf 79' lang='grc' dir='ltr'>πλῆθος</span> <span class='ocrx_word' id='word_1_301' title='bbox 551 2374 638 2423; x_wconf 84' lang='grc' dir='ltr'>ἐθεώρησα</span> <span class='ocrx_word' id='word_1_302' title='bbox 647 2375 665 2412; x_wconf 87' lang='grc' dir='ltr'>ἐν</span> <span class='ocrx_word' id='word_1_303' title='bbox 670 2375 729 2413; x_wconf 91' lang='grc' dir='ltr'>πίστει</span> <span class='ocrx_word' id='word_1_304' title='bbox 737 2375 764 2411; x_wconf 84' lang='grc' dir='ltr'>καὶ</span> <span class='ocrx_word' id='word_1_305' title='bbox 773 2374 814 2424; x_wconf 86' lang='grc' dir='ltr'>ήγιί-</span> 
     </span>
     <span class='ocr_line' id='line_1_64' title="bbox 475 2428 815 2479; baseline 0 -13"><span class='ocrx_word' id='word_1_306' title='bbox 475 2444 528 2476; x_wconf 88' lang='grc' dir='ltr'>πησα.</span> <span class='ocrx_word' id='word_1_307' title='bbox 549 2428 614 2479; x_wconf 78' lang='lat' dir='ltr'>Magn.</span> <span class='ocrx_word' id='word_1_308' title='bbox 629 2428 646 2467; x_wconf 87' lang='lat'>6.</span> <span class='ocrx_word' id='word_1_309' title='bbox 675 2429 761 2477; x_wconf 78' lang='grc' dir='ltr'>ἀλλήλους</span> <span class='ocrx_word' id='word_1_310' title='bbox 779 2433 815 2466; x_wconf 89' lang='grc' dir='ltr'>δια-</span> 
     </span>
     <span class='ocr_line' id='line_1_65' title="bbox 475 2482 814 2533; baseline 0 -12"><span class='ocrx_word' id='word_1_311' title='bbox 475 2485 538 2522; x_wconf 83' lang='grc' dir='ltr'>παντὸς</span> <span class='ocrx_word' id='word_1_312' title='bbox 546 2483 626 2532; x_wconf 80' lang='grc' dir='ltr'>ἀγαπᾶτε.</span> <span class='ocrx_word' id='word_1_313' title='bbox 637 2482 662 2522; x_wconf 85' lang='lat' dir='ltr'>ib.</span> <span class='ocrx_word' id='word_1_314' title='bbox 684 2485 765 2532; x_wconf 80' lang='grc' dir='ltr'>ἐκκλησίᾳ</span> <span class='ocrx_word' id='word_1_315' title='bbox 773 2483 814 2533; x_wconf 83' lang='grc' dir='ltr'>ἢγα-</span> 
     </span>
     <span class='ocr_line' id='line_1_66' title="bbox 475 2536 813 2585; baseline 0.006 -10"><span class='ocrx_word' id='word_1_316' title='bbox 475 2538 546 2585; x_wconf 81' lang='grc' dir='ltr'>πημένη.</span> <span class='ocrx_word' id='word_1_317' title='bbox 565 2536 622 2575; x_wconf 78' lang='lat' dir='ltr'>Trall.</span> <span class='ocrx_word' id='word_1_318' title='bbox 640 2537 699 2577; x_wconf 74' lang='lat' dir='ltr'>Inscr.</span> <span class='ocrx_word' id='word_1_319' title='bbox 719 2542 738 2577; x_wconf 73' lang='lat' dir='ltr'>et</span> <span class='ocrx_word' id='word_1_320' title='bbox 756 2538 813 2577; x_wconf 81' lang='lat' dir='ltr'>Rom.</span> 
     </span>
     <span class='ocr_line' id='line_1_67' title="bbox 475 2592 814 2641; baseline 0.006 -11"><span class='ocrx_word' id='word_1_321' title='bbox 475 2592 535 2631; x_wconf 78' lang='lat' dir='ltr'>Insor.</span> <span class='ocrx_word' id='word_1_322' title='bbox 551 2592 570 2629; x_wconf 85' lang='grc' dir='ltr'>όν</span> <span class='ocrx_word' id='word_1_323' title='bbox 574 2593 663 2641; x_wconf 82' lang='grc' dir='ltr'>λογίζομαι</span> <span class='ocrx_word' id='word_1_324' title='bbox 673 2594 699 2631; x_wconf 78' lang='grc' dir='ltr'>καί</span> <span class='ocrx_word' id='word_1_325' title='bbox 708 2593 747 2632; x_wconf 81' lang='grc' dir='ltr'>τοὺς</span> <span class='ocrx_word' id='word_1_326' title='bbox 754 2594 814 2632; x_wconf 82' lang='grc' dir='ltr'>ἀθέους</span> 
     </span>
     <span class='ocr_line' id='line_1_68' title="bbox 475 2647 812 2698; baseline 0.009 -14"><span class='ocrx_word' id='word_1_327' title='bbox 475 2647 585 2697; x_wconf 88' lang='grc' dir='ltr'>ἐντρέπεσθαι</span> <span class='ocrx_word' id='word_1_328' title='bbox 601 2647 704 2697; x_wconf 84' lang='grc' dir='ltr'>ἀγαπῶντας.</span> <span class='ocrx_word' id='word_1_329' title='bbox 720 2647 777 2687; x_wconf 79' lang='lat' dir='ltr'>Trall.</span> <span class='ocrx_word' id='word_1_330' title='bbox 794 2661 812 2698; x_wconf 88' lang='grc'>3.</span> 
     </span>
     <span class='ocr_line' id='line_1_69' title="bbox 474 2703 814 2752; baseline 0.006 -13"><span class='ocrx_word' id='word_1_331' title='bbox 474 2703 543 2752; x_wconf 87' lang='grc' dir='ltr'>Ἀγαπῶ</span> <span class='ocrx_word' id='word_1_332' title='bbox 557 2703 629 2752; x_wconf 76' lang='grc' dir='ltr'>μὲνγὰρ</span> <span class='ocrx_word' id='word_1_333' title='bbox 638 2705 658 2740; x_wconf 82' lang='grc' dir='ltr'>τὸ</span> <span class='ocrx_word' id='word_1_334' title='bbox 669 2703 733 2741; x_wconf 81' lang='grc' dir='ltr'>παθεῖν,</span> <span class='ocrx_word' id='word_1_335' title='bbox 751 2715 768 2751; x_wconf 86' lang='lat'>4.</span> <span class='ocrx_word' id='word_1_336' title='bbox 798 2706 814 2741; x_wconf 81' lang='grc' dir='ltr'>οἱ</span> 
     </span>
     <span class='ocr_line' id='line_1_70' title="bbox 475 2756 813 2808; baseline 0.009 -14"><span class='ocrx_word' id='word_1_337' title='bbox 475 2757 509 2795; x_wconf 86' lang='grc' dir='ltr'>κατ’</span> <span class='ocrx_word' id='word_1_338' title='bbox 518 2757 571 2805; x_wconf 82' lang='grc' dir='ltr'>ἀνδρα</span> <span class='ocrx_word' id='word_1_339' title='bbox 584 2756 670 2803; x_wconf 90' lang='grc' dir='ltr'>ἀλλήλους</span> <span class='ocrx_word' id='word_1_340' title='bbox 683 2758 764 2807; x_wconf 85' lang='grc' dir='ltr'>ἀγαπᾶτε,</span> <span class='ocrx_word' id='word_1_341' title='bbox 783 2771 813 2808; x_wconf 84' lang='grc'>13.</span> 
     </span>
     <span class='ocr_line' id='line_1_71' title="bbox 474 2811 814 2862; baseline 0.009 -13"><span class='ocrx_word' id='word_1_342' title='bbox 474 2813 513 2849; x_wconf 90' lang='grc' dir='ltr'>λίαν</span> <span class='ocrx_word' id='word_1_343' title='bbox 524 2812 613 2860; x_wconf 78' lang='grc' dir='ltr'>ἐκκέχυμαι</span> <span class='ocrx_word' id='word_1_344' title='bbox 626 2811 696 2862; x_wconf 84' lang='grc' dir='ltr'>ἀγαπῶν</span> <span class='ocrx_word' id='word_1_345' title='bbox 707 2813 753 2861; x_wconf 77' lang='grc' dir='ltr'>ὑμᾶς.</span> <span class='ocrx_word' id='word_1_346' title='bbox 769 2812 814 2852; x_wconf 89' lang='lat' dir='ltr'>Phi·</span> 
     </span>
     <span class='ocr_line' id='line_1_72' title="bbox 474 2866 815 2919; baseline 0.003 -14"><span class='ocrx_word' id='word_1_347' title='bbox 474 2866 511 2905; x_wconf 75' lang='lat' dir='ltr'>lad.</span> <span class='ocrx_word' id='word_1_348' title='bbox 528 2875 545 2914; x_wconf 92' lang='lat'>5.</span> <span class='ocrx_word' id='word_1_349' title='bbox 574 2866 614 2905; x_wconf 78' lang='grc' dir='ltr'>τοὺς</span> <span class='ocrx_word' id='word_1_350' title='bbox 629 2867 719 2916; x_wconf 84' lang='grc' dir='ltr'>προφήτας</span> <span class='ocrx_word' id='word_1_351' title='bbox 735 2869 754 2906; x_wconf 87' lang='grc' dir='ltr'>δέ</span> <span class='ocrx_word' id='word_1_352' title='bbox 772 2869 815 2919; x_wconf 88' lang='grc' dir='ltr'>ἀγα-</span> 
     </span>
     <span class='ocr_line' id='line_1_73' title="bbox 474 2920 813 2975; baseline 0.012 -16"><span class='ocrx_word' id='word_1_353' title='bbox 474 2926 537 2970; x_wconf 92' lang='grc' dir='ltr'>πῶμεν.</span> <span class='ocrx_word' id='word_1_354' title='bbox 546 2920 571 2959; x_wconf 89' lang='lat' dir='ltr'>ib.</span> <span class='ocrx_word' id='word_1_355' title='bbox 593 2922 623 2968; x_wconf 84' lang='grc' dir='ltr'>τήν</span> <span class='ocrx_word' id='word_1_356' title='bbox 633 2922 694 2960; x_wconf 83' lang='grc' dir='ltr'>ἕνωσιν</span> <span class='ocrx_word' id='word_1_357' title='bbox 703 2923 784 2973; x_wconf 86' lang='grc' dir='ltr'>ἀγαπᾶτε.</span> <span class='ocrx_word' id='word_1_358' title='bbox 795 2933 813 2975; x_wconf 78' lang='lat'>7.</span> 
     </span>
     <span class='ocr_line' id='line_1_74' title="bbox 475 2977 814 3030; baseline 0.012 -16"><span class='ocrx_word' id='word_1_359' title='bbox 475 2977 556 3025; x_wconf 79' lang='grc' dir='ltr'>ἐκκλησίᾳ</span> <span class='ocrx_word' id='word_1_360' title='bbox 565 2979 609 3013; x_wconf 85' lang='grc' dir='ltr'>θεοῦ</span> <span class='ocrx_word' id='word_1_361' title='bbox 618 2978 686 3027; x_wconf 83' lang='grc' dir='ltr'>Πατρός</span> <span class='ocrx_word' id='word_1_362' title='bbox 695 2980 722 3016; x_wconf 79' lang='grc' dir='ltr'>καὶ</span> <span class='ocrx_word' id='word_1_363' title='bbox 732 2983 763 3017; x_wconf 84' lang='grc' dir='ltr'>τοῦ</span> <span class='ocrx_word' id='word_1_364' title='bbox 772 2979 814 3030; x_wconf 82' lang='grc' dir='ltr'>ἠγα-</span> 
     </span>
     <span class='ocr_line' id='line_1_75' title="bbox 474 3031 813 3086; baseline 0.018 -18"><span class='ocrx_word' id='word_1_365' title='bbox 474 3031 548 3079; x_wconf 81' lang='grc' dir='ltr'>πημένου</span> <span class='ocrx_word' id='word_1_366' title='bbox 564 3032 621 3079; x_wconf 85' lang='grc' dir='ltr'>Ἰησοῦ</span> <span class='ocrx_word' id='word_1_367' title='bbox 636 3037 718 3082; x_wconf 83' lang='grc' dir='ltr'>Χριστοῦ.</span> <span class='ocrx_word' id='word_1_368' title='bbox 738 3033 813 3086; x_wconf 78' lang='lat' dir='ltr'>Smyrn.</span> 
     </span>
     <span class='ocr_line' id='line_1_76' title="bbox 475 3086 815 3140; baseline 0.009 -16"><span class='ocrx_word' id='word_1_369' title='bbox 475 3086 535 3125; x_wconf 78' lang='lat' dir='ltr'>Inser.</span> <span class='ocrx_word' id='word_1_370' title='bbox 564 3087 659 3137; x_wconf 84' lang='grc' dir='ltr'>Συνέφερεν</span> <span class='ocrx_word' id='word_1_371' title='bbox 671 3089 690 3126; x_wconf 85' lang='grc' dir='ltr'>δέ</span> <span class='ocrx_word' id='word_1_372' title='bbox 703 3091 760 3129; x_wconf 77' lang='grc' dir='ltr'>αὐτοῖς</span> <span class='ocrx_word' id='word_1_373' title='bbox 773 3091 815 3140; x_wconf 86' lang='grc' dir='ltr'>ἀγα-</span> 
     </span>
    </p>
   </div>
   <div class='ocr_carea' id='block_1_6' title="bbox 0 0 970 3420">
    <p class='ocr_par' dir='ltr' id='par_1_14' title="bbox 0 0 970 3420">
     <span class='ocr_line' id='line_1_77' title="bbox 0 0 970 3420; baseline 0 1"><span class='ocrx_word' id='word_1_374' title='bbox 0 0 970 3420; x_wconf 95' lang='lat' dir='ltr'> </span> 
     </span>
    </p>
   </div>
  </div>
 </body>
</html>
