2017 3420
171 215 213 259 104

169 331 240 382 Πρᾶξις.
270 332 342 380 ἐνδόξων
354 333 475 381 μετειληφότες
489 334 532 382 πρά-

195 388 244 434 ξεων.
261 385 321 425 Olem.
336 386 347 425 I
362 399 379 438 9.
414 387 437 424 ‘H
451 389 534 438 μαρτυρία

195 443 225 489 τῆς
233 442 296 492 ἀγαθῆς
304 443 386 493 πράξεως.
401 454 432 492 30.

168 498 251 546 Πραότης.
270 497 280 544 ἡ
290 498 308 534 δὲ
316 500 391 547 πραότης
400 498 451 535 αὐτοῦ
460 496 533 542 δόναμις.

196 551 238 603 Ign.
250 550 306 591 ΤιόΙΙ.
318 565 335 602 3.
364 552 424 602 Χρήζω
438 551 468 589 οῦν
481 553 534 601 πραό-

195 623 250 655 τητος.
265 619 282 655 4.
325 608 364 647 τοῦς
385 606 494 656 λοιμοτέρους
516 607 534 644 ἐν

194 664 277 711 πραότητι
284 662 378 701 δτότασσε.
387 661 450 713 Polye.
460 674 476 700 2.
496 668 534 699 Μα-

195 716 312 767 κροθυμίησατε
327 717 358 755 οῦν
372 718 407 766 μετ’
421 716 501 765 ἀλλῆλων
516 718 534 754 ἐν

194 775 281 822 πραότητι.
298 773 315 811 6.

168 828 264 877 Πράσσειν.
293 831 348 865 Ταῦτα
357 828 390 877 γάρ
399 828 415 863 οἱ
427 828 534 877 πράσσοντες

196 883 282 932 στυγητοί.
302 882 361 921 Olem.
378 881 389 919 I
404 890 434 930 35.
482 884 534 919 ταῦτα

195 937 242 985 ἡμῶν
256 940 371 987 πρασσόντων
384 934 430 975 εἶπεν
443 938 452 973 ἀ
465 935 532 985 Κῦριος.

196 991 218 1030 Π
231 1004 250 1040 4.
285 993 303 1029 ἐν
316 994 336 1040 τῇ
351 993 401 1041 σαρκὶ
414 990 426 1027 τί
439 991 534 1041 ἐπράξαμεν

195 1048 266 1096 πονηρά.
277 1049 295 1086 8.
315 1048 329 1085 εί
336 1047 367 1094 μὲν
374 1046 422 1084 αὐτοὶ
428 1047 475 1094 μόνοι
481 1049 534 1083 ταῦτα

194 1103 290 1151 ἔπρασσον,
297 1095 437 1148 ἀνεκτόνῆνόΙο.
454 1101 534 1150 πράττειν

195 1158 341 1207 συναναγκάζεται.
356 1155 432 1207 Fragm.
444 1155 468 1194 vi.
498 1156 533 1194 ἐπι-

194 1214 283 1262 γινώσκων
291 1212 312 1249 δι’
320 1213 343 1248 ὧν
352 1211 370 1249 εῦ
381 1212 473 1261 πράσσετε.
488 1209 531 1262 Ign.

195 1265 246 1317 Eph.
256 1279 273 1314 4.
304 1281 342 1313 τινα
354 1268 462 1316 πράσσοντες
475 1266 534 1312 ἀνάξια

195 1326 245 1360 θεοῦ.
259 1329 277 1371 7.
306 1324 327 1359 Οἱ
338 1322 415 1371 σαρκικοί
427 1322 448 1357 τά
460 1336 533 1368 πνευμα-

194 1378 232 1415 τικά
245 1378 332 1426 πράσσειν
340 1377 360 1413 οὔ
372 1375 454 1413 δῦναντοι.
470 1376 487 1414 8.
509 1373 533 1412 ‘A

194 1433 213 1469 δὲ
223 1433 250 1470 καί
259 1432 300 1469 κατά
307 1433 363 1481 σάρκα
371 1433 465 1481 πράσσετε.
474 1429 500 1469 ib.
516 1432 534 1467 ἐν

194 1486 252 1534 Ἰησοῦ
258 1488 292 1536 γάρ
300 1489 370 1537 Χριστῷ
378 1487 432 1524 πάντα
438 1486 532 1534 πράσσετε.

194 1541 221 1581 ib.
244 1542 265 1579 δι’
282 1542 305 1579 ὧν
320 1542 431 1591 πράσσουσιν
446 1539 532 1589 ἀφθίρσον-

194 1612 226 1635 ται.
239 1609 269 1644 14.
296 1595 323 1633 ἵνα
335 1596 355 1633 δι’
365 1596 389 1633 ὧν
396 1598 448 1633 λαλεῖ·
456 1598 532 1645 πράσση.

197 1660 226 1701 15.
252 1653 268 1689 οἱ
285 1653 326 1689 κατὰ
342 1651 398 1701 σάρκα
411 1654 463 1688 ταῦτα
475 1652 533 1699 πράσ-

195 1722 260 1746 σοντες.
273 1706 303 1744 16.
333 1707 381 1743 άτινα
391 1706 409 1743 ἐν
417 1705 481 1754 ἡσυχίη
490 1707 533 1742 θεοῦ

194 1762 275 1811 ἐπράχθη.
289 1773 319 1811 19.
341 1761 395 1810 χωρίς
404 1760 422 1797 δέ
431 1761 485 1798 αὐτοῦ
491 1761 533 1798 πάν-

194 1832 216 1854 τα
223 1818 339 1866 πράσσουσιν.
349 1815 414 1866 Magn.
425 1828 442 1863 4.
467 1816 485 1852 ἐν
493 1817 533 1864 ὁμο-

196 1872 232 1920 νοίᾳ
246 1875 290 1909 Θεοῦ
299 1901 303 1910 .
312 1872 392 1910 ..πάντα
407 1872 499 1919 πράσσειν.
515 1870 531 1908 6.

195 1928 234 1964 ἀνευ
243 1930 273 1964 τοῦ
282 1927 385 1964 ἐπισκόπου.
394 1957 398 1964 .
407 1925 469 1973 ,μηδὲν
476 1926 532 1975 πράσ·

196 1997 241 2020 σετε.
258 1988 277 2030 7.
319 1982 361 2018 καθά
378 1981 485 2029 πράσσομεν.
502 1992 531 2018 10.

162 2067 163 2070 ,
194 2035 291 2086 πραχθέντα
300 2035 366 2082 ἀληθῶς
375 2036 401 2072 καὶ
409 2035 489 2079 βεβαίως.
502 2047 531 2073 ΙΙ.

195 2092 235 2129 ἄνευ
243 2094 274 2128 τοῦ
283 2091 375 2128 ἐπισκόπου
389 2090 441 2137 μηδὲν
449 2091 534 2138 πράσσειν

195 2148 242 2194 ὑμᾶς.
256 2144 313 2183 Trall.
329 2157 345 2182 2.
376 2147 386 2181 ὁ
399 2143 451 2193 χωρίς
464 2144 532 2182 ἐπισκό-

193 2216 239 2240 που.
248 2201 356 2250 ..πράσσων
365 2214 386 2236 τι.
402 2207 419 2248 7.
447 2197 474 2235 ἵνα
485 2197 494 2235 δ
505 2200 534 2236 ἐὰν

194 2257 285 2306 πράσσητε
308 2255 350 2292 κατὰ
373 2255 417 2291 θεὸν
438 2254 533 2302 πράσσητε.

194 2309 267 2349 Ρίιίίοά.
286 2323 303 2358 4.
346 2309 398 2358 μηδέν
413 2308 448 2346 κατ’
464 2308 535 2358 ἐριθείαν

194 2367 286 2416 πράσσειν.
301 2366 318 2404 8.
354 2365 376 2417 Πῖ
392 2364 426 2414 γάρ
443 2364 463 2400 τδ
481 2363 534 2401 δοκεῖν

194 2424 246 2458 ταῦτα
267 2420 343 2471 ἐπράχθη
361 2420 443 2457 ῦπάτοῦ
463 2420 532 2467 Κυρίου.

194 2475 270 2527 Smyrn.
287 2488 304 2523 4.
351 2475 415 2522 Μηδεὶς
432 2474 486 2523 χωρίς
503 2476 533 2511 τοῦ

194 2532 288 2569 ἐπισκόπου
304 2546 321 2568 τι
339 2530 440 2580 πρασσέτω.
457 2530 475 2566 8.
512 2527 532 2566 ’ἶν’

194 2586 274 2635 ἀσφαλές
289 2583 313 2632 ᾖ.
325 2615 329 2624 .
341 2613 345 2622 .
355 2587 389 2623 πᾶν
404 2583 414 2620 δ
429 2584 532 2634 πράσσεται.

194 2640 218 2680 ib.
237 2644 247 2678 ὁ
263 2641 319 2689 λάθρα
334 2641 427 2678 ἐπισκόπου
443 2640 460 2676 τί
475 2639 532 2687 πράσ-

194 2712 235 2735 σων.
246 2708 265 2746 9.
294 2695 375 2732 θέλουσιν
387 2696 421 2744 γὰρ
435 2695 474 2741 ὑμῖν
486 2693 505 2730 εῦ
517 2708 534 2730 τι

193 2752 285 2801 πράσσειν.
298 2761 327 2787 11.
355 2750 396 2797 μηδὲ
406 2750 429 2786 σὺ
440 2749 479 2786 ἀνευ
489 2750 533 2785 θεοῦ

193 2823 210 2844 τι
227 2808 303 2856 πρᾶσσε·
323 2804 365 2854 άπερ
383 2805 422 2842 οὐδὲ
440 2805 531 2853 πράσσεις.

193 2861 257 2912 Polyc.
269 2875 287 2909 4.

166 2917 281 2967 Πραῦπάθεια.
303 2914 359 2962 Ὑμεῖς
372 2913 402 2951 οῦν
412 2914 442 2962 τὴν
452 2914 530 2961 πραῦπά-
549 2930 555 2940 .

193 2973 240 3009 θειαν
248 2971 366 3015 ἀναλαβόντες.
382 2969 425 3021 Igu.
436 2967 492 3007 Trall.
504 2969 521 3006 8.

165 3024 231 3076 Πραῦς.
253 3027 296 3075 πρὸς
309 3026 339 3063 τὰς
352 3025 405 3074 ὀργάς
418 3025 472 3062 αῦτῶν
485 3025 532 3072 ὑμεῖς

192 3084 257 3132 πραεῖς.
271 3080 313 3132 Ign.
324 3079 375 3130 Eph.
385 3092 414 3117 10.

406 215 504 284 INDEX
519 215 691 260 VERBORUM

561 330 646 383 Πραάτης.
673 333 693 370 τό
705 331 926 384 ἀκέραιον’τῆς’πραότητος

587 388 642 425 αι’ντῶν
650 387 734 436 βούλημα.
748 386 808 427 Olem.
819 388 830 428 I
841 401 872 428 21.
890 390 926 428 ε’πι-

573 445 575 449 ’
588 444 692 481 είκεια,..ιιαί
704 441 779 493 πραότης
792 446 838 494 παρὰ
850 448 885 483 τοῖς
897 446 924 482 εά-

588 497 686 548 λαχημένοις
695 498 728 535 ῦπδ
737 501 767 535 τοῦ
774 502 825 537 θεοῦ,
841 512 874 549 30.

561 553 639 602 Πρέπειν.
658 554 727 603 Πρέπον
736 553 765 591 οῦν
775 554 813 592 ἐστι
821 556 863 592 κοτίι
871 555 926 593 πάντα
950 563 953 568 ’

587 609 650 657 τρόπον
659 608 734 660 δοξάζειν
738 607 810 656 Ἰησοῦν.
824 608 867 660 Ign.
874 608 924 661 Eph.

589 674 606 700 2.
632 662 759 712 Ὅθενπρέπει
773 664 811 711 ὑμῖν
827 665 925 714 συντρέχειν

587 720 607 766 τῇ
616 721 647 755 τοῦ
657 718 749 756 ἐπισκόπου
758 720 820 767 γνώμη.
833 732 850 766 4.
869 721 926 769 Χωρλς

587 771 647 810 τοῦτου
665 773 716 820 μηδὲν
734 774 773 820 ὑμῖν
793 773 876 822 πρεπέτω.
894 786 924 812 11.

588 828 620 864 Καί
632 828 671 875 ὑμῖν
679 828 698 864 δέ
706 827 767 877 πρέπει
780 829 803 876 μὴ
815 830 925 879 συγχράσθαι

587 885 607 930 τῇ
617 881 671 930 ἡλικίη
680 885 710 919 τοῦ
719 883 818 921 ἐπισκόπου.
832 883 897 936 Magn.
906 897 924 934 3.

587 939 653 987 πρέπον
664 938 711 974 ἐστίν
723 937 809 975 ἐπακούειν
821 940 862 976 κατὰ
874 940 924 988 μηδε-

587 992 627 1039 μίαν
644 992 738 1040 ῦπόκρισιν.
753 991 778 1030 ib.
808 993 877 1041 Πρέπον
895 994 925 1032 οῦν

587 1047 635 1084 ε’στιν
648 1047 736 1095 μὴμόνον
749 1048 837 1086 καλεῖσθαι
853 1055 924 1098 Χριστι·

587 1101 641 1141 ανοίς.
657 1115 674 1149 4.
709 1101 774 1150 Πρέπει
789 1103 823 1153 γάρ
837 1103 876 1151 ὑμῖν
889 1107 925 1142 τοῖς

587 1156 625 1194 καθ’
634 1157 668 1194 ἕνα.
684 1155 741 1195 Trall.
754 1169 783 1195 12.
817 1158 847 1196 οῦς
860 1158 924 1208 πρέπον

586 1213 625 1259 ὑμῖν
638 1212 686 1249 ἐστιν
698 1212 740 1248 κατὰ
755 1213 809 1250 πάντα
823 1213 923 1251 ἀναπαῦσαι.

587 1265 643 1305 Rom.
654 1278 683 1305 10.
711 1266 776 1315 πρέπον
789 1268 837 1304 ἐστὶν
848 1268 895 1314 ὑμῖν.
904 1296 923 1307 ..

586 1323 703 1370 χειροτονῆσαι
715 1322 794 1360 διάκονον.
809 1320 882 1361 Philad.
893 1335 923 1361 10.

587 1376 656 1425 Πρέπον
671 1375 701 1413 οῦν
718 1376 765 1414 ἐστιν
781 1377 875 1426 ἀπέχεσθαι
891 1382 925 1416 τῶν

587 1430 672 1469 τοιοῦτον.
687 1430 762 1482 Smyrn.
776 1439 793 1481 7.
824 1433 885 1481 πρέπει
899 1434 925 1471 εἶς

586 1486 635 1533 τιμὴν
642 1489 685 1524 Θεοῦ
694 1488 816 1535 χειροτονῆσαι.
829 1499 859 1525 11.
878 1488 924 1537 Πρέ-
948 1495 950 1498 “

587 1556 615 1579 πει
635 1541 654 1578 δέ
671 1543 706 1579 τοῖς
727 1545 806 1590 γαμοῦσι.
825 1540 889 1593 Polyc.
905 1551 922 1591 5.

576 1621 578 1625 .
587 1596 652 1645 Πρέπει
662 1627 678 1635 ,,
687 1624 690 1633 .
699 1595 805 1643 συμβούλιον
813 1596 886 1646 ἀγαγεῖν.
898 1605 916 1646 7.

560 1651 655 1700 Πρεσβεία.
672 1651 696 1689 είς
702 1652 722 1688 τό
728 1654 836 1700 πρεσβεῦσαι
843 1653 924 1689 ἐκεῖθεοῦ

587 1706 685 1755 πρεσβείαν.
701 1705 743 1757 Igu.
754 1704 827 1744 Philad.
837 1718 866 1745 10.

561 1760 672 1809 Πρεσβεῦειν.
692 1762 715 1799 εἷς
724 1762 743 1797 τὸ
752 1763 866 1810 πρεσβεῦσαι,
882 1761 922 1813 [gn.

588 1814 663 1853 Philad.
673 1828 702 1854 10.
731 1814 764 1853 ε’ίτε
776 1815 795 1853 δν
807 1816 872 1865 πέμψω
882 1833 923 1867 πρε-

588 1870 690 1920 σβεῦσοντα.
705 1869 769 1921 Polyc.
780 1868 828 1909 Phil.
839 1883 868 1920 13.

560 1925 694 1975 Πρεσβυτέριον.
717 1925 847 1973 ἐπιτασσόμενοι
856 1930 880 1978 τῷ
888 1927 924 1964 ἐπι-

587 1982 646 2032 σκόπιρ
662 1981 689 2017 καὶ
702 1982 726 2031 τῷ
739 1981 864 2031 πρεσβυτερίιρ.
881 1981 923 2032 Igu.

587 2033 636 2085 Eph.
653 2047 671 2073 2.
705 2036 729 2072 Τδ
751 2035 784 2085 γάρ
802 2035 925 2084 ἀξιονόμαστον

587 2089 768 2139 ῦμῶνπρεσβυτέριον.
783 2103 801 2138 4.
820 2092 844 2129 εἷς
852 2092 872 2128 τό
881 2092 923 2129 ῦπα-

587 2144 641 2182 κοῦειν
657 2146 699 2192 ῦμάς
713 2148 737 2195 τῷ
754 2146 840 2196 ἐπισκόπιρ
858 2146 885 2183 καί
901 2148 925 2197 τῷ

586 2200 711 2249 πρεσβυτερίῳ.
727 2212 758 2238 2ο.
778 2200 837 2251 καὶτῷ
845 2203 923 2250 πρεσβυ-

587 2253 636 2305 τερίῳ
654 2255 677 2293 ὣς
699 2256 744 2305 νόμῳ
761 2254 818 2302 Ἰησοῦ
840 2259 922 2305 Χριστοῦ.

588 2307 652 2360 Magn.
668 2321 685 2347 2.
715 2311 742 2346 καὶ
756 2309 858 2356 ἀξιοπλόκου
873 2326 924 2349 πνευ-

587 2367 657 2412 ματικοῦ
674 2365 762 2414 στεφάνου
778 2367 809 2402 τοῦ
826 2367 924 2414 πρεσβυτε-

586 2418 630 2468 ρίου.
647 2430 676 2468 13.
711 2420 841 2457 ὑποτάσσεσθαι
858 2421 885 2458 καὶ
900 2422 924 2472 τῷ

587 2474 706 2525 πρεσβυτερίῷ
724 2475 746 2513 ὧς
761 2477 797 2513 τοῖς
814 2475 924 2514 ἀποστόλοις.
950 2469 952 2476 ¹

587 2527 645 2567 Trall.
659 2541 676 2566 2.
704 2530 778 2579 ὁχωρίς
791 2530 884 2568 ἐπισκόπου
897 2531 924 2567 καί

586 2583 711 2634 πρεσβυτερίου
718 2585 745 2621 καί
755 2585 830 2622 διακόνου
839 2586 924 2634 πράσσων

586 2654 607 2675 τι.
619 2646 637 2687 7.
661 2639 721 2686 ὁμοίως
730 2640 789 2690 καὶτῷ
798 2641 923 2691 πρεσβυτερίιρ.

590 2705 619 2742 13.
646 2693 680 2741 ἀρα
689 2696 713 2745 τῷ
722 2695 840 2745 πρεσβυτερίῳ
851 2696 878 2732 καὶ
889 2696 924 2732 διει-

587 2749 640 2786 κάνοις
646 2751 680 2788 τοῖς
689 2748 788 2788 συνδούλοις
797 2765 835 2798 μου.
849 2748 923 2787 Ρίιίίειᾶ.

587 2815 605 2850 4.
633 2805 668 2841 τοῖς
680 2803 783 2843 ἀποστόλοις
794 2805 816 2843 ὡς
828 2807 924 2853 πρεσβυτε-

586 2858 618 2908 ρίῳ
633 2857 726 2905 ἐκκλησίας.
741 2866 759 2906 5.
795 2862 822 2910 Τῷ
836 2860 924 2911 ἐπισκόπεμ

586 2912 687 2963 προσέχετε,
697 2915 723 2951 καὶ
732 2917 756 2965 τῷ
766 2915 891 2965 πρεσβυτερίιρ.
905 2923 923 2964 7.

586 2971 610 3019 τῷ
625 2968 743 3019 πρεσβυτερίιρ
759 2969 782 3007 ὡς
796 2971 831 3008 τοῖς
849 2969 923 3007 ἀποστό-

585 3024 627 3061 λοις.
642 3020 716 3074 Smyrn.
733 3024 750 3061 8.
777 3024 924 3074 θεοπρεπέστατον

585 3078 713 3129 πρεσβυτέριον.
731 3090 760 3116 12.
