1958 3490
311 224 354 267 AD
369 223 564 276 CORINTHIOS,
574 223 611 266 xli.
779 223 817 265 151

119 343 256 394 offeruntur
275 339 536 406 saorifioiaperpetua,
555 338 596 388 vel
615 338 706 396 votiva,
719 336 760 387 vel
776 355 820 404 pro

113 419 224 488 ‘peccatis
252 422 279 467 et
301 416 403 476 delictis,
427 416 471 466 sed
498 415 676 483 Hierosolymis
702 420 819 476 tantum

119 516 199 565 neque
215 495 265 545 illio
281 484 308 544 in
327 495 415 562 quovis
431 494 484 545 looo
500 494 531 544 fit
542 494 639 554 oblatio,
655 493 699 545 sed
715 494 742 543 in
758 493 821 543 atrio

119 575 206 643 templi
217 573 249 624 ad
260 573 344 633 uitare,
356 573 488 641 diiigenter
498 572 568 640 prius
579 573 689 640 inspecto
705 571 821 622 sacrificio

119 674 134 705 a
153 671 248 705 summo
268 652 400 713 sacerdote,
421 650 736 719 etpraediotisministris
771 650 822 713 Qui
829 659 884 749 {segit-
892 660 927 693 xvii

118 809 218 860 βραχυτάτῃ
226 806 311 857 χρήσηται
319 809 375 855 λώβῃ·
390 809 417 853 καὶ
430 808 455 846 τί·
484 805 503 847 S.
514 805 612 859 Polycarp.
627 805 689 858 Epist.
702 804 726 844 ad
736 804 819 858 Philipp.

119 879 148 902 νας
163 865 189 901 δεῖ
204 861 295 901 satiasse
310 862 336 901 ἐπ’
349 864 391 900 αὐτὸ
404 866 456 901 τοῦτο
484 862 523 913 §4,
532 864 588 901 πάντα
595 864 738 911 μωμοσκσπεῖται
811 886 814 893 ·

118 920 221 968 χειροτονεῖν
228 918 248 954 τὸ
260 918 315 967 ἔργον,
325 916 354 956 οὓς
368 918 408 955 ἔνιοι
421 933 456 965 μω·
511 925 528 966 5.
538 916 572 965 fbtd
590 922 621 955 τοῦ
639 912 738 969 ἀρχιερέως]
760 913 820 954 Forte

118 974 216 1021 μυσκόπους
228 971 382 1021 ὄνομάζουσιν,’ἵνα
395 973 456 1020 ίίμωμα
482 971 585 1023 legendum
596 975 625 1011 est
639 973 702 1022 ἱερέως,
711 982 771 1022 quum
786 969 820 1010 Sa·

119 1029 146 1065 καὶ
155 1028 204 1075 ἀσινῆ
213 1029 321 1076 προσογῆται
332 1030 356 1078 τῷ
369 1030 423 1079 βωμῷ
433 1028 455 1065 τὰ
482 1026 582 1069 eerdotum
591 1025 687 1066 inferioris
699 1024 771 1064 ordinis
784 1038 819 1076 po-

119 1084 176 1132 ίερεῖα·
185 1097 199 1120 κ,
207 1097 223 1119 r.
231 1083 247 1120 λ.
257 1080 291 1120 ubi
300 1081 384 1121 nominis
395 1081 454 1121 ratio·
481 1081 521 1121 tius
530 1094 588 1133 qnam
597 1081 668 1121 summi
678 1079 787 1121 Sacerdotis
794 1079 820 1120 sit

118 1149 163 1175 nem
178 1136 279 1175 observare
297 1135 348 1185 licet,
365 1140 386 1176 et
403 1136 454 1188 quod
481 1138 511 1176 τὰς
529 1136 590 1176 θυσίας
607 1139 731 1185 μωμοσκοπεῖν,
764 1135 819 1174 Ηαου

59 1238 61 1241 .
118 1190 248 1242 infrequenter
261 1194 307 1230 ante
322 1190 392 1242 ipsum,
407 1196 427 1231 et
437 1205 454 1241 ,ο
481 1204 526 1231 saue
535 1189 828 1244 itedisplioueruntAnonymo

118 1245 315 1296 quibusdsmtantum
323 1250 453 1298 usurparetur.
484 1244 599 1300 [Bernardo]
612 1250 682 1286 utnon
695 1245 781 1298 potnerit
790 1258 819 1285 se-

119 1299 207 1339 Olemens
217 1297 272 1339 Alex.
280 1299 350 1340 Strom,
358 1300 384 1350 iv,
395 1299 413 1355 [ξ
424 1303 454 1350 18,
463 1340 466 1347 ,-
481 1301 545 1353 ipsum
550 1305 662 1353 temperare,
668 1300 715 1354 quin
722 1314 757 1352 pro
764 1314 819 1340 more

118 1368 136 1406 p.
149 1357 186 1405 617
200 1354 228 1394 ed.
239 1353 321 1409 Potter.]
336 1355 380 1404 ἦσαν
392 1358 410 1393 δὲ
424 1357 455 1394 κᾶν
481 1369 521 1405 suo,
531 1356 578 1408 quid
586 1356 647 1408 possit
656 1368 688 1396 ors
697 1355 769 1405 critica,
778 1356 818 1394 fru-

118 1413 155 1449 ταῖς
164 1414 198 1448 τῶν
206 1410 270 1447 θυσιῶν
278 1414 400 1461 προσαγωγαῖς
408 1413 455 1461 παρὰ
481 1415 521 1450 stra
534 1411 620 1451 tentarit.
649 1410 717 1464 Inquit
727 1410 779 1450 enim
793 1410 818 1449 ad

118 1467 142 1516 τῷ
156 1466 200 1515 νόμῳ
214 1466 230 1502 οἶ
243 1469 277 1502 τῶν
287 1465 350 1514 ἱερείων
363 1468 453 1514 μωμοσκό-
481 1466 545 1505 loeum
563 1479 574 1505 a
592 1467 726 1514 μωμυσκοπηθέν
741 1465 766 1504 ad
782 1468 818 1503 λει-

53 1534 55 1537 ·
118 1535 153 1557 ποι.
181 1519 208 1558 Et
224 1517 377 1570 Ohrysostomus,
394 1519 452 1560 Hom.
481 1520 638 1571 rovpyaa‘Haec
652 1534 676 1560 ex
690 1520 749 1559 elem.
760 1519 816 1559 Alex.

118 1586 146 1611 xx
164 1573 184 1612 in
202 1573 238 1625 Ep.
254 1573 279 1612 ad
292 1573 390 1614 Romanos
408 1573 427 1628 [ξ
442 1588 452 1613 2
482 1578 514 1627 ίρ.
525 1584 563 1624 521
573 1576 589 1614 B
598 1575 648 1615 male
657 1575 759 1614 immutata
768 1575 818 1615 efflo-

119 1627 169 1679 Opp.
179 1632 225 1667 tom.
236 1627 258 1666 ix
270 1641 289 1679 p.
300 1629 338 1679 657
354 1629 383 1669 ed,
394 1627 450 1684 Bon]
482 1632 560 1682 ‘taque¹
583 1629 637 1669 Nam
646 1634 666 1670 et
675 1629 725 1669 male
733 1629 765 1669 hio
773 1629 818 1670 hae·

117 1682 142 1721 de
151 1682 228 1733 praevia
238 1682 379 1723 examinatione
387 1689 454 1724 nostra
482 1686 540 1724 ‘rent
557 1684 592 1724 vix
610 1684 688 1737 quidem
704 1684 782 1734 Graeca,
798 1689 818 1725 et

118 1737 203 1789 eorporis
214 1741 234 1776 et
243 1737 308 1786 animi,
317 1742 421 1791 antequam
430 1738 454 1778 ad
482 1741 487 1761 ‘
496 1739 619 1778 falsissimum
628 1740 701 1788 dieunt,
710 1739 782 1779 seilicet
789 1740 818 1779 fu-

118 1790 196 1831 Saorsm
206 1791 292 1843 Synaxin
303 1793 392 1833 accedere
400 1807 454 1845 prae-
482 1794 533 1834 ‘isse
542 1794 613 1833 summi
624 1799 644 1834 et
653 1798 772 1834 caeterorum
785 1794 819 1835 sa-

118 1859 221 1895 sumsmus,
236 1846 263 1886 sio
278 1847 358 1887 scribit:
375 1850 406 1887 Διὸ
420 1849 454 1899 χρὴ
482 1849 598 1889 ‘cerdotum
612 1862 634 1889 οο
650 1848 762 1890 Levitarum
778 1863 819 1890 esse

118 1903 224 1950 πανταχόθεν
231 1904 409 1950 μωμοσκοπεῖσθαιτὸ
419 1908 454 1942 σῶ-
482 1904 632 1953 ‘prouocemus'
660 1904 713 1955 Quid
726 1904 763 1944 sibi
772 1905 820 1946 velit

117 1971 141 2003 μα
150 1958 170 1993 τὸ
179 1957 264 2005 ἡμέτερον·
278 1958 293 1994 εί
305 1958 339 2008 γὰρ
350 1960 367 1996 οἱ
379 1959 409 1997 τὰς
421 1975 454 1997 αα·
481 1958 545 1998 neseio
563 1972 614 2009 sane,
629 1959 667 1999 nisi
685 1959 737 2011 quod
755 1960 820 2000 omnia

118 2011 168 2050 λσίας
182 2010 295 2060 ἀναφέροντες
311 2013 373 2052 θυσίας
388 2013 455 2051 ἐκελεῦ-
482 2026 559 2065 osrpere
569 2014 586 2054 ei
595 2014 616 2053 in
625 2014 689 2054 animo
697 2019 730 2054 est.
747 2014 767 2063 Si
775 2029 819 2054 oon-

118 2081 157 2102 οντο
166 2067 220 2104 πάντα
228 2070 354 2116 περισκοπεῖν,.
365 2096 370 2106 .
381 2070 454 2120 ,πολλῷ
481 2069 584 2108 nexionem
598 2083 717 2122 quaeramus
729 2070 746 2109 si
760 2070 819 2110 Gree-

117 2122 185 2167 μάλλον
206 2121 255 2168 ἡμᾶς,
273 2122 313 2160 τοὺς
335 2123 355 2159 οὔ
376 2125 455 2173 πρόβατα
482 2136 514 2163 eae
528 2124 605 2176 linguae
617 2125 761 2177 proprietatem,
770 2126 819 2165 nihil

118 2174 179 2231 ἄλογα,
194 2175 233 2213 ἀλλ’
249 2177 319 2216 ἑαυτοὺς
334 2177 455 2228 ἀναφέροντας,
482 2183 511 2218 est
520 2179 544 2218 ab
554 2193 576 2219 ea
583 2179 666 2219 alienum
670 2194 677 2230 3
685 2179 702 2219 si
711 2184 820 2220 accuratam

118 2230 190 2268 πλείονα
217 2231 305 2280 ἀκρίβειαν
330 2232 455 2271 ἐπιδείκνυσθαι
482 2233 573 2285 legalium
591 2234 665 2274 rituum
683 2235 818 2287 cognitionem,

117 2285 157 2332 χρὴ,
167 2286 194 2322 καὶ
202 2285 358 2335 πανταχόθενεῖναι
366 2288 454 2337 καθαρούς.
483 2302 550 2328 eorum
567 2290 632 2341 potuit
650 2303 690 2330 esse
710 2304 749 2329 non
771 2291 819 2341 adeo

118 2337 145 2378 Et
162 2338 235 2379 Hom'il.
248 2339 276 2379 vii
291 2340 312 2380 in
325 2341 361 2393 Ep.
377 2342 402 2381 ad
415 2342 455 2382 He·
482 2344 561 2395 peritus,
570 2349 593 2384 ut
602 2349 654 2384 certo
668 2345 716 2385 suist
727 2345 780 2397 cujus
794 2347 819 2387 sit

117 2392 197 2434 braeos:
218 2397 251 2432 Διά
267 2400 318 2434 τοῦτο
333 2399 360 2434 καὶ
377 2400 386 2434 ὁ
402 2399 455 2447 ἱερεὺς
482 2403 605 2447 μωμοσκυπεῖν.
635 2399 669 2440 Sin
680 2413 716 2452 pro
727 2401 819 2451 ἀρχιερέως

117 2448 201 2498 ἐπιφωνεῖ
214 2452 253 2488 τότε
266 2451 306 2491 τοὺς
321 2453 379 2501 ἁγίους
394 2455 454 2498 καλῶν,
482 2453 558 2505 legatur
572 2455 633 2504 ἱερέως,
650 2455 714 2494 omnia
732 2467 752 2494 se
766 2460 818 2502 reete

118 2504 144 2540 καί
154 2505 181 2554 διὰ
190 2507 287 2554 τῆςφωνῆς
295 2506 356 2555 ταύτης
364 2523 455 2556 μυμοσκο-
482 2508 566 2548 habent:
585 2509 644 2548 immo
660 2522 736 2548 summo
752 2509 818 2549 Sacer-

117 2562 155 2595 πῶν
165 2560 244 2603 ἅπαντας,
255 2562 302 2599 ὣστε
314 2562 338 2610 μὴ
351 2563 455 2611 προσελθεῖν
482 2563 524 2603 doti
533 2563 613 2615 aliquali
619 2564 677 2603 modo
684 2564 743 2604 tribui
752 2569 817 2616 potest

117 2613 154 2653 τινὰ
172 2614 291 2664 ἀπαράσκευον
309 2632 323 2656 κ,
340 2633 355 2656 τ.
371 2620 388 2655 λ.
412 2617 455 2657 JU-
481 2618 518 2657 hoe
536 2618 619 2657 officium
639 2623 670 2657 τοῦ
691 2624 816 2668 μωμοσκοπεῖν,

117 2665 190 2707 NIUs.
220 2673 355 2718 Μωμοσκόπονς,
370 2684 403 2711 eos
416 2672 455 2712 vio·
482 2686 542 2725 quum
551 2673 591 2725 ejus
601 2673 626 2712 sit
635 2672 714 2726 singulis
724 2673 816 2714 Sacerdo-

116 2719 209 2761 timarum
213 2725 332 2776 probatores,
338 2729 454 2778 μοσχοσφρα-
481 2728 533 2767 tibus
543 2732 562 2767 et
572 2728 650 2777 Levitis,
660 2727 693 2780 qui
702 2728 758 2767 altari
767 2733 817 2768 tem-

103 2802 104 2806 ,
116 2777 178 2824 γιστιίς
187 2783 265 2818 vocatos
273 2780 359 2821 invenies
368 2781 389 2820 in
398 2782 430 2821 lib.
442 2796 454 2831 4
481 2782 551 2835 pioque
559 2782 681 2832 adsistebant,
691 2796 760 2822 munus
771 2797 816 2836 pro·

117 2828 219 2882 Porphyrii
240 2834 264 2873 de
283 2834 407 2876 Abstinentia
430 2838 454 2876 ab
481 2837 546 2889 prium
557 2837 676 2887 demandare,
686 2841 706 2877 et
715 2851 782 2878 curare
795 2844 818 2880 ut

116 2883 211 2948 animatis
223 2887 315 2930 eoTnL.
335 2891 379 2932 Vid.
390 2892 453 2933 Levit.
481 2892 551 2940 omnia,
561 2905 609 2944 quae
622 2892 647 2931 ad
657 2893 751 2944 tempium
765 2908 818 2946 speo-

117 2939 159 2978 xxri
172 2953 203 2990 21,
215 2942 285 2993 ἄμωμον
298 2948 347 2985 ἔσται
363 2949 454 2993 εἶσδεκτόν,
481 2947 554 2996 tabant,
560 2947 598 2987 rite
604 2951 725 3000 peragantur.
733 2949 816 2991 WOTT.

117 2996 150 3034 πᾶς
163 3000 220 3044 μῶμος
234 3000 264 3036 οὐκ
275 3002 324 3039 ἔσται
338 3003 356 3040 ἐν
370 3004 420 3054 αὐτῷ,
435 3006 455 3042 et
483 3001 603 3043 subtilitates
626 3002 744 3044 Judaeorum
768 3005 819 3046 cirea
