1958 3490
320 243 362 285 AD
376 234 573 294 CORINTHIOS,
588 257 623 284 xx.
797 241 824 287 91

122 361 210 429 ‘ipsum
226 365 286 410 sunt
301 360 393 419 mundi,
405 359 497 410 eisdem
508 357 609 408 Domini
626 356 827 424 dispositionibus

127 438 302 507 gubernantur.
332 438 447 498 Vernae,
472 438 586 496 aestivae,
616 434 778 494 autumnales,
802 440 829 484 et

127 516 251 584 hyemales
262 522 429 584 tempestates,
438 517 465 567 in
476 534 535 584 pace
546 515 608 566 aliae
619 514 674 565 aliis
686 513 826 564 succedunt.

127 595 266 645 Ventorum
282 595 402 646 stationes
419 594 536 662 peculiari
552 611 597 645 suo
610 599 721 660 tempore
736 610 828 641 munus

126 691 200 723 sumn
215 673 267 723 sine
281 673 425 724 offendiculo
440 674 537 724 obeunt.
573 672 665 722 Fontes
683 671 758 721 etiam
773 689 828 738 per·

126 769 208 811 canes,
226 751 258 802 ad
273 770 346 802 usum
363 758 389 802 et
405 752 537 802 sanitatem
551 751 616 810 facti,
628 751 704 801 ubera
719 751 777 801 sine,
786 750 828 800 de-

126 831 193 880 fectu
204 831 236 881 ad
247 831 326 881 vitam
341 831 469 881 hominum
486 831 675 881 sustentandam
692 828 826 897 praebent;

126 915 152 959 et
163 908 277 960 ammalia
288 910 390 960 minima
400 909 427 959 in
437 927 496 977 pace
508 915 534 959 et
545 908 672 959 concordia
684 925 827 975 congressus

126 1044 181 1096 <ejus
198 1044 271 1097 gratiae
289 1045 361 1095 habuit,
379 1050 402 1086 ut
417 1059 461 1085 eum
488 1058 527 1084 non
545 1043 622 1097 penitus
641 1043 687 1083 ‘ubi
704 1043 746 1082 vult
766 1042 827 1094 spirat

126 1100 222 1139 ‘ulterius
231 1100 287 1140 Orbis
294 1100 461 1152 Papsmvoosretss
488 1099 582 1140 ‘ventus’
596 1098 670 1138 FELL.
699 1097 752 1138 Ocni.
763 1097 827 1146 ἀνέμων

125 1155 176 1194 inter
195 1155 266 1195 Decem
286 1155 392 1207 Scriptores
408 1155 459 1196 Hist.
488 1156 569 1204 σταθμόν,
584 1154 628 1194 Job.
638 1152 704 1194 xxviii
719 1161 750 1202 25,
765 1152 825 1192 LXX.

125 1209 206 1261 Angliae
229 1223 240 1249 a
264 1209 370 1263 Twysdeno
392 1210 459 1256 editos,
487 1209 702 1251 Mader.etFell.cum
710 1207 826 1247 Juniover·

125 1264 185 1304 Lond.
199 1267 255 1315 1652,
265 1279 283 1317 p.
296 1274 352 1316 1327.
381 1266 460 1306 Photius
487 1270 532 1305 tunt
541 1271 641 1305 necatorum
649 1264 741 1304 abortiones
746 1278 755 1310 ,·
770 1262 826 1302 Golo-

126 1319 172 1359 eod.
183 1319 240 1360 cxxvi
249 1320 362 1360 sententiam
372 1321 459 1360 Clemen-
487 1321 562 1370 mesius,
572 1321 629 1372 quem
643 1318 703 1359 secuti
714 1322 759 1358 sunt
769 1317 826 1357 Oete-

124 1374 150 1414 tis
159 1375 221 1426 magis
235 1389 292 1427 quam
302 1376 360 1415 verba
373 1375 459 1428 castigat,
486 1375 549 1425 lerins,
566 1374 696 1423 Constantius,
711 1379 731 1414 et
746 1372 825 1412 Gallen-

124 1429 179 1482 qnasi
197 1430 222 1469 de
239 1430 325 1482 pluribus
341 1430 417 1470 mundis
431 1431 459 1470 lo·
486 1430 534 1480 dius,
545 1431 648 1471 Ventorum
654 1429 766 1468 libramina.
780 1429 825 1467 Wa-

124 1489 220 1536 queretur.
248 1487 346 1524 Alabastro
364 1487 379 1523 b'
397 1487 417 1524 ds
434 1503 459 1526 τις
485 1485 535 1535 hius,
554 1485 593 1524 rte
610 1484 683 1524 several
698 1489 787 1535 scorteos
805 1482 830 1533 cf

124 1541 220 1579 αὐτὸν...
239 1569 243 1578 .
259 1541 371 1580 ὅτι...τοῦ
379 1542 458 1579 Ὠκεανοῦ
485 1540 591 1581 tbewt'srdu
616 1539 701 1579 Ohcvall.
713 1538 825 1578 Tbesvirtcds

109 1602 110 1605 ’
123 1596 157 1640 ἔξω
166 1597 240 1643 κόσμους
251 1597 296 1634 τινὰς
305 1597 401 1633 ὑποτίθεται
410 1594 455 1635 εἶναι.
484 1595 507 1634 dn
516 1595 564 1635 their
573 1595 646 1634 several
657 1594 744 1633 staticus.
773 1593 824 1632 Her-

125 1648 237 1688 Ooustantic
256 1654 275 1688 et
290 1649 383 1689 Vallarsio
401 1649 458 1702 longe
484 1650 556 1701 nogius,
568 1649 699 1700 Unpebindert
710 1648 784 1700 pfleqen
793 1648 824 1688 die

123 1703 240 1755 probabilius
248 1704 325 1744 videtur
333 1704 419 1756 cognitas
427 1719 458 1744 cr·
489 1705 556 1744 Wtudc
565 1704 658 1744 anderen
667 1704 738 1744 Sallen
747 1703 791 1742 und
798 1717 825 1742 zu

123 1758 153 1797 bis
162 1762 231 1809 partes,
241 1772 289 1810 qnae
302 1759 355 1811 prius
367 1760 457 1804 latebant.
484 1759 536 1799 lbrer
545 1759 588 1799 Zoit
597 1759 648 1799 ibren
656 1758 727 1798 Anates.

124 1816 178 1851 extra
195 1813 292 1852 Oceanum
310 1814 391 1854 mundos
409 1815 456 1854 aB.
513 1823 530 1864 5.
550 1811 672 1867 ἀπροοκόπωο]
700 1813 825 1866 Adjectivum

124 1867 180 1906 Patre
189 1868 286 1920 appellari.
485 1870 594 1919 ἀπρόσκοπος
603 1869 681 1908 adhibet
689 1869 712 1908 D.
722 1868 792 1907 Paulus
799 1869 825 1908 ad

153 1934 168 1960 1.
187 1924 253 1973 ταγοῖς]
272 1923 304 1963 lta
322 1922 368 1962 Ood.
383 1923 456 1964 MStus.
486 1924 575 1964 Ocnlx
585 1937 616 1974 32,
626 1924 651 1963 ad
660 1923 742 1976 Philipp.
753 1923 760 1961 i
772 1937 801 1963 10.

123 1976 194 2016 Junlus
207 1977 273 2017 mallet
285 1981 371 2028 ἐπιταγαῖς
379 1978 410 2018 vel
423 1981 459 2017 δια·
512 1979 537 2019 ib.
547 1978 621 2034 'Alvaod
639 1978 694 2018 Llhb.
710 1979 765 2030 impr.
778 1980 825 2016 'Atu-

123 2035 187 2082 russis,
201 2032 265 2072 Fellus
279 2035 369 2083 ἐπιταγαῖς,
383 2033 458 2073 Boislus
486 2050 526 2074 ναοι.
555 2034 615 2074 Wott.
629 2034 677 2073 Gall.
691 2033 824 2073 Hefel.Dres-
870 2079 872 2083 .

123 2088 212 2136 διοτογαῖς.
246 2086 305 2139 Apud
323 2088 400 2140 Origen.
419 2092 459 2138 περὶ
485 2089 542 2129 sellus
561 2089 614 2128 Msn
632 2089 747 2141 scripturam
770 2088 823 2128 exhi-

122 2141 189 2191 Ἀρχῶο
202 2142 226 2180 Π
239 2142 260 2181 iii
274 2144 292 2188 6,
308 2143 341 2182 ubi
357 2144 389 2182 hic
406 2143 459 2183 locus
485 2144 536 2193 beat,
556 2157 614 2196 quam
632 2144 685 2196 legas
704 2144 762 2183 etiam
778 2144 822 2184 Jcb.

122 2195 217 2242 laudatur,
227 2197 313 2237 Ruffinus
323 2198 416 2250 interpres
425 2199 458 2238 ha·
485 2199 520 2238 xix
533 2208 563 2249 25.
590 2199 663 2239 Platon.
679 2199 749 2238 Phaed.
764 2202 823 2250 §139

122 2250 155 2289 bot
173 2251 335 2303 dispositionibus,
354 2267 410 2306 quem
429 2267 458 2293 se·
485 2255 548 2292 ἀενάων
556 2259 640 2303 ποταμῶν.
659 2252 757 2306 Aristoph.
769 2254 821 2294 Nnb.

122 2310 208 2357 quuntnr
216 2307 320 2347 Wottonus
333 2312 353 2347 et
364 2309 457 2348 Schoene-
487 2317 524 2359 275
535 2310 590 2347 ἀέναοι
599 2310 675 2359 sepau.
691 2308 750 2361 Apud
760 2309 824 2361 Scrip-

122 2373 185 2400 mann.
209 2361 249 2401 Alii
258 2363 362 2403 marsddtc'a
390 2364 415 2402 In
425 2363 457 2404 Se·
484 2367 536 2403 tores
545 2363 687 2403 Alexandrinos
698 2369 823 2403 consonantes

121 2415 164 2455 lect.
179 2416 204 2455 ad
218 2417 285 2457 Erech.
296 2418 331 2458 viii
340 2432 358 2468 3,
373 2418 422 2470 opp.
436 2418 457 2457 iii
484 2418 580 2470 simplices
594 2433 630 2470 pro
645 2418 753 2470 duplicibus
768 2419 821 2457 adhi-

121 2483 140 2521 p.
158 2483 196 2519 422
221 2472 249 2512 ed.
269 2473 339 2513 Bened.
365 2473 457 2524 Origenes
484 2473 536 2512 bitae
545 2473 616 2525 passim
625 2473 753 2525 reperiuntur.
772 2474 822 2513 Vide

122 2524 199 2566 exhibet
213 2529 303 2580 διατογοῖς,
318 2528 369 2580 quod
382 2529 457 2568 monuit
485 2528 583 2568 Sturnium
601 2529 625 2567 de
643 2528 693 2567 Dial.
709 2528 781 2567 Maced.
802 2533 822 2568 et

122 2579 238 2621 Gallandins.
483 2583 538 2623 Alex.
549 2597 567 2636 p.
580 2596 622 2634 129.

150 2639 296 2689 2.μετοπωρινοί]
313 2637 380 2677 (lodex
388 2637 457 2678 MShus
512 2639 529 2677 6.
560 2636 630 2692 ὑγίειαν]
660 2645 741 2676 ΥΓΕΙΑΝ
773 2636 819 2677 (loll.

122 2694 284 2731 sraeounsnsor.
484 2692 557 2732 MStus.
815 2715 816 2718 ¹

149 2755 166 2790 4.
176 2745 251 2793 Ἀνέμων
260 2749 341 2797 σταθμοὶ]
357 2747 400 2788 Scil.
411 2747 457 2787 Ete-
511 2756 528 2797 7.
544 2748 594 2796 ζωῆς]
610 2747 658 2786 Edd.
674 2745 727 2800 [ante
742 2746 820 2786 Wotto-

120 2795 164 2836 siae.
175 2798 322 2842 SANOROFT.
341 2803 457 2842 Etiamvcn-
484 2800 538 2856 num]
557 2803 603 2850 ζωήν,
638 2802 676 2842 Sed
695 2801 748 2842 hlSti
763 2802 821 2842 lectio

120 2851 142 2896 ti,
157 2856 254 2907 utcunque
269 2857 403 2903 inconstantes,
418 2858 457 2910 legi
483 2857 582 2896 retinenda
591 2856 672 2896 videtur.
698 2857 730 2897 Sic
739 2857 791 2896 enim
801 2863 821 2898 et

121 2906 259 2957 subjiciuntur:
274 2926 337 2952 annua
352 2918 457 2964 agnoscunt
484 2910 522 2951 Act
531 2911 585 2951 xxvii
593 2925 618 2961 34
628 2912 695 2951 eadem
704 2913 821 2965 praepositio

121 2960 203 3025 flamina,
223 2968 242 3004 et
261 2968 317 3007 statis
338 2968 457 3020 temporibus
484 2967 566 3007 secundo
580 2966 632 3005 casui
648 2967 716 3019 juncta
729 2968 766 3007 hoo
779 2969 821 3021 ipso

121 3029 175 3067 quasi
182 3030 207 3056 ex
214 3021 301 3061 condicto
307 3022 388 3062 redeunt
395 3037 401 3072 3
410 3023 457 3062 adeo
484 3035 540 3061 sensu
548 3026 657 3073 usurpatur.
674 3022 811 3063 GALLAND.

523 3099 562 3132 ΝΖ
