2061 3403
185 180 186 184 =
210 151 238 194 10
456 153 477 195 S.
494 152 664 223 CLEMEN'HS

208 266 355 339 ἐπορεύεσθε,
370 268 563 335 ὑποτασσόμενοι
574 276 622 330 τοῖς
634 260 772 341 ἡγοομὲνοις
785 270 858 336 ὑμῶν,
870 269 909 322 καὶ

207 352 277 423 τιμὴν
296 354 346 423 τὴν
360 355 514 425 καθήκουσαν
532 358 687 427 ἀπονέμοντες
708 359 759 413 τοῖς
779 355 834 427 παρ’
854 357 909 423 ὑμῖν

208 440 385 512 πρεσβυτέροις·
405 442 465 502 νέοις
483 468 508 498 τε
526 444 609 516 μέτρια
627 446 665 498 καὶ
683 441 762 510 σεμνὰ
781 446 840 496 νοεῖν
857 443 910 497 ἐπεέ

208 527 308 598 τρέπετε·
328 528 441 600 γυναιξίν
455 554 481 585 τε
499 532 523 584 ἐν
536 530 626 606 ἀμώμῳ
642 531 681 585 καὶ
699 531 777 601 σεμνῇ
796 531 834 583 καὶ
847 530 908 601 ἁγνῇ

208 613 341 683 συνειδήσει
358 614 440 670 πάντα
458 618 571 672 ἐπιτελεῖν
587 617 777 688 παρηγγέλλετε,
791 613 930 685 crepaturi-5

208 725 256 758 σας
269 701 420 770 καθηκόντως
432 701 488 762 τοὺς
498 704 586 775 ἄνδρας
597 705 693 770 ἑαυτῶν,
707 701 733 757 ἕν
744 725 770 757 τε
780 703 815 775 τῷ
829 698 912 756 κανόνι

208 790 250 855 τῆς
262 790 384 858 ὑποταγῆς
396 789 559 862 ὑπαρχούσας,
572 791 602 845 roi
613 789 673 845 κατὰ
685 788 728 845 τὸν
740 786 804 844 οἶκον
817 793 909 856 σεμνῶς

209 877 338 944 οὶκουργεῖν
350 874 492 942 ἐδιδάσκετε,
504 875 568 932 πάνυ
579 875 764 950 σωφρονοθσας.

88 975 198 1054 pappieiisngaono
247 957 283 1014 B‘.
304 960 398 1019 Πάντες
414 986 439 1016 τε
453 964 671 1036 ἐπαπεινοφρονεῖτε,
682 960 756 1031 μηδὲν
768 958 912 1029 ἀλαζονενό-’

88 1064 194 1098 sturnorum.
209 1070 280 1114 μενοι,
293 1047 487 1116 ὑποτασσόμενοι
503 1055 600 1116 μᾶλλον
613 1047 627 1117 ἢ
645 1047 831 1113 ὑποτόσσοντες,
843 1046 909 1115 ἥδιον
920 1070 944 1096 ιο

210 1215 226 1254 si
242 1215 288 1266 quid
303 1221 409 1268 perpetuus
428 1222 447 1257 et
465 1217 548 1258 usitatus
575 1223 640 1270 ageret
656 1218 679 1258 de
698 1217 793 1258 seditione
809 1230 854 1269 erga
869 1230 909 1256 ma·

209 1270 260 1322 apud
275 1269 329 1309 LXX
342 1272 391 1311 Iutt.
407 1271 483 1312 dicendi
499 1286 546 1322 mos,
574 1273 665 1325 gistratus
677 1272 769 1322 ethnicos,
778 1272 799 1312 in
810 1285 857 1325 quos
868 1285 909 1311 sur-

209 1324 272 1377 siquid
279 1325 303 1364 N.
309 1326 328 1365 Τ.
337 1326 476 1379 phraseologia,
483 1327 546 1379 siquid
573 1329 667 1368 rexissent
681 1326 792 1377 Christiani,
807 1327 909 1380 speciosius

209 1393 269 1432 paene
282 1379 323 1432 ipsa
331 1381 391 1420 verba
404 1383 457 1434 apud
466 1382 545 1422 Eaeohi-
573 1383 650 1423 obtrudi
658 1383 690 1422 hio
698 1387 764 1434 posset
773 1396 812 1422 vox
823 1383 910 1433 ἡγούμενοι

208 1436 263 1484 elem,
278 1435 341 1488 siquid
357 1436 440 1488 denique
457 1436 545 1477 Clemens
572 1451 607 1490 pro
614 1437 764 1491 magistratibus.
779 1436 843 1486 Nunc,
850 1450 910 1489 quum

208 1491 254 1543 ipse,
270 1491 302 1543 qui
316 1491 382 1544 paullo
396 1491 475 1531 inferius
492 1490 511 1546 [ξ
521 1490 542 1546 3]
573 1506 595 1532 ea
603 1507 642 1533 vox
655 1492 750 1545 significet
762 1505 833 1541 omnes,
843 1491 876 1544 qui
889 1492 910 1531 in

208 1546 266 1587 habet
273 1549 290 1585 ἐν
296 1551 331 1587 τοῖς
336 1548 412 1595 νομίμοις
418 1552 452 1586 τῶν
457 1564 544 1598 προσταγ·
572 1548 638 1599 quavis
651 1562 672 1587 re
681 1552 780 1600 praeeunt,
790 1547 830 1587 sive
843 1547 864 1586 in
873 1547 910 1586 Re·

208 1602 438 1653 μάταναὺτοῦοορεθεσθαι.
454 1602 507 1654 Lego
516 1602 545 1655 lg·
571 1603 652 1655 publiea,
666 1603 707 1642 sive
725 1602 746 1641 in
762 1601 853 1651 Ecclesia,
867 1601 910 1641 voci

207 1657 252 1707 itur,
258 1656 365 1709 retingante
372 1657 418 1696 licet
426 1656 472 1697 Cod.
480 1657 544 1706 Mseo,
571 1658 672 1698 tribuenda
681 1661 710 1697 est
719 1657 813 1697 alterutra
819 1661 909 1710 potestas,

208 1726 252 1751 cum
261 1713 319 1752 Clem.
327 1710 382 1751 Alex.
394 1714 412 1750 ἐν
420 1716 455 1752 τοῖς
464 1714 543 1760 νομίμοις.
571 1717 629 1765 prout
637 1726 673 1762 res,
683 1726 732 1765 quae
742 1712 811 1764 agitur,
818 1711 908 1764 postulat.

208 1767 288 1807 WOTT.
317 1767 414 1818 Equidem
427 1767 448 1805 in
457 1767 549 1807 Wottoni
571 1768 620 1808 Vide
628 1768 774 1807 Hammondum
783 1767 808 1806 ad
817 1767 867 1807 Heh.
874 1766 909 1805 xiii

207 1827 271 1874 partes
285 1821 366 1861 discedo.
396 1821 425 1860 Tu
438 1821 482 1861 vide
496 1835 544 1874 quae
572 1831 588 1873 7.
603 1824 648 1863 Jam
657 1827 722 1863 autem
731 1822 802 1861 nullius
811 1821 910 1862 seditionis

207 1878 266 1917 habet
271 1876 359 1917 Clemens
364 1881 431 1916 noster
437 1877 487 1916 inira
494 1878 504 1928 δ
511 1891 543 1926 40,
569 1878 590 1917 in
602 1878 725 1930 magistratus
736 1877 801 1917 civiles
812 1877 910 1917 insimulat

207 1937 242 1973 τοῖς
249 1935 282 1983 γὰρ
290 1933 364 1980 νομίμοις
370 1936 401 1969 τοῦ
408 1935 498 1970 Δεσπότου
504 1933 542 1970 tao·
571 1932 680 1973 Corinthios
688 1932 783 1982 Clemens,
791 1933 825 1972 sed
832 1936 913 1972 tantum

207 1989 312 2026 λουθοῦντες.
341 1986 478 2026 Emendationi
493 1987 545 2027 favet
572 1988 675 2033 discordiae
689 1988 709 2027 in
724 1987 815 2037 Ecclesia,
825 2001 863 2040 qua
875 1987 909 2026 fie-

208 2043 276 2082 Pastor
288 2055 321 2081 seu
332 2041 422 2090 Hermae,
432 2055 443 2080 a
453 2041 546 2081 Constan-
571 2043 610 2092 bae,
624 2047 647 2083 ut
658 2041 748 2082 nonnulli
764 2042 910 2082 adversarentur

208 2097 236 2137 tio
257 2096 437 2145 indicaremini,
452 2095 510 2136 Num.
527 2110 544 2147 3,
572 2098 673 2148 ἡγουμένοις,
697 2110 735 2149 qua
758 2110 804 2137 voce
829 2097 909 2149 proinde

209 2156 246 2192 ‘ut
264 2152 331 2191 reddat
358 2150 397 2190 illis
415 2151 546 2203 repromissio·
572 2152 703 2204 significantur
728 2156 806 2192 tantum
834 2152 848 2190 ii
876 2152 909 2205 qui

209 2211 273 2256 ‘nem
284 2219 343 2258 quum
355 2207 474 2246 seruauerint
486 2206 546 2257 leytsa-
572 2211 672 2260 praeerant
699 2206 802 2246 Ecclesiae.
836 2206 910 2247 Eadem

209 2266 256 2301 ‘rito
266 2262 314 2302 Dal)
572 2263 621 2302 ratio
634 2262 706 2310 suadet,
716 2264 753 2301 τοῖς
764 2262 804 2312 παρ’
816 2263 854 2310 ὑμῖν
866 2279 909 2312 πρε,

238 2331 253 2356 1.
264 2314 368 2370 ἡγουμένοις]
390 2313 460 2370 [Guil]
477 2316 546 2355 Bul'to-
573 2319 662 2368 σβυτέροις
675 2316 823 2369 intelligendum
836 2317 860 2357 (ie
873 2317 909 2356 Ec-

207 2387 244 2412 nus
252 2386 319 2412 vocem
327 2371 419 2423 ἡγούμενοι
427 2370 459 2417 liic
468 2375 488 2410 et
500 2370 545 2410 alibi
573 2372 638 2411 clasiae
648 2371 773 2423 Presbyteris‚
782 2385 822 2410 non
834 2372 858 2411 de
870 2385 909 2412 ma-
955 2388 956 2391 ¹

207 2429 345 2480 interpretatur
360 2425 486 2478 magistratus
500 2425 546 2465 civi·
571 2426 682 2478 gista-atibus
705 2425 856 2476 Corinthiorum,
876 2427 909 2479 qui

207 2484 249 2531 les;
268 2482 393 2534 affirmatque,
408 2493 455 2520 voce
469 2480 545 2531 πρεσβθ-
573 2486 627 2521 erant
645 2482 720 2521 ethnici.
750 2482 792 2521 Nec
807 2486 861 2522 vetat
876 2496 909 2534 op-

207 2555 258 2589 τερα,
270 2552 318 2590 quae
330 2537 351 2576 in
365 2535 491 2588 sequentibus
504 2549 547 2575 ver·
572 2536 642 2588 positio
651 2542 684 2575 τῶν
692 2537 740 2585 νέων,
750 2549 799 2588 quae
808 2537 908 2589 sequitur3

207 2593 236 2633 bis
254 2593 330 2645 legitur,
346 2590 484 2643 intelligendos
499 2604 545 2639 esse,
572 2596 651 2642 potuere
665 2592 716 2630 enim
730 2592 817 2643 juniores
832 2593 908 2644 quidem

207 2663 246 2688 non
260 2648 354 2687 Ecclesiae
369 2645 547 2698 Pi·eshytc1·os‚sed
575 2645 677 2685 Christiani
690 2646 711 2685 in
725 2646 815 2695 seniores,
824 2660 907 2698 munere,

207 2708 283 2744 tantum
297 2703 409 2755 grandiores
422 2705 476 2750 natu,
488 2704 547 2753 prout
574 2714 613 2740 non
635 2701 698 2740 minus
717 2714 776 2753 quam
794 2706 861 2752 aetate,
879 2703 908 2743 inss

208 2764 330 2811 opponuntur
340 2759 388 2807 νέοις,
395 2756 505 2810 juvenibus,
513 2755 547 2808 qui
574 2769 656 2808 surgere.
667 2755 742 2795 CLER.
767 2756 802 2808 Ep.
813 2757 837 2797 ad
847 2758 906 2799 Hebr.

207 2818 316 2866 sequuntur.
332 2813 387 2852 Haeo
396 2826 443 2853 vero
452 2815 498 2851 sunt
507 2812 548 2851 vio-
574 2811 609 2850 xiii
623 2819 641 2861 7,
655 2811 771 2860 Μνημονεύετε
788 2817 822 2851 τῶν
836 2815 906 2865 ἡγουμέ-

207 2869 269 2908 lenter
275 2868 420 2908 detortaaviro
429 2868 493 2917 docto,
500 2867 547 2905 dum
574 2883 607 2905 νων
622 2868 672 2915 ὑμῶν,
691 2869 711 2906 et
727 2874 757 2916 17,
773 2868 858 2907 Πείθεσθε
873 2874 908 2910 τοῖς

208 2925 288 2963 ὑποθέσει
305 2924 387 2962 δουλεύει.
417 2923 438 2963 Si
458 2922 547 2962 Clemens
574 2922 670 2973 ἡγουμένοις
684 2924 734 2971 ὑμῶν.
764 2922 865 2976 Cilgnat.
882 2925 907 2964 ad
