2017 3420
149 200 191 244 118

177 308 245 362 Magn.
261 310 318 349 Inser.
360 311 391 359 τὴν
408 312 519 362 εὐχαριστίαν

178 366 235 415 σάρκα
255 362 296 404 εἶναι
315 369 346 404 τοῦ
366 368 442 417 Σωτῆρος
463 367 517 416 ἡμῶν.

178 419 256 471 Smyrn.
268 421 284 459 6.
313 421 369 470 εἰρήνη
383 420 519 470 παρδ...Ἰησοῦ

178 478 256 525 Χριστοῦ
264 478 295 514 τοῦ
304 479 386 525 Σωτῆρος.
397 476 459 528 Polyc.
466 475 517 516 Phil.

178 529 240 569 Inscr.
270 532 299 568 τὸν
316 534 386 582 Σωτῆρα
403 537 437 570 τῶν
453 533 519 582 ψυχῶν

178 585 231 633 ἡμῶν,
246 584 303 625 Mart.
314 585 377 637 Polyc.
388 599 417 638 19.

152 641 234 690 Σωτηρία.
263 642 290 679 διὰ
301 642 331 689 τὴν
342 641 424 692 ἡμετέραν
433 643 519 690 σωτηρίαν

178 695 256 745 ἐκχυθέν.
272 694 330 735 Olem.
340 696 351 734 Ι
363 708 381 746 7.
409 698 473 741 ἔλαβον
482 713 518 734 σω-

178 751 244 801 τηρίαν,
257 752 315 801 καίπερ
324 751 415 802 ἀλλότριαι
423 756 452 789 τοῦ
465 755 517 791 θεοῦ.

179 804 205 844 ib.
241 807 312 853 ζηλωταί
328 808 368 856 περὶ
386 808 408 855 μη
426 808 519 854 ἀνηκόντων

179 861 202 900 εἷς
216 861 307 910 σωτηρίαν.
322 869 353 909 45.
386 863 436 911 μικρὰ
448 863 519 911 φρονεῖν

179 917 218 964 περὶ
240 917 270 963 τῆς
291 914 375 965 σωτηρίας
396 916 446 964 ἡμῶν.
465 915 488 955 ΙΙ
502 929 518 955 1.

179 970 261 1019 μηδεμίαν
273 971 334 1008 ἐλπίδα
346 972 418 1020 ἔχοντας
428 972 518 1021 σωτηρίας.

390 198 487 243 1me
502 199 684 245 ναςαοιιυιι
741 165 742 168 “

571 311 650 360 νὴσωμεν
658 309 693 355 οῦν,
702 310 782 361 ἀδελφαί.
799 321 828 361 13.
849 309 910 360 στηρί-

571 367 627 415 ξωμεν
640 366 911 416 ἐαυτοῦς...ταπεινοφρονοῦντες.

571 420 597 460 ib.
612 420 794 471 Ταπειναφροναῦντων
802 421 835 470 γάρ
844 420 892 458 ἐστιν
901 421 912 457 ἁ

571 478 652 526 Χριστός.
666 476 695 514 16.
707 475 909 524 Ἰησοῦς...ἦλθεν...τα-

571 532 693 581 πεινοφρονῶν.
706 529 730 569 ib.
756 531 771 569 εί
783 531 816 581 γὰρ
826 533 836 568 ὁ
848 529 912 580 Κύριος

572 586 625 625 οῦτως
641 586 809 636 ἐταπειναφρὰνησεν.
825 584 851 624 ib.
879 584 910 622 ’A-

571 642 635 692 βραὰμ,
646 669 662 680 ..
671 643 824 691 ,ταπεινοφρονών
837 648 866 690 17.
890 641 911 677 τὸ

571 697 704 745 ταπεινάφρανον
717 698 744 734 καὶ
760 698 781 734 τδ
797 696 864 734 ῦποδεές
882 695 911 733 διὰ

570 754 600 799 τῆς
609 752 688 798 ῦπακαῦης.
706 762 734 801 19.
764 750 871 799 ἐνδυσώμεθα
879 750 912 797 τὴν

571 807 650 854 ὁμόνοιαν
659 808 833 856 ταπεινοφρονοῦντις.
848 817 879 855 30.
901 807 911 842 ὁ

571 861 708 910 ταπειναφρονῶν
726 861 748 908 μὴ
771 862 824 912 ἑαυτῷ
845 875 910 909 μαρτυ-

571 919 627 965 ρείτω.
645 916 675 964 38.
707 915 785 968 τοσούτῳ
798 917 831 965 γάρ
844 916 912 964 μᾶλλον

572 972 710 1020 ταπεινοφρονεῖν
719 971 794 1020 ὀφείλει.
809 972 839 1019 48.

180 1023 204 1064 ib.
218 1024 517 1078 ΑὖταρκὰςεῖςσωτηρίονἜςοςΠι,
545 1024 701 1074 Ταπεινοφροσῦνη.
731 1026 833 1074 μαθέτωσαν
847 1024 864 1062 τί
879 1039 910 1061 τα-
953 1071 955 1073 ‚

179 1078 191 1118 i.
218 1080 259 1128 ἡμῖν
268 1080 287 1117 δέ
300 1082 377 1130 σωτηρία
390 1082 417 1119 καὶ
430 1082 462 1130 ζωὴ
476 1082 517 1119 αίώ-

179 1150 218 1174 νιος.
234 1135 276 1186 Ign.
286 1133 334 1186 Eph.
344 1137 376 1175 18.
398 1137 440 1187 ὑπὲρ
448 1138 477 1184 τῆς
486 1140 518 1175 τοῦ

179 1191 241 1228 παντὸς
253 1190 317 1238 κόσμον
326 1195 360 1228 τῶν
370 1192 469 1240 σωζομένων
481 1207 517 1229 σω-

179 1244 244 1294 τηρίας.
255 1243 313 1283 Mart.
321 1244 387 1297 Polyc.
397 1253 426 1295 17.
443 1247 470 1284 ἐπί
479 1262 516 1284 σω-

179 1300 228 1348 τηρίᾳ
237 1302 258 1348 τῇ
267 1304 300 1337 τῶν
309 1301 360 1350 ἁγίων
369 1301 457 1340 ἐκλεκτῶν,
471 1313 503 1339 22.

153 1353 241 1404 Σωτήριον.
270 1355 288 1392 ἐν
298 1352 310 1402 ᾗ
321 1354 393 1405 εῦρομεν
403 1357 427 1393 τά·
435 1356 519 1405 σωτήριον

179 1409 231 1457 ἡμῶν.
247 1407 306 1448 Olem.
318 1410 368 1460 136.

152 1466 255 1514 Σωφρονεῖν.
270 1465 312 1502 πάνυ
319 1464 449 1515 σωφρονοῦσας.
456 1463 517 1504 Olem.

179 1519 218 1557 ll.
261 1520 295 1559 Τὰς
316 1519 370 1569 χήρας
393 1519 519 1569 σωφρονοῦσας

178 1576 217 1622 περὶ
225 1573 257 1622 τὴν
263 1577 293 1612 τοῦ
302 1576 365 1624 Κυρίου
375 1575 439 1614 πίστιν.
453 1574 516 1626 Polyc.

179 1626 227 1667 Phil.
239 1642 257 1677 4.

152 1682 264 1733 Σωφροσύνη·
305 1684 339 1736 θῦν
355 1683 405 1731 πόαν
423 1686 517 1734 ῦικῐιϊ

179 1739 246 1789 ἁγνείαν
260 1740 287 1777 καί
300 1738 421 1789 σωφροσύνην.
437 1738 495 1778 Olem.
507 1739 517 1778 Ι

181 1794 212 1841 58.
242 1794 261 1831 ἐν
273 1794 319 1841 πάση
332 1793 396 1843 ἁγνεία
405 1795 431 1831 καὶ
445 1796 516 1844 σωφρο-

180 1847 222 1896 σῦνη
231 1848 298 1896 μένητε.
312 1848 355 1900 Igu.
367 1848 417 1900 Eph.
426 1861 455 1887 10.

154 1904 234 1952 Σώφρων,
254 1902 284 1951 τήν
290 1919 309 1941 τε
316 1905 519 1955 σώφρονα...ε’νΧριστῷ

181 1957 275 2003 εὐσέβειαν.
291 1957 348 1997 Olem.
359 1957 371 1996 I
382 1970 398 1996 Ι.

153 2012 205 2061 Ταγη.
232 2015 270 2051 ταῖς
278 2013 335 2051 αὐταῖς
343 2016 402 2061 ταγαῖς
411 2017 441 2050 τοῦ
450 2015 517 2051 Δεσπό-

180 2082 210 2104 του
219 2066 337 2106 διευθώνονται,
351 2066 413 2107 Olem.
423 2066 434 2105 I
444 2080 473 2107 20.

153 2123 216 2171 Τάγμο,
246 2122 264 2159 ἐν
277 2125 301 2173 τῷ
314 2123 349 2173 ἰδίῳ
363 2125 437 2172 τάγματι
449 2123 470 2160 τὰ
482 2122 519 2161 ε’πι-

571 1079 698 1130 πεινοφροσῦνη
720 1082 766 1130 παρὰ
787 1083 824 1132 Θεῷ
845 1078 910 1128 ἶσχάει.

572 1133 633 1174 Olem.
645 1133 656 1173 I
667 1146 699 1173 21.
722 1134 869 1186 ταπεινοφροσῦνη
882 1136 911 1172 καλ

571 1188 649 1240 πραῦτης
670 1190 716 1239 παρὰ
735 1193 772 1229 τοῖς
792 1189 911 1240 ηῧλαγημένσις

571 1245 604 1283 ῦπὰ
617 1248 649 1283 τοῦ
666 1247 714 1282 θεοῦ.
731 1258 762 1295 30.
792 1245 852 1289 Ἰακώβ
867 1245 911 1293 μετὰ

571 1298 726 1349 ταπεινοφροσύνης
746 1301 859 1349 ἐξεχώρησεν.
876 1311 909 1348 31.

571 1353 723 1405 λειτουργήσαντας
733 1383 763 1395 .,.
773 1357 816 1404 μετὰ
833 1369 910 1392 ταπεινο-

571 1409 666 1459 φροσίινης.
681 1422 711 1457 44.
740 1410 788 1449 ὅπως
801 1410 841 1458 δοθῇ
853 1410 911 1447 αὐτοῖς

572 1465 651 1502 ἐπιείκεια
660 1465 687 1502 καὶ
695 1464 848 1514 ταπειναφρασῦνη.
863 1464 895 1512 56.

545 1521 671 1569 Τοπεινόφρων.
693 1521 735 1568 πρὸς
742 1522 774 1559 τὰς
782 1521 910 1569 μεγαλορρημα-

572 1572 623 1613 σῦνας
642 1575 697 1611 αὐτῶν
711 1575 757 1623 ὑμεῖς
773 1576 910 1624 ταπεινόφρονες.

571 1627 613 1680 Igu.
625 1627 675 1680 Eph.
686 1640 714 1667 10.

545 1684 653 1723 Ταπείνωσις.
682 1685 699 1722 ἐν
710 1684 778 1733 νηστείᾳ
791 1685 819 1722 καὶ
828 1685 909 1722 ταπεινώ-

572 1754 605 1776 σει.
620 1737 743 1788 Olem.I53.
768 1740 910 1786 διὰ...τηςτα-

571 1796 668 1833 πεινώσεως
682 1796 732 1842 αὐτῆς
743 1793 818 1842 ἠξίωσεν
826 1794 855 1831 ’τὸν
865 1808 909 1832 πον-

571 1850 656 1896 τεπάπτην
666 1852 759 1897 Δεσπότην.
776 1857 808 1898 55.

545 1905 647 1954 Ταράσσειν,
675 1905 704 1951 Μὴ
716 1906 818 1954 ταρασσέτω
829 1903 858 1950 τὴν
868 1917 909 1953 καρ-

572 1959 608 1995 δίαν
616 1959 669 2007 ὑμῶν.
683 1957 741 1997 Olem.
752 1959 829 2010 Fragm.
839 1956 865 1995 iii.
889 1959 919 1995 55.

571 2014 602 2061 μέν
611 2018 680 2063 πρῶτον
691 2013 764 2054 ἁκοῦσας
776 2016 808 2051 οῦκ
819 2013 909 2063 ἐταράχθη.

572 2067 630 2106 Mart.
642 2067 706 2119 Polyc.
717 2076 735 2117 5.
771 2070 818 2107 ώστε
831 2069 851 2105 οῦ
859 2069 911 2115 μόνον

572 2124 594 2171 μὴ
604 2126 700 2172 συμπεσεῖν
708 2125 826 2174 ταραχθεντος.
839 2134 867 2161 12.

179 2177 385 2224 τασσόμενα...ἐπιτελεῖ.
397 2176 455 2215 Olem.
464 2176 475 2215 I
485 2185 517 2227 37.
546 2178 618 2227 Ταραχη.
637 2178 706 2228 Ταραχῆ
715 2194 734 2216 τε
742 2178 767 2225 ἦν,
777 2178 846 2225 πόθενή
855 2178 910 2215 καινά-

180 2232 234 2284 ἐντῷ
251 2232 288 2283 ίδίιρ
303 2234 375 2283 τάγματι
392 2233 518 2281 εὐχαριστείτω.
572 2248 606 2280 της.
621 2231 665 2284 Ign.
676 2232 724 2285 Eph.
734 2246 762 2283 19.

181 2298 213 2335 41.
259 2292 366 2337 στρατιωτῶν
389 2288 451 2338 τάγμα.
474 2287 517 2338 Igu.
546 2287 624 2325 Τὰσσειν.
660 2289 690 2326 τὸν
710 2288 811 2339 τεταγμένον
833 2287 860 2326 ὑπ’
877 2287 909 2324 αὖ·

180 2340 234 2380 Rom.
246 2350 264 2391 5.
572 2346 601 2380 τοῦ
616 2344 686 2392 δρόμον.
702 2342 759 2382 Olem.
775 2342 787 2382 I
803 2355 833 2381 20.
867 2343 910 2381 κατὰ

153 2398 270 2447 Ταλαίπωρος.
291 2398 346 2435 ἐὰνδὲ
358 2397 382 2446 μὴ
395 2396 517 2445 δουλεῦσωρεν,
572 2399 637 2447 καιροὺς
646 2401 760 2448 τεταγμένους.
772 2410 805 2446 40.
825 2398 910 2445 ἐξουσίαις

181 2453 323 2502 ...ταλαίπωροι
332 2454 413 2501 ἐσόμεθα.
428 2451 486 2490 Clem.
495 2450 518 2489 Π
572 2453 604 2491 ῦπδ
617 2457 648 2491 τοῦ
663 2457 707 2491 θεοῦ
720 2454 834 2503 τεταγμέναις.
849 2452 908 2491 Marb.

182 2519 211 2545 11.
232 2508 341 2557 Ταλαίπωραί
354 2508 425 2546 εἶσινοί
438 2507 516 2556 δίψυχοι.
573 2506 678 2559 Polyc.10.

179 2560 205 2600 ib.
215 2560 297 2611 eb123.
546 2562 599 2611 Ταφη.
627 2564 651 2611 μὴ
664 2564 720 2600 δοῦναι
731 2565 812 2601 αὐτοῦτὸ
822 2567 909 2612 σῦρατα-

153 2617 209 2663 Τάξις.
236 2617 293 2654 πάντα
301 2617 347 2664 τάξει
355 2620 411 2656 ποιεῖν
420 2617 518 2667 ὀφείλομεν.
572 2620 604 2666 φῇ.
618 2616 677 2656 Μοκῦ.
688 2617 750 2669 Polyc.
760 2627 791 2669 17.

180 2670 238 2710 Olem.
251 2671 304 2719 140.
326 2673 355 2720 τὴν
364 2672 467 2722 φαινομένην
477 2687 517 2709 νεω-
546 2672 607 2721 Τάφος.
635 2673 660 2711 εἷς
676 2674 705 2710 τὸν
720 2676 791 2722 κόσμον,
809 2675 831 2712 ώς
847 2673 864 2710 ἐκ
878 2675 909 2709 τοῦ

180 2727 244 2776 τερικὴν
253 2727 306 2773 τάξιν.
321 2726 362 2778 Igu.
374 2727 440 2778 Magn.
451 2739 470 2777 3.
488 2728 518 2774 τῆς
572 2727 632 2776 τάφον.
644 2726 704 2765 Olem.
712 2728 723 2766 Ι
731 2730 761 2778 38.
780 2727 808 2766 ἵνα
816 2743 845 2775 μαι
854 2727 909 2776 τάφος

179 2781 244 2820 τελείας
256 2785 288 2819 τοῦ
299 2783 373 2830 μαθητοῦ
385 2784 454 2830 τάξεως.
473 2780 516 2833 Igu.
572 2782 657 2832 γένωνται.
673 2782 716 2834 Ign.
731 2783 786 2822 Rom.
803 2796 820 2831 4.
848 2782 910 2830 στῆλαί

180 2835 237 2876 Mart.
249 2848 267 2875 1.
573 2839 651 2875 εἰσινκαὶ
660 2838 713 2887 τάφοι
722 2843 788 2889 νεκρῶν.
802 2836 874 2876 Philad.
883 2836 900 2875 6.

152 2893 236 2931 Ταπεινιίς.
258 2892 299 2929 ἰδών
307 2893 327 2930 τὸ
335 2894 413 2931 ταπεινὸν
421 2895 451 2941 τῆς
459 2893 518 2942 ψυχῆς
545 2893 617 2941 Ταχέως.
645 2893 669 2940 μὴ
678 2893 742 2942 ταχέως
750 2893 858 2932 πιστεῦοντες
868 2891 910 2930 κατά

180 2948 234 2994 αὐτῆς.
250 2945 310 2986 olem.
321 2946 332 2985 Ῑ
342 2956 374 2997 55.
571 2963 620 2987 τινος.
634 2946 698 2999 Polye.
709 2947 758 2987 Phil.
769 2948 787 2986 6.

152 3003 298 3051 Ταπεινοφρονεῖν.
325 3004 392 3042 Πάντες
402 3018 421 3040 τε
433 3003 516 3041 ἐταπεινα-
544 3002 604 3052 Τάχος.
622 3002 720 3052 Ἐξάρωμεν
728 3003 757 3042 οῦν
765 3007 817 3041 τοῦτο
829 3003 847 3040 ἐν
855 3002 906 3051 τάχει.

180 3058 264 3106 φρονεῖτε.
278 3056 382 3097 Olem.I2.
400 3061 515 3108 Ταπεινοφρο-
572 3056 630 3097 Glem.
644 3057 655 3096 I
668 3059 700 3106 48,
729 3059 746 3096 ἐν
763 3058 813 3108 τάχει
835 3056 907 3105 ἀναπέμ-
