2061 3403
202 198 247 242 xliv
368 200 590 245 nnonnmonUM
605 200 729 245 JUDIGIA

203 315 314 370 effinxisse,
331 321 353 361 et
370 333 422 375 opus
441 319 534 362 effictum
552 317 575 361 in
594 317 663 363 lucem
680 316 756 362 exiisse
771 317 825 361 eirea
841 315 899 361 tertii

204 385 280 429 saeculi
289 388 360 441 finem,
371 389 405 432 vel
415 387 484 446 quarti
494 388 562 441 initia,
573 388 694 432 hariolatur.
720 444 721 448 Ἰ

233 455 273 498 IV.
289 457 322 500 De
339 473 426 501 numero
441 457 584 515 Epistolarum
601 454 656 516 quae
669 458 759 503 Eusebio
775 459 899 501 memoratae

203 529 260 578 sunt,
281 526 392 584 aliquando
412 527 495 571 dubitat
515 527 621 581 Dallaeus,
636 543 710 585 easque
729 529 769 571 Sex
788 528 899 584 Septemve

203 610 263 651 saepe
278 596 385 649 nominat3
407 613 433 640 ex
447 596 537 653 vulgari,
553 597 638 651 seilicet,
654 597 751 655 opinione
767 598 858 654 Septem,
873 611 899 639 ex

203 664 306 721 singulari
318 666 400 709 Ussen'i
412 666 516 710 sententia
529 667 582 710 Sex:
598 667 709 725 aliquando
724 682 834 710 numerum
848 664 899 709 satis
975 689 977 692 >

202 734 330 778 confidenter
354 736 456 793 assignat,
478 739 499 779 et
525 737 566 779 Sex
590 739 675 780 tantum
700 737 779 780 asserit.
812 733 899 779 “Quod

202 809 216 829 “
227 805 298 864 vero,'’
308 804 385 861 inquit,
396 806 482 862 “vulgo
497 809 574 862 putant
588 806 694 862 quandam
708 807 734 850 ab
749 805 840 849 Eusebio
854 820 898 847 me-

202 878 216 916 .“
226 873 303 915 morari
322 889 415 917 seorsum
437 874 463 917 ad
482 874 621 931 Polyoarpum
641 875 747 932 scriptam,
767 874 898 918 doctissimus

202 936 325 997 “Usserius
349 943 403 986 hano
425 958 468 986 non
491 943 601 996 diversam,
622 945 658 988 sed
680 960 745 988 unam
768 947 790 987 et
811 944 898 987 eandem

190 1009 298 1060 “‘1eizera
310 1028 358 1055 eum
368 1013 463 1069 Epistola
478 1028 530 1069 quae
544 1016 576 1056 est
588 1014 615 1057 ad
628 1015 760 1071 smyrnaeos,
770 1014 796 1057 ab
808 1013 898 1057 Eusebio

202 1088 216 1107 “
226 1077 325 1138 intelligi,
343 1085 365 1125 et
382 1082 501 1125 acutissime
522 1082 612 1139 eonjioit,
630 1087 652 1126 et
669 1099 694 1126 ex
713 1084 843 1141 Hieronymo
862 1083 898 1127 de·

202 1155 337 1194 “monstrat
367 1152 397 1195 Et
411 1152 465 1194 hane
479 1152 554 1195 merito
569 1152 595 1194 ab
610 1152 753 1210 Epistolarum
767 1153 793 1196 ab
808 1153 898 1196 Eusebio

202 1227 216 1247 “
226 1220 330 1263 dictarum
340 1236 403 1263 oensu
413 1221 574 1277 expungendam
583 1222 665 1278 colligit
671 1239 677 1274 3
693 1225 829 1279 numeratque
842 1222 898 1265 inter

202 1296 216 1317 “
226 1306 268 1343 eas,
287 1299 338 1347 quas
360 1291 454 1334 nondum
473 1291 559 1334 Eusebii
580 1295 602 1334 et
623 1291 749 1349 Hieronymi
768 1291 896 1349 temporibus

202 1359 330 1403 “exstitisse
347 1359 474 1403 validissime
491 1360 589 1417 probat.”
620 1361 682 1403 Hane
698 1360 766 1418 igitur
781 1361 897 1417 Epistolam

201 1429 228 1472 ad
238 1429 376 1486 Polyearpum
386 1431 416 1473 ah
423 1429 464 1480 alio
474 1429 592 1487 Impostore
602 1431 640 1474 sub
651 1429 725 1487 quinto
736 1430 817 1474 saeculo
827 1431 897 1488 flotam

200 1501 270 1554 putat.
871 1496 872 1500 ’

230 1568 345 1611 Pearsouus
365 1584 414 1612 vero
437 1584 475 1611 nee
498 1568 595 1626 priorem,
615 1583 654 1611 nee
676 1567 812 1624 posteriorem
836 1569 898 1625 hujus

139 1633 153 1656 ²‘
201 1638 308 1694 Epistolae
328 1638 432 1682 Fietorem
453 1638 563 1694 agnoseit3
586 1641 608 1680 et
627 1638 683 1681 inter
703 1638 789 1695 Septem
808 1638 897 1681 Eusebio

201 1712 333 1761 memoratas,
354 1711 375 1751 et
397 1724 409 1751 a
432 1724 453 1751 se
476 1707 615 1750 defendendas
638 1706 724 1751 omnino
747 1708 897 1751 numerandam

201 1781 285 1820 censet:
301 1777 384 1820 easdem
397 1793 468 1820 omnes
479 1776 502 1819 in
512 1777 662 1834 Polycarpiana
672 1778 780 1835 Συναγωγῇ
793 1777 896 1830 collectas,

200 1846 307 1903 Epistolae
319 1847 370 1903 ejus,
380 1846 403 1889 iu
413 1849 519 1889 conventu
528 1845 590 1888 Asiae
605 1862 642 1903 per
655 1845 736 1902 aliquot
750 1846 830 1890 saecula
843 1848 896 1904 pub-

199 1917 239 1959 lioe
253 1916 325 1969 lentae,
340 1916 468 1973 subjunctas,
483 1920 504 1959 et
519 1932 532 1958 a
547 1916 568 1958 S.
579 1916 676 1973 Martyre
691 1916 818 1972 conscriptas
833 1917 897 1960 finisse

200 1990 342 2029 asseveranter
356 1985 469 2029 contendit.
500 1984 632 2028 Sententiam
646 1984 728 2028 Dallaei
742 1984 768 2027 de
780 1985 897 2042 impostore

200 2056 275 2113 primo,
294 2057 336 2099 Sex
353 2055 457 2111 Epistolas
474 2058 523 2111 post
540 2054 640 2097 ducentos
656 2054 682 2097 ab
698 2054 779 2111 Ignatii
796 2056 896 2112 martyrio

201 2141 266 2169 annos
276 2125 299 2168 in
309 2126 378 2168 lucem
386 2125 510 2181 proferente,
518 2127 540 2167 et
549 2124 646 2176 seeundo,
653 2123 712 2166 illam
722 2123 749 2166 ad
759 2123 897 2182 Polycarpum

200 2199 249 2252 post
264 2194 364 2238 ducentos
380 2194 444 2237 etiam
460 2193 511 2236 alios
531 2193 666 2250 parturiente,
683 2189 816 2249 figmentum,
832 2194 896 2238 immo

200 2267 323 2322 portentum
333 2261 377 2307 esse
384 2263 472 2320 judicat.
516 2318 518 2323 γ

229 2336 270 2377 Pro
286 2334 354 2377 trihus
371 2333 458 2385 Usserfi,
474 2335 563 2388 quatuor
583 2330 675 2374 diversas
695 2331 777 2388 Ignatii
796 2332 896 2376 editiones

199 2406 250 2449 oh'm
260 2403 375 2447 obtinuisse
385 2402 467 2446 statuit.
498 2402 573 2444 Prima
583 2401 625 2444 fuit
637 2415 744 2457 germana,
754 2401 896 2457 Epistolarum

198 2478 283 2517 tantum
304 2474 403 2529 Septem;
427 2470 568 2528 aPolyoarpo
589 2470 652 2522 edita,
668 2473 690 2512 et
708 2470 773 2527 ipsius
790 2471 896 2527 Epistulae

198 2545 225 2587 ad
247 2543 391 2601 Philippenses
416 2542 515 2598 subjecta,
541 2540 633 2593 Irenaeo,
653 2539 775 2596 Theophilo,
800 2540 895 2598 Origeni‚

197 2614 295 2667 Eusebio,
315 2611 440 2664 Athanasio,
461 2611 618 2668 Chrysostomo,
639 2608 777 2667 Hieronymo,
801 2610 895 2655 Theodo-

198 2688 249 2737 reto,
261 2683 351 2736 Gelasio,
365 2682 488 2739 Ephraimo,
502 2679 607 2723 Antiocho
623 2678 714 2735 cognita.
746 2679 840 2723 Secunda
854 2682 896 2725 fuit

198 2754 311 2796 earundem
320 2752 463 2809 Epistolarum
479 2750 572 2806 Septem,
587 2749 623 2791 sed
637 2748 776 2804 interpolata:
792 2750 858 2806 qualis
873 2751 895 2795 in

198 2826 249 2867 suot
268 2822 380 2879 exemplari
401 2822 480 2865 Graeeo
501 2819 550 2862 MS.
571 2821 646 2870 exstat,
672 2818 779 2875 Stephano
804 2819 894 2874 Gobaro,

221 2981 227 3005 t
238 2978 298 3011 Habeo
311 2979 394 3021 exemplar
405 2978 443 3012 MS.
454 2977 542 3017 Graecum,
554 2976 595 3009 mihi
608 2987 618 3009 a
629 2975 669 3008 Viro
681 2975 729 3008 docto
740 2978 757 3008 et
768 2975 894 3020 Antiquitatum
