1975 3455
295 215 337 259 AD
347 211 546 266 CORINTHIOS,
557 212 607 255 xlix.
757 210 800 254 183

106 333 284 406 dijudicatione,
312 331 346 381 sit
373 336 455 381 castus
486 329 513 378 in
540 327 654 395 operibus
666 345 672 387 3
707 332 912 414 quamoptime

105 414 183 483 major
200 429 255 471 esee¹
268 409 373 467 videtur,
388 413 459 458 tento
474 405 588 457 humilior
607 422 660 456 esse
677 404 757 463 debet,
775 405 911 467 et1d0r.133.

106 493 171 561 quod
186 488 298 541 omnibus
313 486 448 538 utilitatem
464 485 556 544 afferat,
571 502 622 535 non
639 501 712 534 suum
727 500 800 550 quae-

106 590 163 623 ΥθΓθ.

139 646 231 700 XLIX.
250 645 300 708 Qui
314 645 458 695 charitatem
473 644 499 693 in
511 642 610 694 Christo
626 641 708 701 hebet,
719 647 801 692 servet

106 726 200 779 Oinisti
220 723 343 774 mandata.
377 721 511 773 Vinculum
534 720 661 772 charitatis
679 720 727 770 Dei
746 720 845 787 quisce.
857 738 911 780 mn.

105 808 188 872 potest
207 804 336 852 enarraret
360 800 415 868 quis
434 799 599 868 praestantiae
619 797 672 866 ejus
690 797 801 865 magnifi-

106 882 211 933 centiam
229 886 304 948 prout
321 884 424 947 parcet
442 895 553 928 enarrare
573 877 660 927 valeti
685 874 801 925 Altitudo

105 960 138 1010 ad
155 977 229 1027 quam
247 958 329 1008 evehit
339 957 453 1008 charitas
472 955 639 1007 inenarrabilis
659 960 702 1005 est.
738 954 801 1005 Oha-

106 1121 161 1162 Alex,
183 1120 268 1161 (laeteris
277 1120 326 1160 illd.
337 1120 390 1160 deest
399 1121 437 1171 γάρ,
465 1119 476 1158 Ι
486 1119 529 1160 (lor.
540 1133 554 1158 x
564 1131 596 1170 33,
605 1119 627 1168 μὴ
638 1121 690 1166 ζητῶν
698 1119 718 1157 τὸ
728 1119 800 1167 ἐμαυτοῦ

106 1190 141 1217 nee
149 1176 226 1229 quidem
235 1176 359 1215 incommode,
465 1175 559 1225 συμφέρον,
575 1175 621 1213 ἀλλὰ
636 1176 657 1212 τὸ
673 1178 707 1212 τῶν
723 1175 799 1222 πολλῶν,

133 1231 158 1271 ib.
168 1231 245 1283 τοσούτῳ
253 1233 287 1281 γὰρ
296 1247 310 1270 κ.
318 1247 333 1270 τ.
340 1227 367 1284 λ]
385 1229 437 1270 (lita-
463 1229 575 1269 ίνασωθῶσι,
591 1227 726 1268 GALLAND.

105 1291 139 1327 tur
148 1286 169 1325 in
176 1285 256 1327 Antonii
263 1285 345 1331 Melissa,
353 1284 410 1325 Parte
420 1298 437 1334 2,
493 1286 510 1324 6,
521 1286 554 1323 Τὸν
562 1281 633 1338 δεσμὸν]
650 1282 740 1323 Oitantur
753 1282 800 1322 haec

106 1340 166 1382 Serm.
178 1349 209 1391 73,
218 1341 348 1389 Kltpevros‘...
356 1342 439 1378 τοσοῦτόν
465 1352 476 1378 a
490 1338 511 1379 B.
522 1338 647 1390 Hieronymo,
659 1337 692 1390 qui
706 1338 727 1377 in
741 1337 799 1377 Oom·

106 1412 131 1435 m
140 1399 206 1445 μᾶλλον
214 1397 281 1445 ὀφείλει
293 1397 437 1445 τοπεινοφρονεῖν,
464 1393 563 1433 meniariis
572 1394 593 1432 in
600 1393 635 1445 Ep.
642 1393 668 1432 ad
674 1393 723 1445 Eph.
733 1391 761 1447 [iv
769 1394 795 1443 1.]

106 1450 148 1490 ὅσον
157 1453 203 1489 δοκεῖ
210 1453 276 1499 μᾶλλον
285 1448 330 1488 εἶναι·
345 1451 396 1488 καλὸν
404 1451 438 1500 γὰρ
465 1448 542 1489 Obsecro
548 1449 613 1499 itaque
619 1448 770 1499 conspectaretur
776 1448 799 1496 iu

106 1506 132 1543 ἀεὶ
141 1509 165 1557 τῷ
177 1507 257 1555 κρείττονι
269 1505 289 1542 τὸ
302 1508 359 1554 χεῖρον
367 1505 437 1542 ἀκολου·
463 1503 553 1552 Domino,
559 1503 587 1543 ita
596 1502 696 1542 adnotavit
704 1517 708 1542 :
719 1503 799 1543 ‘Potest

107 1561 146 1609 θεῖν,
156 1562 183 1598 διὰ
192 1560 373 1605 caeremonialia.
396 1556 438 1612 [Sic
465 1558 528 1598 ‘etin
536 1557 798 1598 Ohristivinculisetincar-

106 1615 176 1666 legitur
190 1614 211 1653 in
227 1613 273 1653 eod.
289 1614 365 1653 Barcae.
379 1612 437 1662 cxliii,
465 1620 521 1652 ‘cere
529 1626 565 1665 pro
576 1612 669 1665 martyrio
683 1613 799 1652 constitutus

106 1668 137 1708 fol.
151 1667 203 1722 160]
234 1668 260 1707 Et
268 1668 289 1707 in
299 1667 390 1716 Maximo,
400 1668 437 1706 Lo·
465 1667 525 1707 ‘haee
540 1668 636 1717 scribere3
650 1667 718 1719 melius
734 1672 799 1707 autem

106 1737 172 1768 corum
192 1722 327 1762 Communium
346 1722 438 1762 Sermone
465 1726 514 1772 ‘cst
523 1722 540 1770 sl
548 1723 635 1762 vinctum
644 1721 665 1761 in
674 1722 747 1762 Christi
756 1722 800 1762 chu-

107 1791 138 1828 49,
155 1779 257 1826 Κλήμεντος·
271 1781 353 1816 τοσοῦτόν
361 1794 386 1817 τις
395 1780 438 1826 pil-
465 1777 537 1817 ‘ritate
546 1777 637 1817 dicamus.
666 1776 726 1829 (injus
738 1777 766 1816 rei
780 1782 800 1816 et

106 1836 138 1870 λον
152 1834 219 1882 ὀφείλει
237 1835 379 1882 τοπεινοφρονεῖν,
398 1833 440 1870 ὅσον
467 1831 570 1871 ‘Clemens
584 1832 608 1871 ad
623 1831 733 1871 Corinthios
744 1832 800 1872 testis

107 1889 152 1925 δοκεῖ
159 1890 226 1936 μᾶλλον
234 1885 280 1925 εἶναι.
308 1886 367 1925 Vides
378 1891 398 1926 et
407 1886 439 1925 ab·
467 1889 515 1936 ‘est,
525 1887 610 1927 scribens
623 1887 728 1927 Vinculum
738 1887 801 1927 amat-

106 1954 147 1981 esse
156 1940 257 1993 utrobique
266 1954 333 1981 vocem
344 1943 409 1990 μείζων,
420 1946 439 1981 et
467 1941 528 1981 ‘acts
543 1942 581 1982 na'
600 1942 643 1993 qais
660 1942 729 1994 poterit
745 1956 801 1982 ιιιον-

106 1996 221 2036 sentcntiam
242 1999 294 2034 καλὸν
316 1998 349 2047 γὰρ
365 2012 379 2036 κ.
393 2013 409 2036 τ.
421 1999 438 2036 1.
467 1996 550 2036 ‘sorel’
568 1995 626 2051 [Opp.
636 2002 683 2037 tom.
694 1997 721 2038 rii
730 2011 748 2050 p.
761 1999 800 2037 606

106 2051 180 2103 sejungi
190 2051 278 2100 deberea
289 2049 353 2102 priori.
383 2050 439 2101 Quod
466 2051 495 2091 ed.
505 2051 596 2104 Vellera]
612 2052 693 2092 WOTT.

106 2111 225 2157 postremum
237 2106 301 2145 firmat
310 2105 379 2145 veteris
389 2106 439 2145 codi—
494 2108 511 2146 8.
528 2108 579 2158 ἀρκεῖ,
594 2110 617 2147 ὡς
629 2105 678 2161 ἕλη]
695 2107 767 2147 Millius
782 2113 801 2148 et

107 2159 134 2200 eis
150 2160 266 2209 auetoritas3
280 2174 354 2200 necnon
369 2161 440 2200 Dama·
467 2161 570 2202 Wottonus
588 2163 683 2202 mirantur
705 2163 801 2215 quomodo

107 2215 158 2255 sceui
167 2216 249 2267 Eclogae
259 2215 326 2255 MStae
337 2216 358 2255 in
367 2215 437 2255 Biblio-
466 2216 512 2256 istas
524 2222 563 2257 tres
575 2231 631 2257 voces
642 2217 713 2258 eruerit
725 2218 800 2267 Junius,

106 2270 162 2310 theca
176 2270 329 2320 Oleromontnna,
342 2284 381 2323 cap.
397 2274 440 2321 Περὶ
466 2272 537 2324 quippe
553 2286 601 2324 quae
616 2273 672 2325 plane
688 2273 776 2325 fugerant
790 2287 801 2312 e

107 2329 206 2377 συναγωγῆς
215 2331 294 2376 χρηοτῶν
303 2327 372 2376 ἀνδρῶν.
391 2339 440 2378 quae
467 2327 529 2367 MSto.
568 2327 618 2366 Mihi
637 2333 707 2377 aulem,
727 2341 801 2368 summa

107 2380 182 2419 Philoni
197 2380 308 2421 adscribunt
323 2380 371 2420 illud
389 2384 441 2420 καλὸν
467 2395 504 2434 qua
518 2382 572 2434 potui
585 2396 630 2422 cura
639 2382 730 2422 (iudicem
741 2382 800 2435 inspi-

106 2437 140 2485 γὰρ
153 2437 179 2474 ἀεὶ
188 2451 203 2474 κ.
213 2452 228 2475 τ.
238 2439 255 2475 λ.
271 2435 364 2476 OOTEL.
393 2436 440 2476 Gra·
467 2437 531 2481 clenti,
541 2437 603 2477 visum
615 2442 644 2477 cst
654 2437 723 2476 harum
731 2451 800 2477 vocum
824 2459 825 2464 =

106 2489 149 2530 bius
164 2503 243 2543 quoque,
258 2490 278 2530 in
293 2490 357 2544 spicil.
371 2491 440 2531 tomi
467 2492 556 2544 reliquias
578 2492 698 2531 tenuissimas
722 2492 799 2544 quidem

106 2558 125 2596 p.
144 2553 188 2595 270,
205 2550 268 2585 censet
284 2545 383 2598 Epistulae
398 2546 441 2586 Ole-
467 2547 618 2587 adhucexstare.

106 2600 203 2640 mentinse
221 2601 307 2641 additam
324 2601 356 2640 hic
373 2615 440 2641 vocem
495 2615 512 2652 9.
527 2604 547 2639 τὸ
562 2602 614 2652 ὕψος,
628 2618 642 2639 κ.
652 2618 667 2639 τ.
676 2599 704 2655 1.]
721 2601 799 2642 Haben-

105 2656 170 2703 μείζων.
198 2655 441 2696 Sednihildetrahendum
466 2661 499 2696 tur
511 2655 691 2696 haeceOlemente
700 2655 755 2696 Alex.
765 2670 798 2697 us·

106 2709 174 2750 suadet
183 2710 271 2751 Clemens
280 2709 335 2751 Alex.
346 2712 379 2763 qui
391 2712 439 2751 hanc
466 2724 503 2764 que
511 2711 536 2750 ad
549 2713 564 2748 εί
576 2712 599 2760 μὴ
612 2712 641 2751 οὓς
651 2712 672 2749 ἂν
680 2713 776 2760 imaginun
789 2716 798 2751 ὁ

107 2763 126 2804 S.
139 2764 201 2804 Patris
215 2766 330 2806 sententiam
344 2766 440 2819 integram
466 2769 513 2816 θεός,
528 2769 548 2805 at
563 2766 624 2805 multo
640 2766 797 2818 compendiosius.

106 2818 179 2859 recitat.
208 2820 278 2861 Strom.
293 2821 313 2862 vi
327 2824 345 2872 8,
359 2835 377 2874 p.
394 2830 438 2873 773.
466 2820 511 2869 Αὕτη
521 2821 656 2872 εὀτὶνὴιίγάπη,
666 2822 686 2859 τὸ
694 2822 761 2872 ἀγαπᾶν
769 2825 799 2861 τὸν

107 2872 242 2916 GALLAND.
466 2877 509 2914 θεὸν
517 2877 544 2913 καὶ
555 2877 585 2913 τὸν
593 2877 673 2924 πλησίον·
686 2876 728 2925 αὕτη
742 2879 766 2917 εἷς
778 2881 799 2916 τὸ

133 2941 151 2978 3.
161 2930 188 2967 καὶ
202 2932 264 2981 ζητεῖν]
279 2931 361 2971 Videtur
374 2931 392 2972 S.
404 2931 439 2970 Pa·
465 2930 580 2981 ιίνεκδιηγητον
588 2930 635 2981 tidros
644 2931 706 2982 ἀνάγει.
732 2932 799 2983 Ἀγάπη

106 2986 136 3026 ier,
147 2982 229 3036 digitum
243 2986 346 3027 intendisse
359 2987 379 3026 in
391 2986 438 3026 illud
466 2984 548 3025 καλύπτει
559 2987 625 3034 πλῆθος
638 2990 727 3038 ἁμαρτιῶν·
741 2988 798 3040 ἀγάπη
