2061 3403
217 177 263 220 ’110
400 228 402 237 Ι
465 176 487 220 S.
503 175 675 220 cLuMuNuls

220 294 271 349 “rc'
288 294 415 363 ἐποίησας,
442 292 457 362 ἢ
476 296 512 353 τίς
533 292 700 362 ἀντιστήσεται
722 295 756 364 τῷ
776 289 854 361 κράτει
875 292 917 357 τῆς

221 388 235 414 “
247 380 332 454 ἰσχύος
352 382 425 437 αὐτοῦ
434 381 455 449 ;”
471 380 532 437 Ὅτε
548 380 618 445 θέλει,
634 380 673 434 καὶ
690 380 722 436 ὡς
738 375 808 445 θέλει,
823 376 917 446 ποιήσει

219 465 305 534 πάντα,
317 470 356 522 καὶ
374 468 442 523 οὐδέν
457 467 490 537 μὴ
505 465 614 539 παρέλθῃ
632 471 680 521 τῶν
695 463 917 534 δεδογρατισμένων

220 553 259 609 ὑπ’
271 555 352 610 αὐτοῦ.
393 554 479 610 Πάντα
499 554 598 610 ἐνώπιον
617 554 690 608 αὐτοῦ
707 553 775 618 εἰσίν,
791 554 830 606 καὶ
849 550 916 606 οὐδὲν

219 638 322 709 λέληθεν
340 640 384 710 τὴν
402 640 496 710 βουλὴν
512 643 592 697 αὐτοῦ.
632 642 684 693 “Εὶ
707 641 729 692 οἱ
748 639 842 708 οὐρανοὶ
864 640 937 706 διο-5

219 734 234 760 “
246 734 344 797 γοῦνται
360 727 435 800 δόξαν
448 733 519 795 Θεοῦ,
532 728 629 796 ποίησιν
643 726 668 780 δὲ
686 729 770 798 χειρῶν
781 727 854 780 αὐτοῦ
872 727 914 778 οἱν-

219 821 234 846 “
246 811 363 883 αγγέλλει
381 815 409 870 τὸ
429 813 559 884 στερέωμα·
580 813 594 880 ἡ
614 811 689 882 ἡμέρα
709 814 739 882 τῇ
758 811 833 884 ἡμέρᾳ
851 811 914 881 ε’ρεύ-

219 907 234 933 “
246 923 312 970 γεται
324 905 396 974 ῥῆμα,
411 903 449 956 καὶ
461 899 508 971 νὺξ
519 901 584 955 νυκτὶ
599 895 743 968 ἀναγγέλλει
755 904 854 967 γνῶσιν·
877 898 916 951 καὶ
977 906 978 909 ’

219 994 234 1020 “
246 989 289 1041 οὐκ
307 990 353 1043 εἰσὶ
367 987 437 1057 λόγοι
455 986 507 1042 οὐδὲ
525 986 616 1052 λαλιαί,
631 984 665 1039 ὧν
680 986 732 1057 οὐχὶ
750 984 874 1039 ἀκούονται
891 987 916 1037 αὶ

219 1081 234 1107 “
246 1076 325 1147 φωναὶ
342 1074 443 1128 αὐτῶν.”
925 1097 950 1123 10

107 1176 183 1211 Deusti·
256 1159 322 1214 KH'.
344 1160 447 1214 Πάντων
469 1160 511 1214 οὖν
528 1158 684 1226 βλεπομένων
701 1159 739 1212 καὶ
757 1157 913 1225 ἀκουομένων,

106 1222 182 1260 mendus‚
307 1250 317 1263 „
403 1248 409 1264 ,
431 1245 438 1264 ,
509 1247 517 1266 x
545 1248 551 1264 ,
618 1246 625 1265 Ι
765 1243 772 1262 J
842 1243 854 1264 ,7

107 1266 203 1319 cujusjuu-
217 1249 362 1319 φοβηθωμεν
380 1270 460 1312 αυτον,
479 1269 517 1299 και
537 1251 703 1312 απολειπωμεν
721 1248 822 1317 φαυλων
838 1267 915 1313 εργων

106 1321 192 1388 igidi&
215 1330 301 1402 μιαρολς
319 1332 449 1401 ἐπιθυμίας,
465 1331 504 1385 ἵνα
522 1335 557 1404 τῷ
576 1330 633 1384 ἐλέει
649 1332 721 1385 αὑτοῦ
740 1334 915 1398 σκεπασθῶμεν

106 1410 144 1432 cere
151 1400 201 1433 valet.
216 1415 264 1472 ἀπὸ
280 1422 328 1473 τῶν
340 1417 480 1486 μελλόντων
492 1416 618 1487 κριμάτων.
659 1420 712 1470 Ποῦ
730 1415 778 1486 γάρ
795 1440 830 1474 τις
848 1417 915 1484 ἡμῶν

216 1502 313 1558 δυ’ναται
325 1508 409 1578 φυγεῖν
422 1502 469 1558 ἀπὸ
481 1507 524 1571 τῆς·
536 1507 647 1574 κραταιᾶς
657 1501 733 1574 χειρὸς
746 1503 833 1568 αὐτοῦ,
848 1507 915 1560 ποῖος
924 1531 948 1571 15

216 1589 241 1644 δὲ
257 1588 355 1658 κόσμοο
366 1589 457 1661 δέξεταί
473 1613 526 1645 τινα
542 1593 591 1644 τῶν
607 1587 805 1657 αὐτομολούντων
817 1589 856 1643 ἀπ’
870 1590 912 1642 αὐ-

215 1682 275 1741 τοῦ;
292 1676 358 1746 ’λέγει
379 1674 427 1747 γάρ
448 1700 495 1731 που
515 1675 542 1730 τὸ
563 1679 686 1749 γραφεῖον,
711 1681 729 1707 “
740 1679 794 1729 Ποῦ
816 1673 912 1747 ἀφήξω,

216 1847 281 1900 potius
295 1860 353 1898 quam
365 1847 452 1896 alterum,
465 1846 551 1886 imitatus
578 1846 628 1886 nutis
650 1850 716 1885 munet
738 1845 840 1885 lectionem
861 1846 914 1886 MSti

216 1906 250 1942 est.
266 1902 339 1941 Eadem
346 1902 369 1941 de
375 1902 455 1950 ratione,
462 1902 487 1940 ob
494 1915 551 1953 quam
578 1901 618 1940 sine
634 1914 690 1940 eausa
707 1901 728 1939 in
743 1900 859 1941 editionibus
872 1915 914 1940 mu-

215 1957 247 1996 hie
256 1957 324 1996 citasse
338 1957 455 2009 Sapientiam
466 1956 552 1996 Salemo-
578 1961 639 1995 tatem
656 1956 720 2005 fuisse,
735 1959 755 1995 et
769 1970 836 1996 voeem
854 1957 914 1997 futuri

215 2012 246 2051 nis
259 2011 335 2061 dieitur,
347 2025 423 2064 possem
438 2010 497 2050 etiam
507 2025 551 2049 eon·
577 2010 670 2062 temporis
687 2010 755 2049 melius
773 2024 816 2049 eum
834 2025 872 2063 seq.
888 2014 915 2050 καὶ

215 2066 299 2115 tendere,
306 2071 416 2106 mutuatum
425 2079 464 2104 esse
471 2065 552 2104 Paulum
578 2067 627 2103 οὐδὲν
636 2066 658 2114 μὴ
667 2066 743 2115 παρέλθῃ
754 2066 859 2105 convenire.
884 2066 913 2106 Of.

216 2136 241 2161 ex
259 2121 327 2160 eedem
345 2121 400 2165 libro,
415 2121 470 2159 Rom.
486 2120 507 2158 ix
520 2133 551 2168 οι,
579 2119 598 2159 S.
609 2120 665 2159 Muti.
675 2133 693 2158 v.
706 2121 735 2168 18,
745 2121 786 2157 ἰῶτα
798 2120 834 2169 br,
844 2123 874 2169 μία
888 2137 914 2159 κε-

215 2176 326 2228 exemplum
339 2175 394 2228 figuli
409 2179 428 2214 ei
441 2174 484 2214 iuti.
513 2174 552 2214 Sed
578 2175 617 2224 ραία
626 2177 646 2212 οὗ
654 2176 677 2222 μὴ
686 2175 762 2223 παρέλθῃ
771 2175 804 2213 ἀπὸ
816 2179 847 2213 τοῦ
856 2178 912 2224 νόμου.

214 2231 310 2271 eredimus
319 2245 364 2271 aum
372 2229 437 2282 potius
446 2229 552 2281 respexisse
579 2228 675 2280 Equidem
696 2228 756 2268 miror
778 2243 816 2281 qua
839 2231 913 2270 ratione

213 2287 239 2326 ad
248 2286 310 2326 Isaiae
319 2287 383 2326 locum
392 2284 478 2332 citatum,
487 2284 518 2323 vel
527 2284 551 2323 ad
578 2283 681 2323 Wettonus
687 2284 772 2335 potuerit
778 2285 865 2325 assentiri
871 2286 914 2325 Fel-

213 2342 252 2381 Jer.
264 2341 312 2381 xviii
322 2343 339 2381 6.
368 2340 420 2390 Quid
434 2339 450 2378 si
464 2338 552 2378 Clemens
578 2338 597 2377 lo
613 2342 632 2377 et
647 2337 754 2378 Oolomesie
768 2340 914 2380 restituentibus

212 2396 272 2436 animi
281 2394 485 2448 sensaexpressitejus
494 2393 552 2446 scrip·
578 2395 658 2443 παρῆλθε,
683 2394 714 2432 ‘ni
736 2394 786 2434 forte
808 2395 913 2435 inseramus

213 2452 261 2492 toris
269 2452 346 2492 verbus
356 2451 385 2490 Ea
394 2463 433 2489 non
442 2448 521 2501 profert,
528 2452 551 2488 ut
579 2450 584 2468 ‘
594 2450 644 2497 ὥστε,
660 2452 679 2488 et
694 2449 791 2501 legamus:
809 2451 851 2489 “ove
867 2452 913 2489 θέλει

212 2508 277 2547 lecum
290 2506 406 2559 Seripturae,
418 2503 480 2556 magis
493 2517 551 2556 quam
579 2509 583 2525 ‘
593 2505 620 2540 καὶ
629 2506 651 2543 ὡς
661 2504 706 2542 θέλει
717 2505 785 2553 ποιήσει
798 2508 857 2554 πάντα,
867 2508 913 2544 ὥστε

213 2562 283 2601 Paulus
315 2561 411 2602 senarium
443 2558 549 2598 Menandri.
579 2559 619 2595 ‘rat
632 2560 680 2597 οὐδὲν
693 2561 715 2608 μὴ
728 2560 805 2610 παρέλθῃ
818 2558 856 2614 [vel
869 2578 913 2611 παρ-

213 2617 287 2657 GUIL,
297 2616 415 2657 BURTON,
578 2611 655 2666 ἐλθεῖν]
669 2619 702 2652 τῶν
715 2616 871 2665 δεδογματισμένων
884 2617 912 2655 ὑπ’

240 2686 257 2711 2.
265 2672 333 2720 ποιήσει
341 2669 403 2725 πάντα]
413 2670 446 2710 Iba
453 2668 499 2708 (iod.
507 2666 548 2708 MS.
578 2673 582 2690 ‘
592 2668 654 2705 atros?

212 2727 242 2767 uti
255 2731 371 2767 monuerunt
380 2726 454 2765 Millius
466 2729 486 2764 et
495 2724 550 2763 Wot-
605 2730 622 2770 5.
639 2724 660 2760 Εἰ
676 2726 692 2761 οἱ
707 2722 780 2778 οὐρανοὶ]
796 2724 858 2764 Abest
874 2727 912 2764 εἷο

212 2788 251 2821 teu.
262 2796 301 2821 nou
310 2784 394 2831 ἐποίησεν,
405 2780 456 2833 quod
470 2779 549 2818 dederat
577 2776 631 2815 LXX
648 2777 695 2817 Iutt.
712 2779 764 2830 quod
782 2793 829 2819 mox
846 2793 912 2819 rursus

140 2841 142 2845 '
212 2837 287 2886 Junius,
299 2850 357 2889 quem
370 2836 431 2876 secuti
443 2839 489 2875 sunt
498 2834 547 2873 Edd.
576 2832 697 2871 inserendum
706 2839 750 2873 ante
759 2836 768 2883 ἡ
778 2836 831 2885 ἡμέρα
842 2839 912 2887 putant

212 2906 278 2931 omnes
293 2897 369 2943 praeter
384 2891 432 2931 Gall.
450 2889 513 2929 Hefel.
529 2892 549 2928 et
577 2886 694 2927 Oolomesius
703 2893 722 2927 et
731 2888 841 2930 Ootelerius.
871 2890 910 2928 Da-

212 2947 334 2987 Dresselium.
354 2946 434 2999 Freyius
441 2945 519 2998 quidem
528 2944 548 2983 iu
575 2942 635 2983 visilis
644 2943 713 2992 mallet,
724 2947 756 2983 Καὶ
765 2948 781 2983 οἱ
790 2947 861 2997 οὐρανοί.
