2061 3403
194 153 237 196 152
426 151 448 195 S.
462 149 634 195 OLEMENTIS

193 275 242 324 τῶν
266 272 441 341 προειρημένων
464 275 616 342 λειτουργῶν.
656 271 690 324 Οἱ
714 269 756 323 οῦν
777 268 842 339 παρὰ
867 266 895 322 τό

194 359 298 424 καθῆκον
311 359 353 424 τῆς
368 357 511 426 βουλήσεως
528 358 600 412 αῦτοῦ
616 355 737 413 ποιοῦντές
751 379 780 421 τι,
793 353 896 408 θάνατον

193 443 222 498 τὸ
234 441 371 514 πρόστιμον
383 444 488 516 ἔχουσιν.
526 444 621 515 Ὁρᾶτε,
633 443 741 515 ἀδελφοί,
758 442 810 514 ὅση)
825 440 894 496 πλεί-

194 553 248 587 ονος
263 527 445 599 κατηξιώθημεν
461 530 581 600 γνώσεως,
598 528 707 601 τοσούτω
725 533 823 596 μᾶλλον
835 528 894 582 ῦπο-

193 615 287 683 κείμεθα
305 613 414 689 κινδύνῳ.
905 628 917 669 5

84 719 186 771 ordomiai-
232 698 300 756 MB'.
328 704 362 756 Οἱ
384 700 518 757 ἀπόστολοι
539 703 594 770 ἡμῖν
614 701 823 770 εὐηγγελίσθησοιν
847 699 896 754 ἀπὸ

83 767 180 798 mmmm
225 794 236 806 Α
311 789 317 808 ι
355 788 361 805 ι
428 794 438 806 a
552 789 587 806 a,
653 793 664 805 a
697 789 703 804 ι
806 785 814 803 x
855 786 891 803 »x

83 808 176 862 nectarae
194 812 237 842 του
252 792 344 858 Κυριου
363 792 439 855 Ιησον
452 792 569 858 Χριστου,
590 792 677 855 Ιησους
693 811 706 840 ο
723 790 831 856 Χριστος
848 810 895 840 απο

84 854 164 931 ῗόιόῖόιοο-
194 881 238 930 τοῦ
251 880 322 930 Θεοῦ.
341 872 498 946 Ἐξεπόνφθη
511 877 523 928 ό
534 873 641 945 Χριστός
654 874 695 927 οῦν
708 871 755 927 ἀπὸ
768 879 810 927 τοῦ
825 876 896 938 Θεοῦ,

84 947 117 976 ”¹⁵¹
195 961 233 1014 καὶ
247 964 269 1014 οὶ
280 958 416 1015 ἀπόστολοι
429 959 477 1014 ἀπὸ
489 966 531 1014 τοῦ
543 964 660 1030 Χριστοῦ·
674 958 784 1028 ἐγένοντο
796 959 838 1012 οῦν
851 959 897 1025 ἀμ-

84 1063 163 1117 Episcopi
170 1067 188 1096 α
196 1046 286 1119 φότερα
297 1045 415 1103 εὐτάκτως
426 1047 452 1099 ἐκ
467 1045 601 1114 θελήματος
613 1051 684 1101 Θεοῦ.
725 1046 896 1116 Παραγγελίας
907 1072 931 1098 10

84 1109 184 1196 iiiiii?
195 1132 237 1186 οῦν
249 1130 373 1197 λαβόντες,
386 1133 424 1184 καὶ
443 1131 667 1202 τληροφορηθέντες
682 1129 720 1184 διὰ
734 1133 776 1198 τῆς
788 1128 894 1184 ἀναστό-

85 1198 162 1232 ordinat.
195 1241 257 1275 σεως
272 1223 315 1271 τοῦ
335 1216 425 1287 Κυρίου
440 1217 507 1284 ἡμῶν
519 1217 602 1284 Ἰησοῦ
620 1221 738 1288 Χριστοῦ,
752 1219 791 1271 καὶ
805 1240 895 1271 πιστω-

195 1304 274 1362 θέντες
296 1306 322 1357 ἐν
344 1308 378 1376 τῷ
402 1301 470 1376 λόγῳ
492 1309 535 1357 τοῦ
554 1308 626 1369 θεοῦ,
648 1302 708 1370 μετὰ
730 1302 896 1376 πληροφορίας

196 1490 245 1529 hanc
251 1488 442 1541 popoorom‘arlcgcre
447 1494 477 1529 est
482 1489 535 1541 apud
562 1493 597 1529 ‘ct
610 1489 704 1529 honorem
717 1489 787 1529 summi
801 1489 897 1541 pontificis

197 1544 342 1593 Maimonidem,
356 1543 390 1596 qui
403 1544 423 1582 in
436 1544 481 1583 Jad
490 1545 535 1583 Ηα-
562 1545 666 1597 ‘pertinet
676 1548 698 1584 ut
708 1544 804 1584 consideat
813 1544 834 1583 in
843 1558 896 1584 sanc·

196 1613 242 1640 ςαοα
251 1600 314 1639 Traot.
325 1599 392 1638 Isocra
403 1598 503 1639 Misceat
512 1600 534 1651 ἕξ
562 1600 640 1638 ‘tuario
657 1613 691 1651 per
706 1603 771 1639 totum
789 1599 846 1648 diem,
862 1613 898 1639 nec

199 1668 216 1703 ν,
227 1669 245 1705 3,
258 1659 347 1693 numerat
361 1662 386 1704 73
401 1653 448 1693 vitia
462 1654 534 1694 sacrifi.
562 1654 691 1706 ‘egrediatun
706 1654 743 1693 nisi
758 1655 837 1693 domum
854 1659 897 1694 tnn-

197 1711 277 1758 cicrum,
284 1722 366 1761 quorum
377 1720 402 1758 50
409 1713 429 1748 et
435 1709 534 1748 hominem
561 1713 566 1732 ⁶
575 1714 618 1748 tum
627 1714 691 1758 noctu,
701 1714 735 1750 aut
744 1723 779 1761 per
785 1709 858 1759 horam,
864 1713 898 1749 aut

198 1769 218 1804 et
227 1777 284 1816 pecus
293 1764 395 1815 profanum
403 1763 481 1812 faciunt,
490 1764 534 1803 reli-
561 1764 672 1804 ‘bihorium
690 1764 786 1804 interdiu’
823 1764 844 1804 Si
867 1764 898 1804 cui

199 1833 237 1871 quc
247 1818 360 1870 23propria
370 1823 415 1858 sunt
423 1818 532 1870 pecudibus.
560 1819 607 1859 haec
630 1820 717 1858 nondum
739 1820 764 1858 ad
787 1820 898 1872 scrupulum

199 1874 220 1913 N
221 1888 242 1913 cc
250 1879 316 1914 tamen
325 1878 358 1913 aut
367 1873 438 1913 ibidem
448 1878 481 1913 aut
488 1873 534 1913 alibi
560 1874 611 1913 hunc
620 1874 727 1915 tollendum
736 1874 783 1914 satis
792 1874 861 1914 idonea
870 1875 898 1915 vi-

199 1929 285 1968 invenire
303 1932 337 1977 est,
354 1928 405 1980 quod
425 1928 457 1968 hic
475 1929 535 1968 tradit
561 1930 647 1978 deantur,
657 1929 704 1981 quid
717 1930 787 1979 obstat,
797 1929 898 1981 quominus

200 1984 293 2033 Clemens,
313 1996 378 2022 curam
395 1983 444 2022 hanc
459 1997 534 2022 accura-
561 1989 636 2024 mutata
649 1984 727 2035 vulgari
738 1984 898 2035 interpunctione,

199 2039 285 2078 tissimae
307 2037 430 2088 inspectionis
453 2043 473 2077 et
491 2052 534 2089 per·
561 2039 626 2090 ipsum
641 2038 695 2078 dubii
709 2039 855 2079 fundamentum
869 2053 898 2078 re-

198 2092 302 2145 spectionis
318 2092 440 2131 victimarum
457 2093 536 2144 integri·
563 2094 686 2132 moveamus?
700 2098 722 2133 ut
732 2096 751 2132 τὸ
765 2096 792 2131 διὰ
805 2098 837 2131 τοῦ
848 2094 897 2143 ἀρχι-

198 2148 245 2188 tatis
255 2160 331 2188 summo
339 2146 441 2198 praecipue
450 2147 536 2198 pontifici
564 2147 614 2197 ερέως
623 2164 637 2186 κ,
648 2165 662 2187 τ.
674 2152 690 2186 λ.
701 2161 740 2187 non
751 2149 776 2187 ad
784 2149 899 2188 vccabulum

199 2209 218 2243 ct
227 2203 307 2254 reliquis
316 2201 424 2241 incubuisse
433 2202 535 2241 sacerdoti·
563 2203 655 2242 remotius
671 2203 809 2251 μομοσκοπηθέν,
825 2204 858 2243 sed
874 2204 898 2243 ad

198 2260 238 2298 bus.
268 2257 307 2298 Sed
316 2257 357 2297 sive
368 2256 410 2308 jam
422 2255 459 2307 ipsi
469 2269 504 2308 per
516 2269 536 2295 se
563 2257 689 2308 propinquius
700 2260 842 2308 προσφερόμενον
850 2260 898 2299 refe-

197 2314 233 2353 hnc
242 2327 301 2366 opera
315 2311 401 2351 defuncti
410 2311 486 2359 fuerint,
496 2311 536 2350 sive
563 2325 633 2361 ramus,
643 2312 679 2351 hoc
692 2325 754 2362 sensu,
763 2327 802 2353 non
817 2313 838 2353 in
851 2328 898 2366 quo-

197 2369 245 2408 aiios
264 2369 289 2407 ad
307 2368 344 2406 hoc
362 2366 468 2405 curandum
486 2366 537 2405 dele·
563 2366 610 2405 libet
632 2366 679 2415 loco,
702 2369 736 2407 sed
759 2368 899 2421 Hierosolymis

198 2424 291 2476 gavednt,
306 2421 392 2461 dubitari
405 2421 478 2472 nequit,
490 2421 536 2472 quin
563 2421 670 2471 dumtaxat,
678 2435 713 2461 nec
726 2423 748 2462 in
761 2424 828 2475 quavis
841 2424 899 2476 hujus

198 2493 273 2518 summo
283 2478 348 2518 studio
358 2481 378 2517 et
387 2476 442 2528 quasi
456 2476 491 2515 sub
506 2489 536 2515 co·
564 2476 646 2516 civitatis
654 2482 715 2529 parte,
724 2479 758 2517 sed
766 2479 787 2518 in
796 2479 846 2519 atrio
855 2484 898 2519 tan-

197 2548 242 2573 rum
251 2534 310 2573 oculis
323 2536 424 2585 peractum
432 2530 536 2570 merthoc
563 2535 612 2572 tum,
622 2532 714 2571 sacrificia
727 2547 741 2585 a
749 2547 825 2573 summo
839 2538 859 2574 et
869 2548 899 2574 re-

197 2590 310 2641 ncgctium:
325 2602 347 2627 ca
357 2588 381 2627 dc
395 2590 537 2638 causopraeter
563 2585 620 2637 liquis
638 2588 767 2628 sacerdotibus
787 2589 898 2639 offcmntur,

197 2645 244 2683 alias
262 2657 310 2695 opus
328 2643 366 2683 fuit
384 2642 476 2681 continua
497 2641 537 2679 fere
564 2645 665 2693 postquam
683 2643 737 2694 prius
753 2657 764 2682 a
778 2648 899 2693 μωμοσκόποις

197 2699 305 2751 praesentia
319 2698 390 2737 summi
402 2695 507 2737 sacerdotis
516 2696 537 2734 in
564 2702 650 2736 accurate
679 2697 756 2739 fuerunt
787 2699 897 2752 perquisita.

198 2755 285 2806 templo:
309 2754 329 2792 id
346 2757 397 2792 certe
415 2753 466 2792 inter
482 2765 537 2803 prac-
564 2750 610 2789 Non
620 2752 670 2791 enim
679 2753 699 2791 id
710 2754 812 2806 praecipue
825 2755 866 2806 ogit
876 2755 897 2793 B.

198 2810 263 2860 eipuas
282 2808 389 2848 functiones
407 2808 464 2859 hujus
481 2806 537 2858 ponit
565 2804 658 2855 Clemens,
670 2813 692 2847 ut
706 2809 773 2849 doceat
784 2809 827 2860 quis
842 2823 899 2861 pecu-

198 2864 331 2912 Maimonides,
345 2864 407 2903 Trcct.
421 2864 468 2902 Keie
481 2862 535 2900 Ιιοοι-
564 2860 668 2902 liaritersit
677 2867 794 2912 μωμοσκότος,
803 2865 899 2917 sedaquo

198 2919 299 2968 quercea,
317 2920 327 2970 ξ
343 2928 359 2968 5.
395 2918 440 2957 ‘Ad
455 2918 536 2971 gloriam
564 2920 584 2955 ct
597 2930 634 2968 quc
649 2917 668 2956 in
682 2918 723 2957 loco
738 2919 830 2959 sacrificia
844 2934 899 2972 opor-
