1975 3455
271 226 313 270 AD
329 224 524 277 CORINTHIOS,
539 224 592 277 lviii,
602 223 638 267 lix.
760 224 804 267 ‘215

142 344 238 397 LVIII.
257 343 385 410 Inspector
401 341 510 392 omnium
526 341 601 400 Deus,
615 334 747 408 spirituum
763 341 805 390 he.
814 357 905 409 Numnyi

108 443 156 483 rus,
169 429 195 474 et
205 423 333 474 universae
345 421 423 471 earnis
434 420 562 479 Dominus,
573 420 617 486 qui
633 419 709 487 elegit
721 419 804 469 Domi·
814 411 840 479 ξέ
853 411 900 434 xxm

108 521 168 554 num
176 502 263 552 Jesum
276 500 408 559 Christum,
420 505 447 549 et
461 517 506 548 nos
517 516 561 565 per
571 515 629 548 eum
643 497 670 547 in
686 497 805 565 populum

108 580 260 649 peculiarem,
280 578 323 628 det
343 578 409 628 omni
429 578 530 635 animae,
550 594 612 643 quae
630 575 762 643 gloriosum
779 582 805 626 et

107 664 220 708 sanctum
237 674 326 706 nomen
346 655 399 723 ejus
418 654 575 713 invocaverit,
590 653 671 712 fidem,
684 653 805 711 timorem,

107 753 198 804 pacem,
213 733 365 801 patientiam,
382 733 606 801 aequanimiiatem,
622 731 804 791 continentiam,

45 865 47 868 ,
108 813 246 864 castitatem
258 818 284 862 et
294 812 445 879 pudicitiam,
456 817 486 862 ut
497 810 591 861 nomini
605 810 659 878 ejus
671 815 736 860 recte
753 810 804 878 pla-

107 897 168 950 ceat,
175 908 219 958 per
227 908 350 941 summum
359 891 509 942 sacerdotem
518 896 544 940 et
551 895 683 956 patronum
691 895 804 939 nostrum

107 967 124 1019 J
125 986 194 1018 esum
205 967 339 1027 Christum,
350 986 394 1035 per
405 986 478 1035 quem
495 967 576 1018 illisit
586 967 670 1035 gloria,
681 966 803 1033 majestas,

107 1051 223 1113 potestas,
234 1046 316 1106 honor,
329 1051 354 1096 et
365 1064 437 1106 nunc,
446 1053 472 1096 et
482 1047 509 1096 in
521 1045 602 1096 omnia
613 1044 709 1096 saecula
722 1063 803 1096 saecu-

106 1126 191 1175 lorum.
226 1125 312 1176 Amen.
331 1139 333 1141 ’

140 1204 207 1255 LIX.
220 1203 309 1254 Missos
321 1210 404 1254 arrtem
415 1222 430 1253 a
440 1204 510 1254 nobis
522 1203 654 1255 Claudium
665 1203 802 1271 Ephebum,

105 1289 131 1333 et
142 1282 269 1333 Valerium
280 1283 395 1333 Bitonem
406 1301 462 1333 cum
474 1282 617 1343 Fortunato,
629 1283 655 1332 ln
668 1301 728 1350 pace
745 1302 801 1333 cum

107 1447 181 1486 locutos
195 1459 235 1486 esse
252 1447 370 1487 demonstrat
386 1447 440 1487 Wot-
467 1447 491 1486 ad
501 1447 571 1487 calcem
578 1446 736 1488 Pseudo-Abdiae
745 1461 757 1486 a
765 1448 801 1487 La-

107 1507 170 1542 tonus.
198 1501 248 1542 Vide
263 1515 320 1554 supra
335 1506 401 1542 notata
415 1503 440 1541 ad
467 1502 497 1542 zio
505 1502 583 1555 vulgati.
612 1502 651 1543 sed
664 1502 803 1555 proprebuc

109 1557 118 1609 ξ
129 1558 161 1607 36,
175 1571 193 1609 p.
206 1569 243 1607 132
257 1557 269 1597 l.
282 1570 298 1596 2.
466 1557 535 1598 vitiose
544 1557 615 1610 legitur
623 1557 692 1597 Faus.
707 1557 737 1597 De
743 1557 800 1597 Vale-

135 1625 152 1662 9.
168 1613 188 1650 a·
199 1612 219 1651 οὗ
232 1613 277 1664 αὐτῷ
287 1609 336 1666 δόξα]
349 1611 380 1651 De
389 1625 440 1651 com·
466 1611 495 1651 rio
508 1617 572 1652 autem
582 1612 678 1665 Episcopo
687 1612 801 1662 Trevirensi

107 1666 193 1719 pluribus
201 1666 440 1718 Doxologiaeformulisin
466 1666 560 1718 discipulo
574 1667 627 1707 Petri
638 1666 733 1719 Apostoli,
743 1668 769 1707 ad
782 1668 800 1707 d.

107 1721 198 1767 Ecclesia,
207 1726 252 1762 ante
261 1721 388 1774 excogitatam
397 1721 440 1760 Arii
468 1736 492 1772 29
500 1721 588 1761 Ianuarii
597 1722 803 1775 agere'Martyrologia

107 1776 199 1825 haeresin,
205 1776 307 1829 usurpatis,
313 1776 390 1816 videndi
399 1789 440 1815 om·
467 1781 555 1816 notatum
568 1777 605 1818 fuit
621 1777 722 1817 (lotelerio.
738 1776 801 1817 GAL-

107 1831 153 1871 nino
172 1837 216 1872 eunt
235 1832 283 1871 Bull.
301 1831 343 1871 Fid.
360 1831 439 1870 Nicaen.
468 1831 548 1871 LAND.
578 1831 713 1873 Trestantum
725 1833 802 1872 virosa

108 1886 150 1925 Der
161 1887 184 1925 II
193 1886 214 1926 iii
225 1886 439 1937 6,10‚13‚eeH00ker.
469 1886 574 1926 Corinthiis
592 1886 660 1927 missos
678 1888 736 1927 fuisse
750 1892 802 1928 recte

107 1941 177 1981 Ecclcc.
187 1942 258 1993 Polla,
268 1941 287 1981 V
296 1941 344 1980 xlvii
354 1953 425 1991 9-11,
467 1940 736 1992 videruntWakiuaWotton.
743 1943 802 1994 Frey-

137 2009 166 2036 12.
178 1994 362 2050 unacaov'naqcov]
370 1995 441 2035 Junius
467 1996 502 2045 ius,
512 1996 647 2037 Schoeneman¹
658 1997 721 2037 Helel.
735 1998 802 2038 Raith-

107 2064 151 2090 cum
162 2052 210 2092 Edd.
226 2065 251 2090 ex
265 2051 315 2090 mala
330 2051 440 2102 interpunc-
467 2065 526 2103 mayr.
547 2056 566 2091 et
584 2052 707 2092 Dreaselius:
732 2053 802 2093 caeteri

107 2105 160 2145 tione
174 2107 258 2158 quinque
272 2107 346 2158 legatos
364 2106 388 2145 ad
404 2104 441 2145 (lo-
468 2107 517 2146 Edd.
528 2120 575 2158 quos
589 2108 675 2159 sequitur
687 2108 801 2160 Hcrzogius,

107 2160 189 2201 rinthios
197 2161 255 2200 trisse
265 2161 333 2201 missos
347 2160 439 2213 perhibet.
467 2161 545 2201 nomina
553 2161 600 2201 haec
611 2162 639 2202 ita
648 2162 770 2215 distinguunt
779 2168 802 2202 ut

107 2214 136 2255 At
154 2216 202 2255 illud
216 2219 243 2255 κοί
257 2216 308 2256 inter
320 2216 403 2265 Ἔφηβον
421 2220 440 2255 et
467 2217 551 2269 quinque
564 2217 635 2257 faciant
649 2217 728 2270 legatos.
757 2218 801 2257 Pari

107 2273 200 2322 Οὐαλέριον
208 2272 382 2323 interjacentes
391 2271 439 2309 dnn·
466 2272 487 2310 in
510 2285 574 2311 errare
591 2273 716 2312 versabantur
736 2272 801 2312 Inter-

106 2330 161 2366 taxat
174 2326 232 2366 trisse
247 2326 345 2375 ostendit3
359 2339 441 2378 quorum
467 2330 531 2379 pretes
544 2326 630 2380 plerique
643 2323 664 2366 in
677 2327 719 2367 loco
728 2327 801 2380 Ignatii

106 2380 150 2431 duo,
163 2381 202 2421 suis
215 2381 370 2433 praenominibus
382 2380 441 2432 insig-
467 2395 524 2434 supra
542 2381 631 2431 indicato,
647 2383 681 2422 ubi
695 2396 706 2422 e
720 2383 801 2430 duobus,

107 2435 149 2482 niti,
166 2436 256 2476 videntur
270 2436 327 2475 fuisse
342 2435 406 2475 liberti
420 2435 440 2474 in
468 2436 546 2476 Philone
562 2441 582 2476 et
596 2437 650 2476 Rheo
666 2436 800 2489 Agathopode,

106 2490 187 2531 familias
197 2491 321 2531 Claudiorum
330 2496 350 2531 et
355 2490 441 2530 Valerio·
466 2496 506 2531 tres
518 2490 594 2540 faciunt,
604 2491 708 2540 Philonem,
718 2491 799 2539 Rheum,

106 2559 150 2584 rum
159 2546 231 2586 adsciti.
260 2546 322 2598 quue
328 2546 370 2598 jam
379 2546 440 2598 suspi-
467 2545 626 2598 etAgathopoda.
655 2546 708 2586 Oonf.
724 2546 759 2598 Ep,
774 2546 800 2586 ad

106 2606 159 2640 catus
169 2606 198 2641 est
207 2601 287 2641 Boieius.
304 2600 362 2650 Quod
370 2601 440 2640 exinde
467 2600 540 2640 Philad.
556 2602 565 2651 ξ
578 2613 607 2640 11.

106 2657 212 2707 probarunt
219 2656 324 2695 Pearsonns
331 2656 352 2695 in
359 2656 410 2695 notis
419 2655 440 2695 in
496 2668 525 2706 13„
535 2657 568 2694 σὺν
576 2658 604 2693 καὶ
612 2653 736 2709 capreolae]
751 2654 800 2695 For-

107 2710 143 2763 Ep.
155 2711 174 2751 S.
184 2711 256 2764 Ignatii
266 2711 291 2750 ad
300 2712 375 2763 Smyrn.
387 2711 396 2761 ξ
409 2724 438 2759 10,
466 2724 499 2750 san
513 2710 614 2762 legendum
628 2711 660 2747 σὺν
669 2711 713 2762 Γαίῳ
724 2716 799 2759 Φορτου-

106 2770 126 2804 et
144 2766 254 2807 Dodwellus
276 2766 297 2805 in
316 2766 395 2805 Dissert.
415 2765 439 2804 ad
466 2767 566 2817 adipeam
573 2764 799 2816 Ephebo‚etVit0nisua

106 2819 156 2873 Opp.
164 2821 262 2861 Posthum.
270 2821 360 2860 Pearsoni
366 2835 384 2873 p.
394 2833 438 2869 221,
465 2821 510 2859 data
516 2823 560 2859 sunt
569 2818 696 2871 praenomina.
707 2819 797 2861 DAVIS.

106 2875 181 2928 aliique.
192 2876 294 2916 Caeterum
301 2875 438 2928 Ephebusiste,
465 2874 730 2926 IdemessevideturquiaS.
737 2875 799 2917 Paulo

105 2934 128 2970 ut
141 2931 216 2971 monuit
230 2931 354 2975 Golomesius,
365 2944 437 2969 memo·
464 2933 580 2968 memoratur
586 2945 591 2976 ;
605 2928 624 2984 [I
632 2928 675 2970 Gor.
685 2930 719 2970 xvi
728 2931 799 2981 17‚nbi

105 2989 158 3025 ratur
167 2986 218 3025 inter
225 2985 329 3026 Clementis
336 2985 437 3037 discipulos
465 2983 524 3025 Oodd.
532 2983 618 3024 nonnulli
625 2987 749 3037 Φορτουνάτου]
759 2987 799 3039 qui,
