1958 3490
201 216 203 219 ’
273 223 313 269 DE
329 222 350 265 S.
361 221 482 265 IGNA'PII
497 220 658 264 EPISTOLIS.
747 219 812 263 xxxix

115 345 130 366 “
140 353 192 391 rem,
206 341 253 381 tam
267 340 347 381 eertum
361 340 412 394 puto
430 352 494 394 quam
510 351 544 379 me
561 337 613 380 haee
629 335 740 380 seribere.”
770 334 813 378 Hie

114 423 165 452 sane
184 422 261 463 purum
280 410 356 464 putum
378 405 505 450 Salmasium
528 406 635 450 habemus.
675 405 711 449 Ad
729 408 813 461 tempus

114 481 187 520 autem
206 475 366 532 quodaainea,
385 476 521 533 impostorem
541 476 614 519 eodem
633 491 682 519 oum
699 473 813 519 Valentino

114 545 192 589 vixisse
212 545 343 602 suspicatum
367 546 491 603 imperante,
510 545 618 599 nimirum,
638 545 756 597 Antonino,
775 546 813 587 aut

114 620 170 659 uerte
181 616 220 659 sub
230 616 304 660 Marco
314 616 406 660 Aurelio.
443 616 514 674 Atque
527 616 578 659 haee
592 619 625 659 est
637 630 720 659 summa
729 618 812 658 senten-

113 684 156 728 tiae
167 683 314 728 Salmasianae.
340 685 388 742 Ipse
398 689 469 729 autem
479 701 544 743 quum
554 686 605 728 haee
614 684 638 728 in
647 684 758 741 Apparatu
767 686 812 726 tarn

113 758 198 797 strenue
208 754 336 808 asseruisset,
341 755 365 798 in
374 754 419 812 ipso
427 770 488 812 opere
498 755 622 798 auctoritate
628 753 711 811 Ignatii
720 752 811 809 saepius-

113 824 159 867 oule
183 823 258 866 utitur.
299 824 358 868 Quae
381 839 446 881 quum
465 824 553 867 vidisset
572 824 673 867 Claudius
696 822 912 875 Sarrariusffimavius,

113 908 185 936 aurem
196 893 297 937 Salmasio
307 894 367 937 vellit
380 897 402 937 et
413 894 535 938 admonuit:
551 894 624 937 “Non
637 893 713 951 plaeet,
723 892 779 950 quod
788 907 812 935 ea

112 962 160 1005 “in
180 962 291 1020 Apparatu
310 963 387 1021 culpes,
405 979 457 1021 quae
476 963 500 1007 in
518 963 564 1021 ipso
583 978 644 1020 opere
664 962 743 1005 laudas.
779 961 811 1003 De

112 1037 127 1058 “
138 1032 258 1089 Ignatianis
277 1032 378 1089 Epistolis
401 1032 504 1090 intelligo,
525 1048 576 1089 quas
596 1032 619 1075 in
638 1032 756 1089 Apparatu,
775 1030 811 1087 qui

112 1107 126 1128 “
136 1101 193 1159 prior
202 1101 288 1159 legitur,
296 1102 371 1145 merito
381 1105 415 1156 τῆς
426 1103 502 1148 νοθείας
511 1094 612 1145 revinois:
627 1104 730 1145 ettamen
740 1115 811 1143 earum

112 1176 127 1197 “
137 1171 262 1214 auctoritate
275 1174 348 1228 postea
361 1170 488 1228 saepiuscule
502 1172 574 1225 uteris,
585 1170 644 1228 quasi
657 1174 727 1214 essent
740 1170 810 1227 legiti-

112 1246 126 1266 “
136 1256 190 1294 mae,
205 1256 244 1285 neo
258 1241 334 1284 titulus
349 1244 455 1285 auotorem
469 1241 600 1285 mentiretur.
632 1240 713 1284 Saltem
728 1240 754 1283 de
769 1240 810 1283 ista

111 1315 126 1336 “
135 1313 174 1354 tna
193 1311 309 1355 sententiae
328 1311 445 1355 mutatione
465 1311 545 1369 aliquid
564 1310 725 1368 significasses?
741 1310 809 1367 Epist.

110 1396 131 1437 p.
153 1381 200 1423 181.
241 1381 307 1435 Haeo,
327 1381 407 1439 opinor,
426 1381 449 1424 in
474 1381 577 1435 Sarranio,
597 1381 690 1425 maximo
713 1380 809 1424 Salmasii

110 1451 263 1508 hyperaspista,
273 1450 338 1494 etiam
351 1450 382 1494 illi
396 1451 449 1494 ferre
463 1454 558 1507 possunt,
568 1450 605 1508 qui
620 1451 693 1494 eadem
706 1451 730 1494 in
740 1450 808 1494 Ham-

109 1520 187 1564 mondo
197 1536 241 1564 non
250 1520 328 1563 ferunt.
648 1521 650 1525 ’

139 1589 211 1633 David
220 1589 285 1633 etiam
295 1589 423 1643 Blondellus,
433 1593 458 1633 ut
467 1589 511 1647 ipse
520 1590 543 1633 in
553 1589 685 1633 Praefatione
692 1588 808 1646 Apologiae
815 1602 919 1638 Blondellus.

113 1659 214 1717 [Amstel.
227 1659 291 1717 1646]
313 1659 399 1712 fatetur,
419 1660 574 1718 quamprimum
597 1659 739 1717 Epistolarum
764 1659 806 1716 pri-

109 1744 170 1772 orum
185 1728 228 1772 Sex
242 1728 326 1772 Isaaous
339 1728 427 1772 Vossius
442 1729 524 1785 copiam
539 1728 596 1782 feeit,
611 1743 646 1772 eas
661 1727 728 1772 avidis
743 1728 808 1772 oeulis

109 1797 187 1851 hausit,
203 1813 268 1840 manu
282 1797 365 1854 propria
383 1797 500 1855 descripsit,
516 1813 565 1841 oum
581 1797 652 1841 citatis
669 1813 682 1840 a
696 1798 808 1841 Veteribus
848 1856 850 1858 -

108 1868 159 1911 loois
180 1866 272 1910 studiose
292 1867 389 1920 contidit,
409 1867 490 1911 saeculo
511 1871 583 1911 nostro
605 1867 732 1924 gratulatus,
753 1867 808 1925 quod

107 1936 162 1980 illud
175 1936 246 1993 ipsum
261 1935 372 1992 exemplar,
383 1951 424 1992 quo
436 1938 485 1979 ante
498 1950 553 1995 1300
565 1952 631 1980 annos
644 1952 695 1980 usus
710 1940 755 1981 erat
764 1939 807 1981 Eu-

108 2007 186 2060 sebius,
196 2021 274 2050 novam
288 2006 328 2063 ipsi
342 2006 462 2063 propediem
474 2007 595 2051 affulsuram
607 2007 677 2051 luoem
690 2007 807 2064 sponderet.

109 2077 152 2120 Sed
165 2079 278 2133 postquam
293 2075 405 2119 attentiore
419 2076 489 2120 animo
504 2076 635 2133 singularum
650 2080 672 2120 et
686 2076 772 2134 phrasin
787 2081 808 2121 et

108 2145 220 2189 materiam
239 2148 261 2188 et
281 2145 375 2189 ordinem
395 2145 501 2202 expendit,
521 2146 653 2190 blandientes
676 2149 738 2190 antea
761 2163 807 2205 spes

107 2215 244 2273 pudibundus
263 2215 350 2272 abjicere
370 2218 461 2269 coaetus,
478 2215 544 2259 bonae
562 2216 651 2259 Patnim
669 2216 718 2260 fidei
737 2216 806 2274 impu-

107 2285 182 2329 denter
197 2284 284 2328 illusum
298 2284 372 2337 doluit,
388 2288 409 2327 et
423 2285 554 2342 argumentis
569 2285 695 2343 quibusdam
709 2302 722 2329 a
736 2287 807 2343 priori,

106 2370 171 2412 quam
181 2353 207 2397 de
217 2353 337 2410 Ignatianis
347 2354 447 2410 Epistolis
460 2354 579 2409 imbiberat,
590 2355 688 2412 opinione
701 2356 806 2414 depulsus,

106 2439 141 2467 eas
152 2438 224 2467 omnes
234 2423 376 2480 supposititias
390 2424 472 2467 eredere
486 2428 569 2468 ooaetus
582 2429 621 2468 est.
652 2426 726 2482 Ipsum
736 2430 806 2470 autem

105 2493 250 2550 impostorem,
261 2493 297 2550 qui
307 2492 388 2549 Ignatii
398 2493 501 2550 Martyris
515 2510 592 2537 nomen
605 2495 698 2552 Septem,
708 2496 805 2549 Eusebio,

105 2563 231 2616 Athanasio,
249 2563 379 2619 Hieronymo
395 2563 493 2617 laudatis,
507 2564 608 2620 Epistolis
625 2564 728 2621 appinxit,
743 2565 805 2622 longe

105 2636 154 2689 post
164 2648 245 2676 annum
257 2632 394 2676 eentesimum
404 2633 588 2691 quadragesimum
598 2638 704 2691 quartum,
714 2635 805 2692 adeoque

104 2705 154 2758 post
170 2701 286 2745 Clementis
300 2701 445 2756 Alexandrini,
460 2705 506 2746 toto
524 2703 566 2746 fere
583 2703 702 2747 oentenaria
718 2702 804 2760 Ignatio

104 2771 233 2827 posterioris,
243 2771 332 2824 obitum,
342 2771 442 2828 prodiisse
452 2773 525 2816 tradit.

133 2841 256 2898 Antequam
273 2842 324 2884 haeo
342 2841 478 2885 aBlondello
496 2842 611 2895 ederentur,
626 2845 739 2899 postquam
754 2858 803 2887 vero

103 2910 130 2953 ab
146 2910 251 2976 opinione,
266 2926 330 2968 quarn
347 2927 358 2955 e
373 2912 469 2954 Medieeo
486 2912 561 2956 Oodiee
576 2911 669 2968 primum
684 2911 802 2966 imbiberat,
811 2952 880 2985 Grotius

103 2979 203 3036 depulsus
218 2982 256 3031 est,
272 2981 376 3024 sententia
391 2981 434 3037 ejus
451 2981 539 3038 Hugoni
550 2980 632 3034 Grotio,
642 2981 688 3024 viro
703 2982 802 3036 maximo,
814 2996 860 3038 1643.
881 2977 885 2985 ¹
