1975 3455
278 228 320 272 AD
336 226 529 280 CORINTHIOS,
544 226 610 269 xlviii.
754 227 796 272 179

48 389 49 392 η
101 342 144 419 qui
160 365 203 399 vos
217 346 387 414 perverterint,
405 350 431 395 et
447 343 534 411 inclyti
551 342 639 394 amoris
654 343 731 393 vestri
748 343 795 392 fra-

101 427 165 479 terni
192 425 265 477 decus
293 423 467 482 imminuerint,
492 422 617 472 vobiscum
644 422 795 489 perpendite.

102 505 198 573 Turpia,
220 502 309 567 dilecti,
327 501 410 569 turpia
429 499 507 560 valde,
530 506 557 550 et
579 499 719 550 Christiana
741 518 796 550 con-

99 583 235 635 versatione
252 580 360 648 indigna,
372 579 452 630 audiri
468 577 648 646 primordialem
665 584 691 628 et
706 578 732 627 in
746 577 795 628 fide

98 661 261 713 firmissimam
284 658 466 711 Corinthiorum
488 657 627 716 Ecclesiam,
653 656 727 707 unius
750 662 795 707 aut

99 742 202 791 duorum
218 757 296 798 causa,
309 743 393 788 contra
408 736 566 804 Presbyteros
583 735 728 786 seditionem
744 754 794 786 mo-

97 837 159 870 vere.
193 817 229 868 Et
240 817 280 867 hic
297 817 396 883 quidem
412 834 495 866 rumor
511 834 561 866 non
577 814 726 865 tantum‘ad
741 832 793 874 nos,
815 847 816 851 =

97 898 141 948 sed
151 897 183 948 ad
195 915 235 947 eos
246 896 321 946 etiam
337 896 381 963 qui
397 915 412 946 a
426 895 496 945 nobis
509 895 590 945 animo
602 900 661 952 sunt
672 893 793 953 alieniore,

98 975 207 1026 manavit
215 995 222 1036 3
239 975 275 1024 ita
292 980 323 1024 ut
337 981 437 1042 propter
452 980 561 1025 vestram
576 974 714 1033 amentiam,
730 973 793 1024 blas·
801 988 850 1040 Rom.
857 988 869 1021 n
875 998 910 1041 ⁴24,

96 1055 207 1122 phemiae
223 1054 316 1104 nomini
333 1054 433 1104 Domini
448 1053 592 1113 inferantur,
608 1059 634 1104 et
647 1052 716 1103 vobis
733 1052 793 1120 ipsis
803 1033 901 1067 ¹T¹¹¹¹'V¹¹'

67 1144 68 1147 ’
97 1133 232 1200 perieulum
247 1137 347 1182 creetur.

129 1211 250 1262 XLVIII.
268 1210 415 1261 Auferamus
429 1211 507 1279 igitur
517 1211 562 1262 hoc
574 1229 648 1278 quam
660 1211 790 1270 celerrime,

96 1289 199 1357 pedibus
210 1289 310 1365 Domini
326 1290 490 1349 admiramur,
502 1296 528 1341 et
544 1290 631 1342 flentes
648 1290 791 1358 suppliciter
822 1291 824 1298 ⁴

97 1465 204 1505 observatio
217 1466 239 1505 cl.
254 1465 354 1515 Dodwelli‚
364 1465 428 1504 Ecole-
455 1479 506 1515 vero,
521 1479 545 1504 an
563 1468 582 1503 τὸ
598 1467 692 1516 πρόσωπον
706 1478 742 1516 pro
755 1465 789 1504 ho-

97 1519 151 1567 aiam
159 1519 207 1558 hanc
221 1520 284 1560 vocari
299 1521 374 1569 ἀρχαίαν,
388 1520 400 1559 i.
411 1533 426 1559 c.
455 1520 506 1559 mine
514 1519 717 1572 usurpaturalibi,nisi
726 1519 746 1558 in
753 1520 788 1559 hac

96 1574 238 1625 primordialem
248 1574 318 1627 potins,
328 1588 384 1626 quam
393 1588 426 1613 an·
455 1575 496 1626 ipsa
505 1575 592 1627 Epistola
602 1575 611 1626 §
622 1587 638 1618 1,
649 1573 674 1628 [p.
686 1582 703 1624 7,
718 1572 756 1628 14]
768 1579 788 1614 et

96 1628 181 1680 tiquam:
196 1630 266 1682 quippe
275 1643 323 1681 quae
334 1629 355 1668 in
366 1629 428 1680 prima
454 1629 475 1668 in
491 1629 513 1668 II
528 1630 589 1682 Epist.
605 1628 623 1669 S.
638 1629 692 1668 Pauli
706 1629 730 1668 ad
743 1629 786 1669 (tor.

96 1683 196 1735 Evangelii
209 1685 252 1734 ἀρχῇ
266 1684 323 1723 fuerit
333 1684 358 1723 ad
370 1684 428 1723 fidem
458 1682 474 1739 [i
485 1686 524 1734 11‚]
537 1687 555 1722 ἐκ
568 1687 638 1723 πολλῶν
648 1687 747 1734 προσώπων
760 1686 788 1723 εὐ.

96 1737 175 1777 Domini
184 1752 286 1778 conversa:
297 1739 363 1778 eodem
370 1739 428 1778 modo
454 1740 540 1789 χορισπία,
550 1752 608 1791 quem
619 1744 695 1778 secutus
706 1742 735 1778 cst
745 1739 788 1778 Ole-

96 1806 133 1844 quo
143 1792 254 1832 Mnasonem
267 1793 348 1845 legimus
362 1806 427 1845 auper-
454 1807 521 1842 mens3
537 1799 556 1833 et
566 1793 585 1833 S.
596 1794 669 1846 Ignatii
678 1793 702 1832 ad
709 1794 788 1846 Magne-

95 1847 172 1887 atitibus
185 1847 246 1887 adhuc
262 1847 360 1900 Apostolis
371 1862 427 1887 voca·
454 1848 491 1887 sios
502 1847 520 1903 [ξ
532 1847 552 1903 6]
575 1850 623 1887 Ἐπεὶ
633 1849 663 1887 οὖν
672 1849 733 1888 ἐντοῖς
746 1866 789 1900 προ-

95 1905 137 1941 tum
155 1903 224 1952 ἇμχοῖον
239 1903 319 1951 μαθητήν,
335 1902 377 1942 Act.
392 1903 427 1941 xxi
453 1906 574 1954 γεγραμμένοις
596 1906 694 1953 προσώποις
714 1906 734 1941 τὸ
755 1907 798 1943 πᾶν

98 1958 126 1996 16.
151 1956 226 2008 Nempe
235 1957 366 1997 honoratIores
374 1958 427 1997 fuere
453 1960 519 2006 πλῆθος
538 1960 625 2009 ἐθεώρησα
647 1960 665 1997 ἐν
683 1960 742 1997 πίστει
762 1963 789 1997 καὶ

94 2010 138 2050 illae
156 2011 251 2052 Ecclesiae
274 2025 322 2064 quae
340 2013 428 2053 conditae
454 2013 515 2062 ἀγάπῃ.
547 2013 661 2053 Parallelum
678 2012 708 2052 his
725 2013 788 2053 looum

94 2070 139 2105 ante
148 2066 199 2115 alias,
205 2066 292 2119 inprimis
299 2080 348 2118 quae
356 2067 376 2105 in
385 2068 427 2120 ipsa
453 2069 505 2119 apud
514 2067 582 2108 Sacros
587 2069 618 2108 vel
624 2067 717 2108 Ethnicos
725 2068 788 2121 Scrip-

94 2121 138 2170 ἀρχῇ
147 2126 177 2158 τοῦ
186 2124 291 2173 Εὐογμελίον
304 2122 362 2161 fidem
375 2136 426 2162 rece·
453 2128 505 2163 tores
519 2137 550 2163 me
564 2123 677 2175 comperisse
688 2123 739 2162 hand
748 2138 787 2163 me-

93 2189 143 2227 pere.
161 2176 380 2217 Oonversionemautem
390 2178 427 2217 00-
453 2177 506 2217 mini.
525 2178 647 2218 WOTTON.
680 2178 730 2217 Vide
752 2192 787 2219 no·

93 2230 209 2270 rinthiorum
219 2232 261 2283 jam
271 2232 352 2284 legimus
366 2232 426 2273 conti·
453 2236 494 2272 tata
503 2247 565 2285 supra,
575 2248 593 2285 p.
604 2235 616 2272 6
630 2233 642 2271 l.
653 2248 670 2282 4,
692 2234 786 2286 Exempla

93 2285 143 2336 gisae
152 2285 194 2326 Act.
206 2287 258 2326 xviii.
275 2286 318 2327 V-id.
329 2287 375 2327 haec
384 2289 426 2340 plu·
452 2288 510 2340 hujus
528 2288 671 2341 significationis
692 2289 786 2340 congessit

93 2339 145 2380 libus
154 2347 300 2394 prosequentem
309 2342 373 2382 virum
384 2357 425 2382 eru·
453 2343 569 2383 Wetstenius
582 2343 602 2382 in
611 2343 662 2383 notis
674 2343 698 2381 ad
708 2343 731 2382 II
741 2344 784 2383 Cor.

93 2394 156 2435 ditum
169 2396 190 2435 in
206 2396 286 2437 Dissert.
304 2411 314 2436 2
332 2399 356 2437 ad
374 2398 424 2451 Opp.
452 2398 500 2438 i11.

93 2449 189 2491 Pcsthum.
216 2452 306 2492 Pearsoni
332 2467 350 2504 p.
380 2466 424 2493 222.
481 2455 499 2491 6.
519 2450 633 2506 ἑτεροκλινεῖτ]
657 2452 785 2492 Proculdubio

93 2504 169 2545 FREY.
199 2506 251 2547 Ocni,
262 2510 320 2552 πόλοι,
335 2508 359 2547 de
372 2509 426 2548 brevi
453 2507 472 2548 S.
481 2507 538 2548 Pater
546 2508 588 2547 vult
594 2507 698 2556 Ethnic0s3
707 2508 784 2559 respicit

92 2564 179 2613 tempore
191 2561 264 2602 dictum
273 2563 327 2613 infra,
337 2563 357 2602 in
367 2563 423 2604 Mart.
452 2568 516 2602 autem
532 2563 580 2602 illud
594 2563 612 2603 S.
626 2561 686 2609 Pauli,
699 2562 754 2602 Rom.
769 2563 783 2602 ii

93 2614 157 2666 Ignat.
170 2616 179 2667 ᾗ
190 2630 207 2667 3.
454 2632 484 2667 24,
501 2621 521 2656 τὸ
538 2620 571 2668 γὰρ
589 2619 640 2665 ὄνομα
656 2620 686 2655 τοῦ
702 2622 746 2655 θεοῦ
762 2619 782 2656 δι’

105 2688 106 2691 ’
119 2684 136 2718 4.
146 2671 239 2726 πρόσωπα]
247 2672 306 2725 Apud
311 2673 422 2726 Thffllogos,
450 2676 492 2721 ὑμᾶς
500 2675 628 2723 βλασφημεῖται
637 2673 655 2710 ἐν
663 2675 699 2711 τοῖς
710 2673 780 2712 ἔθνεσιν.

92 2723 172 2764 Sanctos
182 2726 253 2777 Patres,
259 2733 279 2768 et
287 2742 352 2768 rerum
359 2729 423 2769 Litur-
450 2728 530 2768 Worr.

89 2778 176 2830 gicarmn
185 2781 296 2834 Scriptores,
302 2786 321 2822 τὸ
330 2786 423 2835 πρόσωπον
477 2785 493 2821 8.
505 2785 570 2822 ἑαυτοῖς
582 2783 601 2820 δὲ
614 2779 696 2835 κίνδυνον]
712 2781 781 2822 lunius

89 2833 183 2884 significat
198 2837 340 2878 subsistentiam
358 2852 422 2888 unam,
449 2842 469 2877 et
479 2837 542 2876 Fellus
555 2836 633 2876 mallent
644 2839 709 2876 ἑαυτοῖς
719 2853 739 2875 τε
748 2840 781 2875 κίν-

89 2887 205 2934 distinctam,
223 2892 342 2933 individuam
358 2899 422 2947 atque
449 2897 502 2931 δονον.
530 2892 560 2931 De
574 2891 739 2931 Persecutionibus
753 2893 782 2931 in-

89 2943 242 2996 intelligentem
259 2962 316 3000 quam
330 2950 388 2989 ctiam
402 2954 422 2989 et
448 2947 538 3000 telligunt
559 2947 635 2999 Lipsius
658 2951 678 2986 ct
701 2947 782 3000 Hilgen-

87 3000 183 3038 ὑπόστασιν
207 3003 308 3054 appellant.
351 3004 421 3044 Nescio
448 3003 520 3043 leldius.

486 3080 548 3113 ιλίλΖ
