<?xml version="1.0" encoding="UTF-8"?>
<!DOCTYPE html PUBLIC "-//W3C//DTD XHTML 1.0 Transitional//EN"
    "http://www.w3.org/TR/xhtml1/DTD/xhtml1-transitional.dtd">
<html xmlns="http://www.w3.org/1999/xhtml" xml:lang="en" lang="en">
 <head>
  <title>
</title>
<meta http-equiv="Content-Type" content="text/html;charset=utf-8" />
  <meta name='ocr-system' content='tesseract 3.04.00' />
  <meta name='ocr-capabilities' content='ocr_page ocr_carea ocr_par ocr_line ocrx_word'/>
</head>
<body>
  <div class='ocr_page' id='page_1' title='image "./MN41360ucmf_0/MN41360ucmf_0_0463.png"; bbox 0 0 1931 3420; ppageno 0'>
   <div class='ocr_carea' id='block_1_1' title="bbox 310 231 585 275">
    <p class='ocr_par' dir='ltr' id='par_1_1' title="bbox 310 231 585 275">
     <span class='ocr_line' id='line_1_1' title="bbox 310 231 585 275; baseline 0.004 -2"><span class='ocrx_word' id='word_1_1' title='bbox 310 231 347 273; x_wconf 82' lang='grc' dir='ltr'>ΕΤ</span> <span class='ocrx_word' id='word_1_2' title='bbox 362 231 585 275; x_wconf 84' lang='lat' dir='ltr'><strong>FORMULARUM.</strong></span> 
     </span>
    </p>
   </div>
   <div class='ocr_carea' id='block_1_2' title="bbox 71 334 435 400">
    <p class='ocr_par' dir='ltr' id='par_1_2' title="bbox 71 334 435 400">
     <span class='ocr_line' id='line_1_2' title="bbox 71 334 435 400; baseline -0.003 -12"><span class='ocrx_word' id='word_1_3' title='bbox 71 334 162 400; x_wconf 74' lang='grc' dir='ltr'>Μακάριος.</span> <span class='ocrx_word' id='word_1_4' title='bbox 185 350 214 388; x_wconf 85' lang='grc' dir='ltr'>Ὡς</span> <span class='ocrx_word' id='word_1_5' title='bbox 225 350 297 397; x_wconf 87' lang='grc' dir='ltr'>μακάρια</span> <span class='ocrx_word' id='word_1_6' title='bbox 310 349 339 394; x_wconf 74' lang='grc' dir='ltr'>καλ</span> <span class='ocrx_word' id='word_1_7' title='bbox 347 348 435 395; x_wconf 79' lang='grc' dir='ltr'>θαυμαστὰ</span> 
     </span>
    </p>
   </div>
   <div class='ocr_carea' id='block_1_3' title="bbox 97 402 445 454">
    <p class='ocr_par' dir='ltr' id='par_1_3' title="bbox 97 402 445 454">
     <span class='ocr_line' id='line_1_3' title="bbox 97 402 445 454; baseline 0 -12"><span class='ocrx_word' id='word_1_8' title='bbox 97 406 119 442; x_wconf 80' lang='grc' dir='ltr'>τά</span> <span class='ocrx_word' id='word_1_9' title='bbox 133 406 179 454; x_wconf 79' lang='grc' dir='ltr'>δῶρα</span> <span class='ocrx_word' id='word_1_10' title='bbox 194 406 224 440; x_wconf 82' lang='grc' dir='ltr'>’τοῦ</span> <span class='ocrx_word' id='word_1_11' title='bbox 239 406 289 441; x_wconf 84' lang='grc' dir='ltr'>θεοῦ.</span> <span class='ocrx_word' id='word_1_12' title='bbox 304 402 362 441; x_wconf 77' lang='lat' dir='ltr'><strong>Glem.</strong></span> <span class='ocrx_word' id='word_1_13' title='bbox 376 403 387 442; x_wconf 91' lang='grc' dir='ltr'>Ι</span> <span class='ocrx_word' id='word_1_14' title='bbox 402 405 445 454; x_wconf 73' lang='grc'>35.’</span> 
     </span>
    </p>
   </div>
   <div class='ocr_carea' id='block_1_4' title="bbox 59 459 434 3089">
    <p class='ocr_par' dir='ltr' id='par_1_4' title="bbox 92 459 434 1878">
     <span class='ocr_line' id='line_1_4' title="bbox 98 459 433 508; baseline 0.003 -11"><span class='ocrx_word' id='word_1_15' title='bbox 98 459 220 508; x_wconf 81' lang='grc' dir='ltr'>εῦπρόσδεκτοί</span> <span class='ocrx_word' id='word_1_16' title='bbox 232 474 251 496; x_wconf 86' lang='grc' dir='ltr'>τε</span> <span class='ocrx_word' id='word_1_17' title='bbox 265 459 292 495; x_wconf 83' lang='grc' dir='ltr'>καὶ</span> <span class='ocrx_word' id='word_1_18' title='bbox 306 460 387 507; x_wconf 78' lang='grc' dir='ltr'>μακάριοι,</span> <span class='ocrx_word' id='word_1_19' title='bbox 402 472 433 507; x_wconf 91' lang='lat'>40.</span> 
     </span>
     <span class='ocr_line' id='line_1_5' title="bbox 97 513 434 562; baseline 0 -11"><span class='ocrx_word' id='word_1_20' title='bbox 97 517 107 551; x_wconf 85' lang='grc' dir='ltr'>ό</span> <span class='ocrx_word' id='word_1_21' title='bbox 117 515 197 562; x_wconf 80' lang='grc' dir='ltr'>μακάριος</span> <span class='ocrx_word' id='word_1_22' title='bbox 208 514 270 551; x_wconf 86' lang='grc' dir='ltr'>πιστάς</span> <span class='ocrx_word' id='word_1_23' title='bbox 279 513 434 561; x_wconf 77' lang='grc' dir='ltr'>θεράπων.,,Μαῦ-</span> 
     </span>
     <span class='ocr_line' id='line_1_6' title="bbox 97 568 433 618; baseline 0.009 -15"><span class='ocrx_word' id='word_1_24' title='bbox 97 571 134 616; x_wconf 78' lang='grc' dir='ltr'>σῆς.</span> <span class='ocrx_word' id='word_1_25' title='bbox 147 581 177 618; x_wconf 91' lang='lat'>43.</span> <span class='ocrx_word' id='word_1_26' title='bbox 198 568 281 616; x_wconf 90' lang='grc' dir='ltr'>Μακάριοι</span> <span class='ocrx_word' id='word_1_27' title='bbox 288 569 305 604; x_wconf 75' lang='lat' dir='ltr'>ol</span> <span class='ocrx_word' id='word_1_28' title='bbox 311 568 433 618; x_wconf 74' lang='grc' dir='ltr'>προοδοιπορίη-</span> 
     </span>
     <span class='ocr_line' id='line_1_7' title="bbox 97 623 434 671; baseline 0.003 -11"><span class='ocrx_word' id='word_1_29' title='bbox 97 633 162 662; x_wconf 82' lang='grc' dir='ltr'>σαντες.</span> <span class='ocrx_word' id='word_1_30' title='bbox 178 635 208 671; x_wconf 83' lang='grc'>44.</span> <span class='ocrx_word' id='word_1_31' title='bbox 247 623 277 670; x_wconf 81' lang='grc' dir='ltr'>τὴν</span> <span class='ocrx_word' id='word_1_32' title='bbox 294 623 387 669; x_wconf 77' lang='grc' dir='ltr'>ἐπιστολὴν</span> <span class='ocrx_word' id='word_1_33' title='bbox 404 627 434 661; x_wconf 88' lang='grc' dir='ltr'>τοῦ</span> 
     </span>
     <span class='ocr_line' id='line_1_8' title="bbox 96 676 434 727; baseline 0.006 -13"><span class='ocrx_word' id='word_1_34' title='bbox 96 678 177 727; x_wconf 79' lang='grc' dir='ltr'>μακαρίου</span> <span class='ocrx_word' id='word_1_35' title='bbox 186 676 261 715; x_wconf 88' lang='grc' dir='ltr'>Παύλου,</span> <span class='ocrx_word' id='word_1_36' title='bbox 277 685 308 726; x_wconf 80' lang='lat'>47.</span> <span class='ocrx_word' id='word_1_37' title='bbox 337 678 355 714; x_wconf 79' lang='grc' dir='ltr'>ἐν</span> <span class='ocrx_word' id='word_1_38' title='bbox 362 676 374 725; x_wconf 80' lang='grc' dir='ltr'><strong><em>ᾔ</em></strong></span> <span class='ocrx_word' id='word_1_39' title='bbox 381 680 434 725; x_wconf 88' lang='grc' dir='ltr'>μακά-</span> 
     </span>
     <span class='ocr_line' id='line_1_9' title="bbox 95 732 431 782; baseline 0.009 -13"><span class='ocrx_word' id='word_1_40' title='bbox 95 748 130 782; x_wconf 92' lang='grc' dir='ltr'>ριοι</span> <span class='ocrx_word' id='word_1_41' title='bbox 151 734 211 771; x_wconf 87' lang='grc' dir='ltr'>πάντες</span> <span class='ocrx_word' id='word_1_42' title='bbox 234 734 250 770; x_wconf 82' lang='grc' dir='ltr'>οἱ</span> <span class='ocrx_word' id='word_1_43' title='bbox 273 732 383 772; x_wconf 84' lang='grc' dir='ltr'>εἰσελθόντες.</span> <span class='ocrx_word' id='word_1_44' title='bbox 401 736 431 781; x_wconf 88' lang='lat'>48.</span> 
     </span>
     <span class='ocr_line' id='line_1_10' title="bbox 96 787 433 838; baseline 0 -13"><span class='ocrx_word' id='word_1_45' title='bbox 96 788 179 837; x_wconf 80' lang='grc' dir='ltr'>Μακάρισί</span> <span class='ocrx_word' id='word_1_46' title='bbox 192 787 244 834; x_wconf 86' lang='grc' dir='ltr'>ε’σμεν</span> <span class='ocrx_word' id='word_1_47' title='bbox 252 817 256 825; x_wconf 92' lang='grc'>.</span> <span class='ocrx_word' id='word_1_48' title='bbox 264 817 268 825; x_wconf 86' lang='grc'>.</span> <span class='ocrx_word' id='word_1_49' title='bbox 277 788 303 824; x_wconf 86' lang='grc' dir='ltr'>,εἶ</span> <span class='ocrx_word' id='word_1_50' title='bbox 313 788 334 824; x_wconf 85' lang='grc' dir='ltr'>τὰ</span> <span class='ocrx_word' id='word_1_51' title='bbox 346 790 433 838; x_wconf 84' lang='grc' dir='ltr'>προστάγ-</span> 
     </span>
     <span class='ocr_line' id='line_1_11' title="bbox 95 843 431 892; baseline 0.006 -13"><span class='ocrx_word' id='word_1_52' title='bbox 95 858 139 890; x_wconf 88' lang='grc' dir='ltr'>ματα</span> <span class='ocrx_word' id='word_1_53' title='bbox 165 844 196 879; x_wconf 87' lang='grc' dir='ltr'>τοῦ</span> <span class='ocrx_word' id='word_1_54' title='bbox 219 844 262 879; x_wconf 85' lang='grc' dir='ltr'>θεοῦ</span> <span class='ocrx_word' id='word_1_55' title='bbox 290 843 381 889; x_wconf 82' lang='grc' dir='ltr'>ἐποιοῦμεν,</span> <span class='ocrx_word' id='word_1_56' title='bbox 401 852 431 892; x_wconf 89' lang='lat'>50.</span> 
     </span>
     <span class='ocr_line' id='line_1_12' title="bbox 95 897 433 947; baseline 0.009 -13"><span class='ocrx_word' id='word_1_57' title='bbox 95 897 156 934; x_wconf 76' lang='grc' dir='ltr'>Ἰουδίθ</span> <span class='ocrx_word' id='word_1_58' title='bbox 170 897 180 944; x_wconf 81' lang='grc' dir='ltr'><em>ἡ</em></span> <span class='ocrx_word' id='word_1_59' title='bbox 195 897 272 945; x_wconf 88' lang='grc' dir='ltr'>μακάρια.</span> <span class='ocrx_word' id='word_1_60' title='bbox 288 905 319 945; x_wconf 88' lang='lat'>55.</span> <span class='ocrx_word' id='word_1_61' title='bbox 348 900 433 947; x_wconf 91' lang='grc' dir='ltr'>Μακάριος</span> 
     </span>
     <span class='ocr_line' id='line_1_13' title="bbox 95 951 431 1000; baseline 0.003 -11"><span class='ocrx_word' id='word_1_62' title='bbox 95 954 105 989; x_wconf 84' lang='grc' dir='ltr'>δ</span> <span class='ocrx_word' id='word_1_63' title='bbox 114 951 241 999; x_wconf 65' lang='grc' dir='ltr'>κεκολασμένους</span> <span class='ocrx_word' id='word_1_64' title='bbox 250 952 349 1000; x_wconf 77' lang='grc' dir='ltr'>ὀφθαλμοὺς</span> <span class='ocrx_word' id='word_1_65' title='bbox 360 952 431 999; x_wconf 79' lang='grc' dir='ltr'>άνοίξας.</span> 
     </span>
     <span class='ocr_line' id='line_1_14' title="bbox 95 1004 431 1058; baseline 0.003 -14"><span class='ocrx_word' id='word_1_66' title='bbox 95 1005 171 1058; x_wconf 73' lang='lat' dir='ltr'><strong>Fragm.</strong></span> <span class='ocrx_word' id='word_1_67' title='bbox 179 1004 218 1045; x_wconf 77' lang='lat' dir='ltr'><strong>viii.</strong></span> <span class='ocrx_word' id='word_1_68' title='bbox 242 1008 327 1056; x_wconf 83' lang='grc' dir='ltr'>Μακάριος</span> <span class='ocrx_word' id='word_1_69' title='bbox 336 1007 377 1057; x_wconf 81' lang='grc' dir='ltr'>άνὴρ</span> <span class='ocrx_word' id='word_1_70' title='bbox 387 1010 431 1058; x_wconf 76' lang='grc' dir='ltr'>ὁμι-</span> 
     </span>
     <span class='ocr_line' id='line_1_15' title="bbox 95 1058 431 1111; baseline 0.012 -13"><span class='ocrx_word' id='word_1_71' title='bbox 95 1064 164 1099; x_wconf 82' lang='grc' dir='ltr'>νάσκων</span> <span class='ocrx_word' id='word_1_72' title='bbox 174 1063 203 1108; x_wconf 80' lang='grc' dir='ltr'>τὴν</span> <span class='ocrx_word' id='word_1_73' title='bbox 214 1064 244 1098; x_wconf 91' lang='grc' dir='ltr'>τοῦ</span> <span class='ocrx_word' id='word_1_74' title='bbox 257 1063 325 1111; x_wconf 86' lang='grc' dir='ltr'>Πατρδς</span> <span class='ocrx_word' id='word_1_75' title='bbox 338 1058 392 1101; x_wconf 64' lang='grc' dir='ltr'>δόσιν.</span> <span class='ocrx_word' id='word_1_76' title='bbox 406 1062 431 1102; x_wconf 78' lang='lat' dir='ltr'>ib.</span> 
     </span>
     <span class='ocr_line' id='line_1_16' title="bbox 95 1117 430 1165; baseline 0.015 -13"><span class='ocrx_word' id='word_1_77' title='bbox 95 1118 180 1165; x_wconf 83' lang='grc' dir='ltr'>Μακάριος</span> <span class='ocrx_word' id='word_1_78' title='bbox 187 1118 196 1153; x_wconf 85' lang='grc' dir='ltr'>ὁ</span> <span class='ocrx_word' id='word_1_79' title='bbox 203 1118 291 1164; x_wconf 78' lang='grc' dir='ltr'>γινώσκων</span> <span class='ocrx_word' id='word_1_80' title='bbox 298 1118 324 1154; x_wconf 87' lang='grc' dir='ltr'>καὶ</span> <span class='ocrx_word' id='word_1_81' title='bbox 331 1119 394 1161; x_wconf 81' lang='grc' dir='ltr'>λαβών,</span> <span class='ocrx_word' id='word_1_82' title='bbox 405 1117 430 1157; x_wconf 80' lang='lat' dir='ltr'>ib.</span> 
     </span>
     <span class='ocr_line' id='line_1_17' title="bbox 94 1171 431 1223; baseline 0.012 -16"><span class='ocrx_word' id='word_1_83' title='bbox 94 1172 180 1220; x_wconf 84' lang='grc' dir='ltr'>Μακάριος</span> <span class='ocrx_word' id='word_1_84' title='bbox 192 1171 210 1207; x_wconf 76' lang='grc' dir='ltr'>ἐν</span> <span class='ocrx_word' id='word_1_85' title='bbox 215 1171 272 1218; x_wconf 86' lang='grc' dir='ltr'>Ἰησοῦ</span> <span class='ocrx_word' id='word_1_86' title='bbox 283 1175 352 1223; x_wconf 81' lang='grc' dir='ltr'>Χριστῷ</span> <span class='ocrx_word' id='word_1_87' title='bbox 362 1172 431 1211; x_wconf 85' lang='grc' dir='ltr'>δςκατ-</span> 
     </span>
     <span class='ocr_line' id='line_1_18' title="bbox 94 1225 432 1276; baseline 0.009 -14"><span class='ocrx_word' id='word_1_88' title='bbox 94 1225 212 1273; x_wconf 79' lang='grc' dir='ltr'>αξιωθίησεται.</span> <span class='ocrx_word' id='word_1_89' title='bbox 224 1225 266 1276; x_wconf 78' lang='lat' dir='ltr'><strong>Igu.</strong></span> <span class='ocrx_word' id='word_1_90' title='bbox 274 1225 345 1265; x_wconf 79' lang='lat' dir='ltr'><strong>Philad.</strong></span> <span class='ocrx_word' id='word_1_91' title='bbox 353 1239 381 1266; x_wconf 91' lang='lat'>10.</span> <span class='ocrx_word' id='word_1_92' title='bbox 402 1231 432 1265; x_wconf 84' lang='grc' dir='ltr'>τοῦ</span> 
     </span>
     <span class='ocr_line' id='line_1_19' title="bbox 94 1281 431 1330; baseline 0.012 -13"><span class='ocrx_word' id='word_1_93' title='bbox 94 1281 175 1330; x_wconf 84' lang='grc' dir='ltr'>μακαρίου</span> <span class='ocrx_word' id='word_1_94' title='bbox 186 1282 212 1318; x_wconf 81' lang='grc' dir='ltr'>καλ</span> <span class='ocrx_word' id='word_1_95' title='bbox 224 1281 293 1327; x_wconf 77' lang='grc' dir='ltr'>ἐνδόξου</span> <span class='ocrx_word' id='word_1_96' title='bbox 304 1281 381 1320; x_wconf 83' lang='grc' dir='ltr'>Παύλου,</span> <span class='ocrx_word' id='word_1_97' title='bbox 396 1281 431 1321; x_wconf 89' lang='grc' dir='ltr'>Ρο-</span> 
     </span>
     <span class='ocr_line' id='line_1_20' title="bbox 94 1334 432 1385; baseline 0.009 -12"><span class='ocrx_word' id='word_1_98' title='bbox 94 1334 128 1385; x_wconf 82' lang='lat' dir='ltr'><strong>lyc.</strong></span> <span class='ocrx_word' id='word_1_99' title='bbox 144 1334 192 1373; x_wconf 78' lang='lat' dir='ltr'><strong>Phil.</strong></span> <span class='ocrx_word' id='word_1_100' title='bbox 208 1347 225 1384; x_wconf 84' lang='lat'>3.</span> <span class='ocrx_word' id='word_1_101' title='bbox 262 1337 282 1372; x_wconf 87' lang='grc' dir='ltr'>ού</span> <span class='ocrx_word' id='word_1_102' title='bbox 297 1339 348 1384; x_wconf 91' lang='grc' dir='ltr'>μόνον</span> <span class='ocrx_word' id='word_1_103' title='bbox 364 1338 381 1373; x_wconf 84' lang='grc' dir='ltr'>ἐν</span> <span class='ocrx_word' id='word_1_104' title='bbox 397 1341 432 1377; x_wconf 82' lang='grc' dir='ltr'>τοῖς</span> 
     </span>
     <span class='ocr_line' id='line_1_21' title="bbox 93 1390 430 1441; baseline 0.006 -14"><span class='ocrx_word' id='word_1_105' title='bbox 93 1391 179 1439; x_wconf 87' lang='grc' dir='ltr'>μακαρίοις</span> <span class='ocrx_word' id='word_1_106' title='bbox 185 1390 261 1441; x_wconf 81' lang='grc' dir='ltr'>Ἰμνατίῳ</span> <span class='ocrx_word' id='word_1_107' title='bbox 268 1406 283 1427; x_wconf 90' lang='grc' dir='ltr'>κ.</span> <span class='ocrx_word' id='word_1_108' title='bbox 291 1407 306 1428; x_wconf 89' lang='grc' dir='ltr'>τ.</span> <span class='ocrx_word' id='word_1_109' title='bbox 314 1393 332 1428; x_wconf 89' lang='grc' dir='ltr'>λ.</span> <span class='ocrx_word' id='word_1_110' title='bbox 341 1404 358 1441; x_wconf 87' lang='lat'>9.</span> <span class='ocrx_word' id='word_1_111' title='bbox 376 1393 430 1441; x_wconf 83' lang='grc' dir='ltr'><em>ἔωρῶ-</em></span> 
     </span>
     <span class='ocr_line' id='line_1_22' title="bbox 93 1446 429 1496; baseline 0.015 -15"><span class='ocrx_word' id='word_1_112' title='bbox 93 1460 124 1490; x_wconf 85' lang='grc' dir='ltr'>μεν</span> <span class='ocrx_word' id='word_1_113' title='bbox 137 1446 166 1482; x_wconf 84' lang='grc' dir='ltr'>τόν</span> <span class='ocrx_word' id='word_1_114' title='bbox 179 1447 259 1494; x_wconf 85' lang='grc' dir='ltr'>μακάριον</span> <span class='ocrx_word' id='word_1_115' title='bbox 270 1446 354 1496; x_wconf 75' lang='grc' dir='ltr'>ἸηνάτιονΙ</span> <span class='ocrx_word' id='word_1_116' title='bbox 372 1446 429 1487; x_wconf 69' lang='lat' dir='ltr'><strong>Mart.</strong></span> 
     </span>
     <span class='ocr_line' id='line_1_23' title="bbox 94 1495 429 1551; baseline 0.012 -15"><span class='ocrx_word' id='word_1_117' title='bbox 94 1500 134 1549; x_wconf 64' lang='lat' dir='ltr'><strong>lgn.</strong></span> <span class='ocrx_word' id='word_1_118' title='bbox 146 1508 163 1549; x_wconf 80' lang='lat'>7.</span> <span class='ocrx_word' id='word_1_119' title='bbox 183 1502 213 1537; x_wconf 88' lang='grc' dir='ltr'>τόν</span> <span class='ocrx_word' id='word_1_120' title='bbox 223 1500 303 1549; x_wconf 83' lang='grc' dir='ltr'>μακάριον</span> <span class='ocrx_word' id='word_1_121' title='bbox 312 1495 429 1551; x_wconf 75' lang='grc' dir='ltr'>Μολόκαρπαν.</span> 
     </span>
     <span class='ocr_line' id='line_1_24' title="bbox 92 1553 431 1605; baseline 0.009 -13"><span class='ocrx_word' id='word_1_122' title='bbox 92 1553 149 1593; x_wconf 59' lang='lat' dir='ltr'>Mam</span> <span class='ocrx_word' id='word_1_123' title='bbox 158 1554 220 1605; x_wconf 81' lang='lat' dir='ltr'><strong>Polye.</strong></span> <span class='ocrx_word' id='word_1_124' title='bbox 232 1567 247 1593; x_wconf 90' lang='grc' dir='ltr'>Ι.</span> <span class='ocrx_word' id='word_1_125' title='bbox 276 1558 354 1605; x_wconf 86' lang='grc' dir='ltr'>Μακάρια</span> <span class='ocrx_word' id='word_1_126' title='bbox 362 1557 393 1604; x_wconf 79' lang='grc' dir='ltr'>μὲν</span> <span class='ocrx_word' id='word_1_127' title='bbox 401 1557 431 1595; x_wconf 77' lang='grc' dir='ltr'>οῦν</span> 
     </span>
     <span class='ocr_line' id='line_1_25' title="bbox 95 1609 430 1659; baseline 0.009 -13"><span class='ocrx_word' id='word_1_128' title='bbox 95 1640 110 1648; x_wconf 77' lang='grc'>,,</span> <span class='ocrx_word' id='word_1_129' title='bbox 121 1612 155 1647; x_wconf 86' lang='grc' dir='ltr'>,τὰ</span> <span class='ocrx_word' id='word_1_130' title='bbox 172 1609 260 1659; x_wconf 84' lang='grc' dir='ltr'>μαρτύρια.</span> <span class='ocrx_word' id='word_1_131' title='bbox 276 1622 292 1648; x_wconf 84' lang='lat'>2.</span> <span class='ocrx_word' id='word_1_132' title='bbox 323 1615 394 1649; x_wconf 80' lang='grc' dir='ltr'>Τοιαῦτα</span> <span class='ocrx_word' id='word_1_133' title='bbox 409 1614 430 1649; x_wconf 89' lang='grc' dir='ltr'>τὰ</span> 
     </span>
     <span class='ocr_line' id='line_1_26' title="bbox 93 1666 434 1716; baseline 0.009 -15"><span class='ocrx_word' id='word_1_134' title='bbox 93 1666 134 1701; x_wconf 84' lang='grc' dir='ltr'>κατὰ</span> <span class='ocrx_word' id='word_1_135' title='bbox 147 1666 176 1701; x_wconf 88' lang='grc' dir='ltr'>τδν</span> <span class='ocrx_word' id='word_1_136' title='bbox 190 1666 270 1714; x_wconf 90' lang='grc' dir='ltr'>μακάριον</span> <span class='ocrx_word' id='word_1_137' title='bbox 283 1672 307 1703; x_wconf 87' lang='grc' dir='ltr'>Π.</span> <span class='ocrx_word' id='word_1_138' title='bbox 320 1678 357 1716; x_wconf 51' lang='lat'>19.¹</span> <span class='ocrx_word' id='word_1_139' title='bbox 380 1673 434 1716; x_wconf 72' lang='grc' dir='ltr'>Μαμ-4</span> 
     </span>
     <span class='ocr_line' id='line_1_27' title="bbox 92 1721 430 1769; baseline 0.012 -14"><span class='ocrx_word' id='word_1_140' title='bbox 92 1722 139 1769; x_wconf 82' lang='grc' dir='ltr'>τυρεῖ</span> <span class='ocrx_word' id='word_1_141' title='bbox 147 1721 166 1756; x_wconf 82' lang='grc' dir='ltr'>δὲ</span> <span class='ocrx_word' id='word_1_142' title='bbox 175 1722 184 1757; x_wconf 82' lang='grc' dir='ltr'>ὁ</span> <span class='ocrx_word' id='word_1_143' title='bbox 193 1721 271 1768; x_wconf 89' lang='grc' dir='ltr'>μακάριος</span> <span class='ocrx_word' id='word_1_144' title='bbox 280 1726 302 1758; x_wconf 93' lang='grc' dir='ltr'>Π.</span> <span class='ocrx_word' id='word_1_145' title='bbox 317 1733 346 1759; x_wconf 83' lang='lat'>21.</span> <span class='ocrx_word' id='word_1_146' title='bbox 376 1723 430 1760; x_wconf 82' lang='grc' dir='ltr'>καθὼς</span> 
     </span>
     <span class='ocr_line' id='line_1_28' title="bbox 92 1774 427 1824; baseline 0.015 -14"><span class='ocrx_word' id='word_1_147' title='bbox 92 1774 205 1823; x_wconf 75' lang='grc' dir='ltr'>ἐμαρτύρησεν</span> <span class='ocrx_word' id='word_1_148' title='bbox 227 1777 236 1811; x_wconf 88' lang='grc' dir='ltr'>ὁ</span> <span class='ocrx_word' id='word_1_149' title='bbox 258 1778 338 1824; x_wconf 88' lang='grc' dir='ltr'>μακάριος</span> <span class='ocrx_word' id='word_1_150' title='bbox 356 1782 379 1813; x_wconf 90' lang='grc' dir='ltr'>Π.</span> <span class='ocrx_word' id='word_1_151' title='bbox 397 1789 427 1815; x_wconf 86' lang='lat'><strong>22.</strong></span> 
     </span>
     <span class='ocr_line' id='line_1_29' title="bbox 92 1830 397 1878; baseline 0.013 -13"><span class='ocrx_word' id='word_1_152' title='bbox 92 1830 222 1878; x_wconf 84' lang='grc' dir='ltr'>φανεράσαντός</span> <span class='ocrx_word' id='word_1_153' title='bbox 230 1845 259 1877; x_wconf 90' lang='grc' dir='ltr'>μοι</span> <span class='ocrx_word' id='word_1_154' title='bbox 268 1833 298 1867; x_wconf 90' lang='grc' dir='ltr'>τοῦ</span> <span class='ocrx_word' id='word_1_155' title='bbox 307 1846 324 1876; x_wconf 90' lang='grc' dir='ltr'>μ.</span> <span class='ocrx_word' id='word_1_156' title='bbox 334 1837 358 1869; x_wconf 93' lang='grc' dir='ltr'>Π.</span> <span class='ocrx_word' id='word_1_157' title='bbox 373 1830 397 1869; x_wconf 79' lang='lat' dir='ltr'>ib.</span> 
     </span>
    </p>

    <p class='ocr_par' dir='ltr' id='par_1_5' title="bbox 65 1884 428 2042">
     <span class='ocr_line' id='line_1_30' title="bbox 65 1884 428 1935; baseline 0.008 -15"><span class='ocrx_word' id='word_1_158' title='bbox 65 1886 181 1933; x_wconf 83' lang='grc' dir='ltr'>Μακαρισμός.</span> <span class='ocrx_word' id='word_1_159' title='bbox 198 1884 252 1922; x_wconf 80' lang='grc' dir='ltr'>Οῦτσς</span> <span class='ocrx_word' id='word_1_160' title='bbox 261 1887 270 1921; x_wconf 83' lang='grc' dir='ltr'>ό</span> <span class='ocrx_word' id='word_1_161' title='bbox 279 1887 383 1934; x_wconf 80' lang='grc' dir='ltr'>μακαρισμὸς</span> <span class='ocrx_word' id='word_1_162' title='bbox 392 1887 428 1935; x_wconf 77' lang='grc' dir='ltr'>ἐγέ-</span> 
     </span>
     <span class='ocr_line' id='line_1_31' title="bbox 91 1939 426 1988; baseline 0.015 -13"><span class='ocrx_word' id='word_1_163' title='bbox 91 1954 128 1975; x_wconf 92' lang='grc' dir='ltr'>νετο</span> <span class='ocrx_word' id='word_1_164' title='bbox 137 1940 165 1977; x_wconf 82' lang='grc' dir='ltr'>ἐπὶ</span> <span class='ocrx_word' id='word_1_165' title='bbox 174 1939 212 1977; x_wconf 82' lang='grc' dir='ltr'>τοῦς</span> <span class='ocrx_word' id='word_1_166' title='bbox 221 1940 356 1988; x_wconf 81' lang='grc' dir='ltr'>ἐκλελεγμένους.</span> <span class='ocrx_word' id='word_1_167' title='bbox 367 1939 426 1980; x_wconf 76' lang='lat' dir='ltr'><strong>Olem.</strong></span> 
     </span>
     <span class='ocr_line' id='line_1_32' title="bbox 91 1993 142 2042; baseline 0 -11"><span class='ocrx_word' id='word_1_168' title='bbox 91 1993 142 2042; x_wconf 83' lang='lat'><strong>150.</strong></span> 
     </span>
    </p>

    <p class='ocr_par' dir='ltr' id='par_1_6' title="bbox 64 2049 428 2429">
     <span class='ocr_line' id='line_1_33' title="bbox 64 2049 428 2098; baseline 0.008 -13"><span class='ocrx_word' id='word_1_169' title='bbox 64 2051 140 2097; x_wconf 89' lang='grc' dir='ltr'>Μοκράν.</span> <span class='ocrx_word' id='word_1_170' title='bbox 169 2049 208 2095; x_wconf 84' lang='grc' dir='ltr'>ξένα</span> <span class='ocrx_word' id='word_1_171' title='bbox 224 2049 250 2085; x_wconf 89' lang='grc' dir='ltr'>καὶ</span> <span class='ocrx_word' id='word_1_172' title='bbox 265 2050 329 2098; x_wconf 88' lang='grc' dir='ltr'>μακράν</span> <span class='ocrx_word' id='word_1_173' title='bbox 343 2051 381 2087; x_wconf 81' lang='grc' dir='ltr'>ἐστι</span> <span class='ocrx_word' id='word_1_174' title='bbox 395 2055 428 2088; x_wconf 79' lang='grc' dir='ltr'>τῶν</span> 
     </span>
     <span class='ocr_line' id='line_1_34' title="bbox 90 2101 426 2154; baseline 0.009 -14"><span class='ocrx_word' id='word_1_175' title='bbox 90 2104 174 2152; x_wconf 82' lang='grc' dir='ltr'>άτεχθῶν.</span> <span class='ocrx_word' id='word_1_176' title='bbox 188 2101 247 2141; x_wconf 78' lang='lat' dir='ltr'><strong>Glem.</strong></span> <span class='ocrx_word' id='word_1_177' title='bbox 258 2102 333 2154; x_wconf 76' lang='lat' dir='ltr'><strong>Fragm.</strong></span> <span class='ocrx_word' id='word_1_178' title='bbox 342 2103 366 2143; x_wconf 83' lang='lat' dir='ltr'>iv.</span> <span class='ocrx_word' id='word_1_179' title='bbox 394 2121 426 2152; x_wconf 89' lang='grc' dir='ltr'>μα-</span> 
     </span>
     <span class='ocr_line' id='line_1_35' title="bbox 90 2159 426 2211; baseline 0.015 -17"><span class='ocrx_word' id='word_1_180' title='bbox 90 2160 131 2207; x_wconf 89' lang='grc' dir='ltr'>κράν</span> <span class='ocrx_word' id='word_1_181' title='bbox 143 2159 180 2196; x_wconf 82' lang='grc' dir='ltr'>ἐστι</span> <span class='ocrx_word' id='word_1_182' title='bbox 193 2159 250 2204; x_wconf 80' lang='grc' dir='ltr'>πάσης</span> <span class='ocrx_word' id='word_1_183' title='bbox 262 2160 348 2207; x_wconf 79' lang='grc' dir='ltr'>ἁμαρτίας.</span> <span class='ocrx_word' id='word_1_184' title='bbox 363 2160 426 2211; x_wconf 78' lang='lat' dir='ltr'><strong>Polyc.</strong></span> 
     </span>
     <span class='ocr_line' id='line_1_36' title="bbox 91 2212 428 2263; baseline 0.009 -14"><span class='ocrx_word' id='word_1_185' title='bbox 91 2212 138 2252; x_wconf 82' lang='lat' dir='ltr'><strong>Phil.</strong></span> <span class='ocrx_word' id='word_1_186' title='bbox 146 2226 163 2263; x_wconf 91' lang='lat'>3.</span> <span class='ocrx_word' id='word_1_187' title='bbox 192 2214 256 2262; x_wconf 84' lang='grc' dir='ltr'>μακράν</span> <span class='ocrx_word' id='word_1_188' title='bbox 265 2216 317 2252; x_wconf 78' lang='grc' dir='ltr'>οὔσας</span> <span class='ocrx_word' id='word_1_189' title='bbox 326 2216 383 2262; x_wconf 82' lang='grc' dir='ltr'>πάσης</span> <span class='ocrx_word' id='word_1_190' title='bbox 392 2218 428 2252; x_wconf 87' lang='grc' dir='ltr'>δια-</span> 
     </span>
     <span class='ocr_line' id='line_1_37' title="bbox 89 2269 427 2320; baseline 0.012 -16"><span class='ocrx_word' id='word_1_191' title='bbox 89 2270 149 2316; x_wconf 76' lang='grc' dir='ltr'>βολῆς.</span> <span class='ocrx_word' id='word_1_192' title='bbox 166 2281 182 2316; x_wconf 91' lang='lat'>4.</span> <span class='ocrx_word' id='word_1_193' title='bbox 204 2269 268 2317; x_wconf 82' lang='grc' dir='ltr'>μακρὰν</span> <span class='ocrx_word' id='word_1_194' title='bbox 277 2269 323 2308; x_wconf 84' lang='grc' dir='ltr'>όντες</span> <span class='ocrx_word' id='word_1_195' title='bbox 331 2271 388 2318; x_wconf 81' lang='grc' dir='ltr'>πάσης</span> <span class='ocrx_word' id='word_1_196' title='bbox 397 2273 427 2320; x_wconf 88' lang='grc' dir='ltr'>φι-</span> 
     </span>
     <span class='ocr_line' id='line_1_38' title="bbox 89 2323 427 2375; baseline 0.012 -16"><span class='ocrx_word' id='word_1_197' title='bbox 89 2325 188 2373; x_wconf 73' lang='grc' dir='ltr'>λαργυρίας.</span> <span class='ocrx_word' id='word_1_198' title='bbox 204 2323 221 2360; x_wconf 88' lang='grc'>6.</span> <span class='ocrx_word' id='word_1_199' title='bbox 249 2324 324 2372; x_wconf 83' lang='grc' dir='ltr'>άγρίδιον</span> <span class='ocrx_word' id='word_1_200' title='bbox 333 2326 352 2362; x_wconf 85' lang='grc' dir='ltr'>οὐ</span> <span class='ocrx_word' id='word_1_201' title='bbox 363 2328 427 2375; x_wconf 87' lang='grc' dir='ltr'>μακρὰν</span> 
     </span>
     <span class='ocr_line' id='line_1_39' title="bbox 89 2377 331 2429; baseline 0.017 -15"><span class='ocrx_word' id='word_1_202' title='bbox 89 2379 158 2426; x_wconf 83' lang='grc' dir='ltr'>ἀπέχον.</span> <span class='ocrx_word' id='word_1_203' title='bbox 173 2377 229 2416; x_wconf 74' lang='lat' dir='ltr'><strong>Mart.</strong></span> <span class='ocrx_word' id='word_1_204' title='bbox 240 2377 303 2429; x_wconf 84' lang='lat' dir='ltr'><strong>Polyc.</strong></span> <span class='ocrx_word' id='word_1_205' title='bbox 315 2388 331 2427; x_wconf 87' lang='lat'>5.</span> 
     </span>
    </p>

    <p class='ocr_par' dir='ltr' id='par_1_7' title="bbox 63 2434 429 2650">
     <span class='ocr_line' id='line_1_40' title="bbox 63 2434 429 2485; baseline 0.005 -17"><span class='ocrx_word' id='word_1_206' title='bbox 63 2434 186 2481; x_wconf 85' lang='grc' dir='ltr'>Μακροθυμεῖν.</span> <span class='ocrx_word' id='word_1_207' title='bbox 205 2435 271 2483; x_wconf 76' lang='grc' dir='ltr'>ἀγάπη,</span> <span class='ocrx_word' id='word_1_208' title='bbox 280 2464 283 2472; x_wconf 93' lang='grc'>.</span> <span class='ocrx_word' id='word_1_209' title='bbox 292 2436 355 2471; x_wconf 82' lang='grc' dir='ltr'>Ιπάντα</span> <span class='ocrx_word' id='word_1_210' title='bbox 365 2451 429 2485; x_wconf 91' lang='grc' dir='ltr'>μακμο-.</span> 
     </span>
     <span class='ocr_line' id='line_1_41' title="bbox 89 2487 425 2539; baseline 0.009 -15"><span class='ocrx_word' id='word_1_211' title='bbox 89 2489 142 2535; x_wconf 79' lang='grc' dir='ltr'>θυμεῦ.</span> <span class='ocrx_word' id='word_1_212' title='bbox 158 2488 216 2527; x_wconf 77' lang='lat' dir='ltr'><strong>Olem.</strong></span> <span class='ocrx_word' id='word_1_213' title='bbox 227 2487 238 2525; x_wconf 86' lang='lat' dir='ltr'>I</span> <span class='ocrx_word' id='word_1_214' title='bbox 248 2501 280 2537; x_wconf 88' lang='lat'>49.</span> <span class='ocrx_word' id='word_1_215' title='bbox 314 2491 425 2539; x_wconf 78' lang='grc' dir='ltr'>Μακροθυμή-</span> 
     </span>
     <span class='ocr_line' id='line_1_42' title="bbox 89 2543 424 2594; baseline 0.009 -15"><span class='ocrx_word' id='word_1_216' title='bbox 89 2558 130 2579; x_wconf 90' lang='grc' dir='ltr'>σατε</span> <span class='ocrx_word' id='word_1_217' title='bbox 140 2544 169 2581; x_wconf 84' lang='grc' dir='ltr'>οῦν</span> <span class='ocrx_word' id='word_1_218' title='bbox 177 2544 213 2591; x_wconf 88' lang='grc' dir='ltr'>μετ’</span> <span class='ocrx_word' id='word_1_219' title='bbox 222 2543 302 2591; x_wconf 81' lang='grc' dir='ltr'>ἀλλήλων</span> <span class='ocrx_word' id='word_1_220' title='bbox 311 2545 328 2581; x_wconf 81' lang='grc' dir='ltr'>ἐν</span> <span class='ocrx_word' id='word_1_221' title='bbox 336 2547 424 2594; x_wconf 86' lang='grc' dir='ltr'>πραότητι.</span> 
     </span>
     <span class='ocr_line' id='line_1_43' title="bbox 88 2596 235 2650; baseline 0.014 -16"><span class='ocrx_word' id='word_1_222' title='bbox 88 2596 130 2648; x_wconf 82' lang='lat' dir='ltr'><strong>Ign.</strong></span> <span class='ocrx_word' id='word_1_223' title='bbox 142 2598 203 2650; x_wconf 75' lang='lat' dir='ltr'><strong>Polyo.</strong></span> <span class='ocrx_word' id='word_1_224' title='bbox 218 2598 235 2636; x_wconf 93' lang='lat'>6.</span> 
     </span>
    </p>

    <p class='ocr_par' dir='ltr' id='par_1_8' title="bbox 61 2652 425 2975">
     <span class='ocr_line' id='line_1_44' title="bbox 61 2652 425 2702; baseline 0.019 -17"><span class='ocrx_word' id='word_1_225' title='bbox 61 2652 176 2702; x_wconf 86' lang='grc' dir='ltr'>Μακροθυμία.</span> <span class='ocrx_word' id='word_1_226' title='bbox 204 2654 287 2691; x_wconf 79' lang='grc' dir='ltr'>διδάσκων</span> <span class='ocrx_word' id='word_1_227' title='bbox 299 2656 386 2692; x_wconf 82' lang='grc' dir='ltr'>ἐπιείκειαν</span> <span class='ocrx_word' id='word_1_228' title='bbox 398 2657 425 2692; x_wconf 85' lang='grc' dir='ltr'>καὶ</span> 
     </span>
     <span class='ocr_line' id='line_1_45' title="bbox 87 2707 424 2760; baseline 0.006 -16"><span class='ocrx_word' id='word_1_229' title='bbox 87 2709 205 2755; x_wconf 89' lang='grc' dir='ltr'>μακροθυμίαν.</span> <span class='ocrx_word' id='word_1_230' title='bbox 227 2707 285 2747; x_wconf 74' lang='lat' dir='ltr'><strong>Glem.</strong></span> <span class='ocrx_word' id='word_1_231' title='bbox 300 2708 309 2746; x_wconf 86' lang='grc' dir='ltr'><strong>Ι</strong></span> <span class='ocrx_word' id='word_1_232' title='bbox 324 2723 353 2759; x_wconf 87' lang='lat'>13.</span> <span class='ocrx_word' id='word_1_233' title='bbox 391 2711 424 2760; x_wconf 80' lang='grc' dir='ltr'>δῴη</span> 
     </span>
     <span class='ocr_line' id='line_1_46' title="bbox 87 2764 422 2813; baseline 0.009 -14"><span class='ocrx_word' id='word_1_234' title='bbox 87 2764 134 2810; x_wconf 80' lang='grc' dir='ltr'>πόσῃ</span> <span class='ocrx_word' id='word_1_235' title='bbox 152 2765 202 2813; x_wconf 70' lang='grc' dir='ltr'>ψυχῇ</span> <span class='ocrx_word' id='word_1_236' title='bbox 215 2766 374 2813; x_wconf 73' lang='grc' dir='ltr'>...μακραθυμίαα</span> <span class='ocrx_word' id='word_1_237' title='bbox 392 2766 422 2812; x_wconf 82' lang='lat'>58.</span> 
     </span>
     <span class='ocr_line' id='line_1_47' title="bbox 87 2818 421 2871; baseline 0.012 -17"><span class='ocrx_word' id='word_1_238' title='bbox 87 2818 211 2867; x_wconf 72' lang='grc' dir='ltr'>ὑπολειφθῆναι</span> <span class='ocrx_word' id='word_1_239' title='bbox 220 2849 222 2856; x_wconf 94' lang='grc'>.</span> <span class='ocrx_word' id='word_1_240' title='bbox 232 2850 235 2856; x_wconf 94' lang='grc'>.</span> <span class='ocrx_word' id='word_1_241' title='bbox 245 2821 364 2868; x_wconf 76' lang='grc' dir='ltr'>μακροθυμίᾳ.</span> <span class='ocrx_word' id='word_1_242' title='bbox 380 2819 421 2871; x_wconf 83' lang='lat' dir='ltr'><strong>Ign.</strong></span> 
     </span>
     <span class='ocr_line' id='line_1_48' title="bbox 87 2870 422 2924; baseline 0.006 -14"><span class='ocrx_word' id='word_1_243' title='bbox 87 2870 136 2923; x_wconf 79' lang='lat' dir='ltr'><strong>Eph.</strong></span> <span class='ocrx_word' id='word_1_244' title='bbox 152 2886 169 2922; x_wconf 95' lang='lat'>3.</span> <span class='ocrx_word' id='word_1_245' title='bbox 198 2874 301 2922; x_wconf 81' lang='grc' dir='ltr'>φοβηθῶμεν</span> <span class='ocrx_word' id='word_1_246' title='bbox 316 2876 346 2921; x_wconf 74' lang='grc' dir='ltr'>τὴν</span> <span class='ocrx_word' id='word_1_247' title='bbox 361 2890 422 2924; x_wconf 90' lang='grc' dir='ltr'>μακρο-</span> 
     </span>
     <span class='ocr_line' id='line_1_49' title="bbox 86 2927 285 2975; baseline 0.015 -11"><span class='ocrx_word' id='word_1_248' title='bbox 86 2927 145 2975; x_wconf 89' lang='grc' dir='ltr'>θυμίαν</span> <span class='ocrx_word' id='word_1_249' title='bbox 154 2932 184 2965; x_wconf 88' lang='grc' dir='ltr'>τοῦ</span> <span class='ocrx_word' id='word_1_250' title='bbox 194 2932 243 2965; x_wconf 88' lang='grc' dir='ltr'>θεοῦ.</span> <span class='ocrx_word' id='word_1_251' title='bbox 256 2941 285 2967; x_wconf 88' lang='lat'>11.</span> 
     </span>
    </p>

    <p class='ocr_par' dir='ltr' id='par_1_9' title="bbox 59 2984 423 3089">
     <span class='ocr_line' id='line_1_50' title="bbox 59 2984 423 3034; baseline 0.016 -19"><span class='ocrx_word' id='word_1_252' title='bbox 59 2984 175 3030; x_wconf 86' lang='grc' dir='ltr'>Μακρόθυμος.</span> <span class='ocrx_word' id='word_1_253' title='bbox 211 2985 231 3019; x_wconf 86' lang='grc' dir='ltr'>τὸ</span> <span class='ocrx_word' id='word_1_254' title='bbox 248 2986 355 3034; x_wconf 88' lang='grc' dir='ltr'>μακρόθυμον</span> <span class='ocrx_word' id='word_1_255' title='bbox 373 2986 423 3022; x_wconf 86' lang='grc' dir='ltr'>αύτοῦ</span> 
     </span>
     <span class='ocr_line' id='line_1_51' title="bbox 85 3036 303 3089; baseline 0.018 -16"><span class='ocrx_word' id='word_1_256' title='bbox 85 3037 168 3085; x_wconf 76' lang='grc' dir='ltr'>βούλημα,</span> <span class='ocrx_word' id='word_1_257' title='bbox 184 3036 242 3076; x_wconf 79' lang='lat' dir='ltr'><strong>Olem.</strong></span> <span class='ocrx_word' id='word_1_258' title='bbox 254 3038 264 3076; x_wconf 85' lang='grc' dir='ltr'>Ι</span> <span class='ocrx_word' id='word_1_259' title='bbox 275 3052 303 3089; x_wconf 85' lang='lat'>19.</span> 
     </span>
    </p>
   </div>
   <div class='ocr_carea' id='block_1_5' title="bbox 59 3093 422 3141">
    <p class='ocr_par' dir='ltr' id='par_1_10' title="bbox 59 3093 422 3141">
     <span class='ocr_line' id='line_1_52' title="bbox 59 3093 422 3141; baseline 0.014 -16"><span class='ocrx_word' id='word_1_260' title='bbox 59 3093 142 3130; x_wconf 89' lang='grc' dir='ltr'>Μαλακός.</span> <span class='ocrx_word' id='word_1_261' title='bbox 168 3096 206 3129; x_wconf 80' lang='grc' dir='ltr'>οὕτε</span> <span class='ocrx_word' id='word_1_262' title='bbox 218 3095 281 3141; x_wconf 91' lang='grc' dir='ltr'>πόρνοι,</span> <span class='ocrx_word' id='word_1_263' title='bbox 295 3097 333 3131; x_wconf 84' lang='grc' dir='ltr'>ούτε</span> <span class='ocrx_word' id='word_1_264' title='bbox 346 3095 422 3141; x_wconf 85' lang='grc' dir='ltr'>μαλακοί.</span> 
     </span>
    </p>
   </div>
   <div class='ocr_carea' id='block_1_6' title="bbox 802 218 826 270">
    <p class='ocr_par' dir='ltr' id='par_1_11' title="bbox 802 218 826 270">
     <span class='ocr_line' id='line_1_53' title="bbox 802 218 826 270; baseline -0.042 0"><span class='ocrx_word' id='word_1_265' title='bbox 802 218 826 270; x_wconf 69' lang='grc' dir='ltr'>δ]</span> 
     </span>
    </p>
   </div>
   <div class='ocr_carea' id='block_1_7' title="bbox 452 349 837 3088">
    <p class='ocr_par' dir='ltr' id='par_1_12' title="bbox 489 349 641 402">
     <span class='ocr_line' id='line_1_54' title="bbox 489 349 641 402; baseline -0.007 -13"><span class='ocrx_word' id='word_1_266' title='bbox 489 349 552 402; x_wconf 81' lang='lat' dir='ltr'><strong>Polyc.</strong></span> <span class='ocrx_word' id='word_1_267' title='bbox 563 349 611 389; x_wconf 86' lang='lat' dir='ltr'>Phil.</span> <span class='ocrx_word' id='word_1_268' title='bbox 624 360 641 398; x_wconf 90' lang='lat'>5.</span> 
     </span>
    </p>

    <p class='ocr_par' dir='ltr' id='par_1_13' title="bbox 462 400 828 892">
     <span class='ocr_line' id='line_1_55' title="bbox 462 400 826 454; baseline -0.011 -11"><span class='ocrx_word' id='word_1_269' title='bbox 462 407 543 443; x_wconf 88' lang='grc' dir='ltr'>Μάλιστα</span> <span class='ocrx_word' id='word_1_270' title='bbox 550 407 650 454; x_wconf 83' lang='grc' dir='ltr'>μεμνημένοι</span> <span class='ocrx_word' id='word_1_271' title='bbox 656 404 756 452; x_wconf 83' lang='grc' dir='ltr'>τῶνλόγαιν.</span> <span class='ocrx_word' id='word_1_272' title='bbox 767 400 826 440; x_wconf 64' lang='lat' dir='ltr'><strong>olem.</strong></span> 
     </span>
     <span class='ocr_line' id='line_1_56' title="bbox 489 457 828 509; baseline -0.018 -11"><span class='ocrx_word' id='word_1_273' title='bbox 489 459 538 509; x_wconf 74' lang='lat'><strong>113.</strong></span> <span class='ocrx_word' id='word_1_274' title='bbox 558 461 640 497; x_wconf 89' lang='grc' dir='ltr'>Μάλιστα</span> <span class='ocrx_word' id='word_1_275' title='bbox 648 457 733 506; x_wconf 40' lang='grc' dir='ltr'>ᾖδει.·ι43.</span> <span class='ocrx_word' id='word_1_276' title='bbox 753 458 828 504; x_wconf 84' lang='grc' dir='ltr'>μάλιστα</span> 
     </span>
     <span class='ocr_line' id='line_1_57' title="bbox 486 509 825 564; baseline -0.015 -12"><span class='ocrx_word' id='word_1_277' title='bbox 486 516 517 556; x_wconf 77' lang='grc' dir='ltr'>ἐάν</span> <span class='ocrx_word' id='word_1_278' title='bbox 526 518 536 552; x_wconf 84' lang='grc' dir='ltr'>ό</span> <span class='ocrx_word' id='word_1_279' title='bbox 545 514 607 564; x_wconf 85' lang='grc' dir='ltr'>Κύριός</span> <span class='ocrx_word' id='word_1_280' title='bbox 617 529 646 561; x_wconf 87' lang='grc' dir='ltr'>μοι</span> <span class='ocrx_word' id='word_1_281' title='bbox 658 511 768 561; x_wconf 73' lang='grc' dir='ltr'>ἀποκαλύψῃ.</span> <span class='ocrx_word' id='word_1_282' title='bbox 783 509 825 561; x_wconf 82' lang='lat' dir='ltr'><strong>Igu.</strong></span> 
     </span>
     <span class='ocr_line' id='line_1_58' title="bbox 489 565 827 620; baseline -0.015 -13"><span class='ocrx_word' id='word_1_283' title='bbox 489 568 537 620; x_wconf 83' lang='lat' dir='ltr'><strong>Eph.</strong></span> <span class='ocrx_word' id='word_1_284' title='bbox 548 582 578 607; x_wconf 81' lang='lat'>20.</span> <span class='ocrx_word' id='word_1_285' title='bbox 606 570 681 616; x_wconf 89' lang='grc' dir='ltr'>μάλιστα</span> <span class='ocrx_word' id='word_1_286' title='bbox 690 567 719 604; x_wconf 82' lang='grc' dir='ltr'>ε’άν</span> <span class='ocrx_word' id='word_1_287' title='bbox 727 567 745 603; x_wconf 82' lang='grc' dir='ltr'>ἐν</span> <span class='ocrx_word' id='word_1_288' title='bbox 752 567 775 603; x_wconf 79' lang='grc' dir='ltr'>ἐνὶ</span> <span class='ocrx_word' id='word_1_289' title='bbox 785 565 827 602; x_wconf 79' lang='grc' dir='ltr'>ὦσιν</span> 
     </span>
     <span class='ocr_line' id='line_1_59' title="bbox 489 619 825 675; baseline -0.012 -14"><span class='ocrx_word' id='word_1_290' title='bbox 489 625 521 661; x_wconf 84' lang='grc' dir='ltr'>σῦν</span> <span class='ocrx_word' id='word_1_291' title='bbox 534 627 558 675; x_wconf 81' lang='grc' dir='ltr'>τῷ</span> <span class='ocrx_word' id='word_1_292' title='bbox 571 625 663 674; x_wconf 84' lang='grc' dir='ltr'>ε’πισκόπῳ.</span> <span class='ocrx_word' id='word_1_293' title='bbox 680 620 753 659; x_wconf 76' lang='lat' dir='ltr'><strong>Philad.</strong></span> <span class='ocrx_word' id='word_1_294' title='bbox 766 619 825 658; x_wconf 77' lang='lat' dir='ltr'><strong>Inscr.</strong></span> 
     </span>
     <span class='ocr_line' id='line_1_60' title="bbox 487 675 825 729; baseline -0.012 -13"><span class='ocrx_word' id='word_1_295' title='bbox 487 680 563 726; x_wconf 88' lang='grc' dir='ltr'>μάλιστα</span> <span class='ocrx_word' id='word_1_296' title='bbox 575 680 594 716; x_wconf 81' lang='grc' dir='ltr'>δὲ</span> <span class='ocrx_word' id='word_1_297' title='bbox 606 678 660 715; x_wconf 76' lang='grc' dir='ltr'>ἕνεκεν</span> <span class='ocrx_word' id='word_1_298' title='bbox 669 680 719 713; x_wconf 83' lang='grc' dir='ltr'>Θεοῦ.</span> <span class='ocrx_word' id='word_1_299' title='bbox 734 675 800 726; x_wconf 75' lang='lat' dir='ltr'><strong>Polye.&#39;</strong></span> <span class='ocrx_word' id='word_1_300' title='bbox 808 687 825 729; x_wconf 39' lang='grc' dir='ltr'>3,.Ι</span> 
     </span>
     <span class='ocr_line' id='line_1_61' title="bbox 487 730 826 781; baseline -0.012 -11"><span class='ocrx_word' id='word_1_301' title='bbox 487 735 562 778; x_wconf 85' lang='grc' dir='ltr'>μάλιστα</span> <span class='ocrx_word' id='word_1_302' title='bbox 571 733 602 781; x_wconf 81' lang='grc' dir='ltr'>μέν</span> <span class='ocrx_word' id='word_1_303' title='bbox 611 735 655 780; x_wconf 78' lang='grc' dir='ltr'>κοινῇ</span> <span class='ocrx_word' id='word_1_304' title='bbox 665 733 723 770; x_wconf 88' lang='grc' dir='ltr'>πάσαν</span> <span class='ocrx_word' id='word_1_305' title='bbox 732 730 826 776; x_wconf 84' lang='grc' dir='ltr'>ἐκκλησίαν.</span> 
     </span>
     <span class='ocr_line' id='line_1_62' title="bbox 488 785 826 840; baseline -0.012 -15"><span class='ocrx_word' id='word_1_306' title='bbox 488 787 545 827; x_wconf 72' lang='lat' dir='ltr'><strong>Mart.</strong></span> <span class='ocrx_word' id='word_1_307' title='bbox 557 788 599 840; x_wconf 77' lang='lat' dir='ltr'><strong>Igu.</strong></span> <span class='ocrx_word' id='word_1_308' title='bbox 613 800 630 837; x_wconf 88' lang='lat'>3.</span> <span class='ocrx_word' id='word_1_309' title='bbox 659 789 734 835; x_wconf 88' lang='grc' dir='ltr'>μάλιστα</span> <span class='ocrx_word' id='word_1_310' title='bbox 741 785 826 822; x_wconf 86' lang='grc' dir='ltr'>Ἰουδαίων</span> 
     </span>
     <span class='ocr_line' id='line_1_63' title="bbox 487 840 770 892; baseline -0.007 -12"><span class='ocrx_word' id='word_1_311' title='bbox 487 842 581 892; x_wconf 76' lang='grc' dir='ltr'>προθύμως.</span> <span class='ocrx_word' id='word_1_312' title='bbox 597 842 654 881; x_wconf 72' lang='lat' dir='ltr'><strong>Mar&#39;fi.</strong></span> <span class='ocrx_word' id='word_1_313' title='bbox 665 840 728 892; x_wconf 81' lang='lat' dir='ltr'><strong>Polyc.</strong></span> <span class='ocrx_word' id='word_1_314' title='bbox 742 852 770 889; x_wconf 83' lang='lat'>13.</span> 
     </span>
    </p>

    <p class='ocr_par' dir='ltr' id='par_1_14' title="bbox 460 894 837 2594">
     <span class='ocr_line' id='line_1_64' title="bbox 460 894 823 946; baseline -0.011 -11"><span class='ocrx_word' id='word_1_315' title='bbox 460 900 537 936; x_wconf 87' lang='grc' dir='ltr'>Μάλλαν.</span> <span class='ocrx_word' id='word_1_316' title='bbox 547 899 683 946; x_wconf 83' lang='grc' dir='ltr'>ὑποτασσόμενοι</span> <span class='ocrx_word' id='word_1_317' title='bbox 689 894 823 944; x_wconf 57' lang='grc' dir='ltr'>μάλλονάλλθιιι.</span> 
     </span>
     <span class='ocr_line' id='line_1_65' title="bbox 487 952 824 1001; baseline -0.012 -10"><span class='ocrx_word' id='word_1_318' title='bbox 487 952 498 990; x_wconf 87' lang='grc' dir='ltr'>Ι</span> <span class='ocrx_word' id='word_1_319' title='bbox 509 965 525 991; x_wconf 81' lang='lat'>2.</span> <span class='ocrx_word' id='word_1_320' title='bbox 554 954 636 1001; x_wconf 78' lang='grc' dir='ltr'>ὑπηκόους</span> <span class='ocrx_word' id='word_1_321' title='bbox 647 954 689 1000; x_wconf 82' lang='grc' dir='ltr'>ἡμᾶς</span> <span class='ocrx_word' id='word_1_322' title='bbox 701 953 767 998; x_wconf 81' lang='grc' dir='ltr'>μᾶλλον</span> <span class='ocrx_word' id='word_1_323' title='bbox 777 952 824 999; x_wconf 83' lang='grc' dir='ltr'>γενέ-</span> 
     </span>
     <span class='ocr_line' id='line_1_66' title="bbox 486 1006 824 1059; baseline -0.009 -14"><span class='ocrx_word' id='word_1_324' title='bbox 486 1009 526 1046; x_wconf 89' lang='grc' dir='ltr'>σθαι</span> <span class='ocrx_word' id='word_1_325' title='bbox 535 1011 559 1059; x_wconf 80' lang='grc' dir='ltr'>τῷ</span> <span class='ocrx_word' id='word_1_326' title='bbox 569 1011 612 1059; x_wconf 84' lang='grc' dir='ltr'>θεῷ.</span> <span class='ocrx_word' id='word_1_327' title='bbox 626 1020 654 1055; x_wconf 95' lang='lat'>14.</span> <span class='ocrx_word' id='word_1_328' title='bbox 682 1008 748 1055; x_wconf 81' lang='grc' dir='ltr'>μᾶλλον</span> <span class='ocrx_word' id='word_1_329' title='bbox 761 1006 779 1043; x_wconf 79' lang='grc' dir='ltr'>δὲ</span> <span class='ocrx_word' id='word_1_330' title='bbox 791 1006 824 1042; x_wconf 85' lang='grc' dir='ltr'>κίν-</span> 
     </span>
     <span class='ocr_line' id='line_1_67' title="bbox 486 1061 823 1111; baseline -0.009 -11"><span class='ocrx_word' id='word_1_331' title='bbox 486 1064 535 1100; x_wconf 91' lang='grc' dir='ltr'>δυνον</span> <span class='ocrx_word' id='word_1_332' title='bbox 545 1064 644 1111; x_wconf 71' lang='grc' dir='ltr'>ῦπαίσομεν.</span> <span class='ocrx_word' id='word_1_333' title='bbox 658 1061 683 1100; x_wconf 83' lang='lat' dir='ltr'>ib.</span> <span class='ocrx_word' id='word_1_334' title='bbox 712 1063 784 1098; x_wconf 85' lang='grc' dir='ltr'>Μᾶλλον</span> <span class='ocrx_word' id='word_1_335' title='bbox 795 1061 823 1097; x_wconf 84' lang='grc' dir='ltr'>άν-</span> 
     </span>
     <span class='ocr_line' id='line_1_68' title="bbox 486 1118 824 1168; baseline -0.009 -13"><span class='ocrx_word' id='word_1_336' title='bbox 486 1118 558 1167; x_wconf 85' lang='grc' dir='ltr'>θρώποις</span> <span class='ocrx_word' id='word_1_337' title='bbox 565 1119 637 1168; x_wconf 87' lang='grc' dir='ltr'>άφρσσι.</span> <span class='ocrx_word' id='word_1_338' title='bbox 647 1129 677 1155; x_wconf 81' lang='lat'>21.</span> <span class='ocrx_word' id='word_1_339' title='bbox 690 1118 750 1167; x_wconf 78' lang='grc' dir='ltr'>πολλῷ</span> <span class='ocrx_word' id='word_1_340' title='bbox 757 1118 824 1163; x_wconf 83' lang='grc' dir='ltr'>μᾶλλον</span> 
     </span>
     <span class='ocr_line' id='line_1_69' title="bbox 485 1172 823 1222; baseline -0.006 -13"><span class='ocrx_word' id='word_1_341' title='bbox 485 1174 534 1211; x_wconf 76' lang='grc' dir='ltr'>αὐτὸς</span> <span class='ocrx_word' id='word_1_342' title='bbox 552 1174 572 1210; x_wconf 83' lang='grc' dir='ltr'>οὐ</span> <span class='ocrx_word' id='word_1_343' title='bbox 587 1172 677 1222; x_wconf 73' lang='grc' dir='ltr'>ψεύσεται.</span> <span class='ocrx_word' id='word_1_344' title='bbox 694 1179 723 1221; x_wconf 82' lang='lat'>27.</span> <span class='ocrx_word' id='word_1_345' title='bbox 756 1173 823 1219; x_wconf 77' lang='grc' dir='ltr'>μᾶλλον</span> 
     </span>
     <span class='ocr_line' id='line_1_70' title="bbox 485 1225 822 1278; baseline -0.006 -14"><span class='ocrx_word' id='word_1_346' title='bbox 485 1228 585 1276; x_wconf 85' lang='grc' dir='ltr'>ῦπακείμεθα</span> <span class='ocrx_word' id='word_1_347' title='bbox 595 1227 670 1278; x_wconf 80' lang='grc' dir='ltr'>κινδύνῳ.</span> <span class='ocrx_word' id='word_1_348' title='bbox 686 1239 716 1275; x_wconf 94' lang='lat'>41.</span> <span class='ocrx_word' id='word_1_349' title='bbox 745 1225 822 1276; x_wconf 79' lang='grc' dir='ltr'>τοσούτῳ</span> 
     </span>
     <span class='ocr_line' id='line_1_71' title="bbox 484 1281 821 1331; baseline 0 -12"><span class='ocrx_word' id='word_1_350' title='bbox 484 1284 517 1331; x_wconf 82' lang='grc' dir='ltr'>γάρ</span> <span class='ocrx_word' id='word_1_351' title='bbox 540 1285 606 1330; x_wconf 79' lang='grc' dir='ltr'>μᾶλλον</span> <span class='ocrx_word' id='word_1_352' title='bbox 628 1284 770 1331; x_wconf 81' lang='grc' dir='ltr'>ταπεινοφρονεῖν.</span> <span class='ocrx_word' id='word_1_353' title='bbox 790 1281 821 1328; x_wconf 83' lang='lat'>48.</span> 
     </span>
     <span class='ocr_line' id='line_1_72' title="bbox 484 1335 837 1384; baseline -0.006 -10"><span class='ocrx_word' id='word_1_354' title='bbox 484 1339 550 1384; x_wconf 83' lang='grc' dir='ltr'>μᾶλλον</span> <span class='ocrx_word' id='word_1_355' title='bbox 558 1338 623 1384; x_wconf 78' lang='grc' dir='ltr'>μείζων.</span> <span class='ocrx_word' id='word_1_356' title='bbox 637 1336 662 1376; x_wconf 71' lang='lat' dir='ltr'>ib.</span> <span class='ocrx_word' id='word_1_357' title='bbox 685 1336 753 1374; x_wconf 80' lang='grc' dir='ltr'>ἑαυτούς</span> <span class='ocrx_word' id='word_1_358' title='bbox 762 1335 821 1373; x_wconf 88' lang='grc' dir='ltr'>θέλου-</span> <span class='ocrx_word' id='word_1_359' title='bbox 836 1365 837 1368; x_wconf 44' lang='lat'><strong>.</strong></span> 
     </span>
     <span class='ocr_line' id='line_1_73' title="bbox 485 1391 820 1440; baseline 0.003 -12"><span class='ocrx_word' id='word_1_360' title='bbox 485 1408 513 1429; x_wconf 90' lang='grc' dir='ltr'>σιν</span> <span class='ocrx_word' id='word_1_361' title='bbox 521 1395 588 1439; x_wconf 82' lang='grc' dir='ltr'>μᾶλλον</span> <span class='ocrx_word' id='word_1_362' title='bbox 596 1391 654 1431; x_wconf 82' lang='grc' dir='ltr'>αἰκίαις</span> <span class='ocrx_word' id='word_1_363' title='bbox 662 1392 773 1440; x_wconf 86' lang='grc' dir='ltr'>περιπίπτειν.</span> <span class='ocrx_word' id='word_1_364' title='bbox 789 1399 820 1439; x_wconf 88' lang='lat'>51.</span> 
     </span>
     <span class='ocr_line' id='line_1_74' title="bbox 484 1444 819 1496; baseline 0 -12"><span class='ocrx_word' id='word_1_365' title='bbox 484 1448 580 1494; x_wconf 76' lang='grc' dir='ltr'>μᾶλλονδὲ</span> <span class='ocrx_word' id='word_1_366' title='bbox 595 1449 656 1484; x_wconf 80' lang='grc' dir='ltr'>ἑαυτῶν</span> <span class='ocrx_word' id='word_1_367' title='bbox 669 1448 779 1496; x_wconf 84' lang='grc' dir='ltr'>κατάγνωσιν.</span> <span class='ocrx_word' id='word_1_368' title='bbox 795 1444 819 1484; x_wconf 81' lang='lat' dir='ltr'>ib.</span> 
     </span>
     <span class='ocr_line' id='line_1_75' title="bbox 484 1501 821 1550; baseline -0.003 -12"><span class='ocrx_word' id='word_1_369' title='bbox 484 1503 503 1538; x_wconf 88' lang='grc' dir='ltr'>οῦ</span> <span class='ocrx_word' id='word_1_370' title='bbox 516 1503 542 1539; x_wconf 82' lang='grc' dir='ltr'>δεῖ</span> <span class='ocrx_word' id='word_1_371' title='bbox 553 1502 595 1548; x_wconf 83' lang='grc' dir='ltr'>ἡμᾶς</span> <span class='ocrx_word' id='word_1_372' title='bbox 604 1502 697 1550; x_wconf 83' lang='grc' dir='ltr'>φοβεῖσθαι</span> <span class='ocrx_word' id='word_1_373' title='bbox 708 1501 747 1539; x_wconf 84' lang='grc' dir='ltr'>τοὺς</span> <span class='ocrx_word' id='word_1_374' title='bbox 758 1501 821 1549; x_wconf 84' lang='grc' dir='ltr'>άνθρό-</span> 
     </span>
     <span class='ocr_line' id='line_1_76' title="bbox 483 1556 821 1605; baseline -0.006 -11"><span class='ocrx_word' id='word_1_375' title='bbox 483 1572 525 1595; x_wconf 89' lang='grc' dir='ltr'>παυς</span> <span class='ocrx_word' id='word_1_376' title='bbox 532 1559 603 1605; x_wconf 79' lang='grc' dir='ltr'>μᾶλλον.</span> <span class='ocrx_word' id='word_1_377' title='bbox 614 1556 636 1594; x_wconf 90' lang='grc' dir='ltr'>Π</span> <span class='ocrx_word' id='word_1_378' title='bbox 647 1570 664 1605; x_wconf 89' lang='lat'>4.</span> <span class='ocrx_word' id='word_1_379' title='bbox 684 1556 770 1603; x_wconf 83' lang='grc' dir='ltr'>διόξωμεν</span> <span class='ocrx_word' id='word_1_380' title='bbox 778 1558 821 1603; x_wconf 84' lang='grc' dir='ltr'>μάλ-</span> 
     </span>
     <span class='ocr_line' id='line_1_77' title="bbox 482 1611 821 1661; baseline 0 -14"><span class='ocrx_word' id='word_1_381' title='bbox 482 1613 514 1647; x_wconf 92' lang='grc' dir='ltr'>λον</span> <span class='ocrx_word' id='word_1_382' title='bbox 527 1612 557 1658; x_wconf 84' lang='grc' dir='ltr'>τὴν</span> <span class='ocrx_word' id='word_1_383' title='bbox 570 1612 634 1661; x_wconf 74' lang='grc' dir='ltr'>ἀρετήν.</span> <span class='ocrx_word' id='word_1_384' title='bbox 651 1623 680 1649; x_wconf 91' lang='lat'>10.</span> <span class='ocrx_word' id='word_1_385' title='bbox 709 1611 821 1660; x_wconf 81' lang='grc' dir='ltr'>προῃρημένοι</span> 
     </span>
     <span class='ocr_line' id='line_1_78' title="bbox 482 1664 818 1714; baseline 0.003 -11"><span class='ocrx_word' id='word_1_386' title='bbox 482 1668 548 1712; x_wconf 79' lang='grc' dir='ltr'>μᾶλλον</span> <span class='ocrx_word' id='word_1_387' title='bbox 560 1667 591 1714; x_wconf 80' lang='grc' dir='ltr'>τὴν</span> <span class='ocrx_word' id='word_1_388' title='bbox 604 1667 662 1704; x_wconf 85' lang='grc' dir='ltr'>ε’νθάδε</span> <span class='ocrx_word' id='word_1_389' title='bbox 678 1666 779 1703; x_wconf 80' lang='grc' dir='ltr'>ιίπολαυσιν.</span> <span class='ocrx_word' id='word_1_390' title='bbox 793 1664 818 1704; x_wconf 75' lang='lat' dir='ltr'>ib.</span> 
     </span>
     <span class='ocr_line' id='line_1_79' title="bbox 482 1720 819 1769; baseline 0 -12"><span class='ocrx_word' id='word_1_391' title='bbox 482 1722 578 1760; x_wconf 82' lang='grc' dir='ltr'>πλοῦτος..</span> <span class='ocrx_word' id='word_1_392' title='bbox 589 1723 666 1769; x_wconf 80' lang='grc' dir='ltr'>,μάλλον</span> <span class='ocrx_word' id='word_1_393' title='bbox 680 1721 737 1759; x_wconf 87' lang='grc' dir='ltr'>πενίας</span> <span class='ocrx_word' id='word_1_394' title='bbox 751 1720 819 1769; x_wconf 78' lang='grc' dir='ltr'>ἕθλιφε.</span> 
     </span>
     <span class='ocr_line' id='line_1_80' title="bbox 482 1774 821 1827; baseline -0.003 -15"><span class='ocrx_word' id='word_1_395' title='bbox 482 1774 557 1827; x_wconf 79' lang='lat' dir='ltr'><strong>Fl&#39;agm.</strong></span> <span class='ocrx_word' id='word_1_396' title='bbox 568 1775 592 1814; x_wconf 81' lang='lat' dir='ltr'>iv.</span> <span class='ocrx_word' id='word_1_397' title='bbox 622 1777 639 1813; x_wconf 81' lang='grc' dir='ltr'>έν</span> <span class='ocrx_word' id='word_1_398' title='bbox 648 1777 703 1825; x_wconf 82' lang='grc' dir='ltr'>Πατρὶ</span> <span class='ocrx_word' id='word_1_399' title='bbox 715 1776 744 1820; x_wconf 80' lang='grc' dir='ltr'>ὢν,</span> <span class='ocrx_word' id='word_1_400' title='bbox 754 1777 821 1823; x_wconf 81' lang='grc' dir='ltr'>μάλλον</span> 
     </span>
     <span class='ocr_line' id='line_1_81' title="bbox 482 1830 820 1882; baseline -0.003 -15"><span class='ocrx_word' id='word_1_401' title='bbox 482 1831 564 1878; x_wconf 83' lang='grc' dir='ltr'>φαίνεται.</span> <span class='ocrx_word' id='word_1_402' title='bbox 580 1830 622 1882; x_wconf 82' lang='lat' dir='ltr'><strong>Igu.</strong></span> <span class='ocrx_word' id='word_1_403' title='bbox 634 1830 689 1869; x_wconf 84' lang='lat' dir='ltr'><strong>Rom.</strong></span> <span class='ocrx_word' id='word_1_404' title='bbox 701 1843 718 1879; x_wconf 89' lang='lat'>3.</span> <span class='ocrx_word' id='word_1_405' title='bbox 748 1831 820 1867; x_wconf 75' lang='grc' dir='ltr'>Μᾶλλον</span> 
     </span>
     <span class='ocr_line' id='line_1_82' title="bbox 482 1885 821 1935; baseline 0 -14"><span class='ocrx_word' id='word_1_406' title='bbox 482 1885 595 1923; x_wconf 86' lang='grc' dir='ltr'>κολακεύσατε</span> <span class='ocrx_word' id='word_1_407' title='bbox 606 1888 627 1923; x_wconf 84' lang='grc' dir='ltr'>τά</span> <span class='ocrx_word' id='word_1_408' title='bbox 638 1887 693 1935; x_wconf 89' lang='grc' dir='ltr'>θηρία.</span> <span class='ocrx_word' id='word_1_409' title='bbox 708 1898 726 1932; x_wconf 91' lang='lat'>4.</span> <span class='ocrx_word' id='word_1_410' title='bbox 754 1887 821 1932; x_wconf 80' lang='grc' dir='ltr'>μᾶλλον</span> 
     </span>
     <span class='ocr_line' id='line_1_83' title="bbox 482 1940 819 1989; baseline 0 -13"><span class='ocrx_word' id='word_1_411' title='bbox 482 1940 601 1988; x_wconf 88' lang='grc' dir='ltr'>μαθητεύομαι.</span> <span class='ocrx_word' id='word_1_412' title='bbox 617 1950 634 1989; x_wconf 87' lang='lat'>5.</span> <span class='ocrx_word' id='word_1_413' title='bbox 662 1942 729 1988; x_wconf 79' lang='grc' dir='ltr'>μᾶλλόν</span> <span class='ocrx_word' id='word_1_414' title='bbox 737 1956 766 1987; x_wconf 91' lang='grc' dir='ltr'>μοι</span> <span class='ocrx_word' id='word_1_415' title='bbox 777 1940 819 1978; x_wconf 73' lang='grc' dir='ltr'>’άπα-</span> 
     </span>
     <span class='ocr_line' id='line_1_84' title="bbox 483 1995 818 2045; baseline 0.003 -13"><span class='ocrx_word' id='word_1_416' title='bbox 483 1995 543 2033; x_wconf 83' lang='grc' dir='ltr'>θανεῖν.</span> <span class='ocrx_word' id='word_1_417' title='bbox 555 1997 572 2033; x_wconf 89' lang='grc'>6.</span> <span class='ocrx_word' id='word_1_418' title='bbox 592 1998 657 2042; x_wconf 82' lang='grc' dir='ltr'>μάλλον</span> <span class='ocrx_word' id='word_1_419' title='bbox 666 1996 707 2042; x_wconf 82' lang='grc' dir='ltr'>ἐμοῦ</span> <span class='ocrx_word' id='word_1_420' title='bbox 715 1996 789 2045; x_wconf 83' lang='grc' dir='ltr'>γίνεσθε.</span> <span class='ocrx_word' id='word_1_421' title='bbox 802 2003 818 2044; x_wconf 84' lang='lat'>7.</span> 
     </span>
     <span class='ocr_line' id='line_1_85' title="bbox 482 2048 820 2098; baseline 0 -11"><span class='ocrx_word' id='word_1_422' title='bbox 482 2050 547 2089; x_wconf 87' lang='grc' dir='ltr'>τούτοις</span> <span class='ocrx_word' id='word_1_423' title='bbox 556 2052 574 2088; x_wconf 79' lang='grc' dir='ltr'>δέ</span> <span class='ocrx_word' id='word_1_424' title='bbox 583 2053 650 2098; x_wconf 83' lang='grc' dir='ltr'>μᾶλλον</span> <span class='ocrx_word' id='word_1_425' title='bbox 658 2050 745 2097; x_wconf 86' lang='grc' dir='ltr'>πείσθητε.</span> <span class='ocrx_word' id='word_1_426' title='bbox 755 2048 783 2088; x_wconf 72' lang='lat' dir='ltr'><strong>ib.</strong></span> <span class='ocrx_word' id='word_1_427' title='bbox 802 2051 820 2087; x_wconf 82' lang='grc' dir='ltr'>ἐν</span> 
     </span>
     <span class='ocr_line' id='line_1_86' title="bbox 481 2103 819 2156; baseline 0.003 -15"><span class='ocrx_word' id='word_1_428' title='bbox 481 2104 495 2156; x_wconf 79' lang='grc' dir='ltr'><strong><em>ᾧ</em></strong></span> <span class='ocrx_word' id='word_1_429' title='bbox 504 2106 590 2153; x_wconf 83' lang='grc' dir='ltr'>δεδεμένος</span> <span class='ocrx_word' id='word_1_430' title='bbox 596 2108 684 2155; x_wconf 72' lang='grc' dir='ltr'>φοβοῦμαι</span> <span class='ocrx_word' id='word_1_431' title='bbox 692 2107 764 2153; x_wconf 79' lang='grc' dir='ltr'>μᾶλλον.</span> <span class='ocrx_word' id='word_1_432' title='bbox 776 2103 819 2142; x_wconf 79' lang='lat' dir='ltr'>Phi-</span> 
     </span>
     <span class='ocr_line' id='line_1_87' title="bbox 481 2159 819 2210; baseline -0.009 -12"><span class='ocrx_word' id='word_1_433' title='bbox 481 2159 517 2198; x_wconf 76' lang='lat' dir='ltr'><strong>lad.</strong></span> <span class='ocrx_word' id='word_1_434' title='bbox 527 2168 544 2209; x_wconf 88' lang='lat'><strong>5.</strong></span> <span class='ocrx_word' id='word_1_435' title='bbox 565 2162 657 2210; x_wconf 81' lang='grc' dir='ltr'>ἀρνοῦνται,</span> <span class='ocrx_word' id='word_1_436' title='bbox 667 2163 733 2209; x_wconf 77' lang='grc' dir='ltr'>μᾶλλον</span> <span class='ocrx_word' id='word_1_437' title='bbox 742 2161 760 2196; x_wconf 80' lang='grc' dir='ltr'>δὲ</span> <span class='ocrx_word' id='word_1_438' title='bbox 769 2159 819 2209; x_wconf 75' lang='grc' dir='ltr'>ἠρνή-</span> 
     </span>
     <span class='ocr_line' id='line_1_88' title="bbox 482 2215 819 2267; baseline 0 -15"><span class='ocrx_word' id='word_1_439' title='bbox 482 2217 536 2262; x_wconf 87' lang='grc' dir='ltr'>θησαν</span> <span class='ocrx_word' id='word_1_440' title='bbox 555 2215 630 2267; x_wconf 73' lang='lat' dir='ltr'><strong>Smym.</strong></span> <span class='ocrx_word' id='word_1_441' title='bbox 642 2225 658 2264; x_wconf 93' lang='lat'>5.</span> <span class='ocrx_word' id='word_1_442' title='bbox 688 2215 778 2264; x_wconf 73' lang='grc' dir='ltr'>συνηγοροι</span> <span class='ocrx_word' id='word_1_443' title='bbox 789 2219 819 2252; x_wconf 88' lang='grc' dir='ltr'>τοῦ</span> 
     </span>
     <span class='ocr_line' id='line_1_89' title="bbox 481 2269 816 2318; baseline 0.003 -11"><span class='ocrx_word' id='word_1_444' title='bbox 481 2271 553 2307; x_wconf 89' lang='grc' dir='ltr'>θανάτου</span> <span class='ocrx_word' id='word_1_445' title='bbox 563 2273 629 2318; x_wconf 83' lang='grc' dir='ltr'>μᾶλλον</span> <span class='ocrx_word' id='word_1_446' title='bbox 637 2271 647 2318; x_wconf 81' lang='grc' dir='ltr'>ἢ</span> <span class='ocrx_word' id='word_1_447' title='bbox 656 2273 685 2317; x_wconf 79' lang='grc' dir='ltr'>τῆς</span> <span class='ocrx_word' id='word_1_448' title='bbox 694 2271 777 2317; x_wconf 82' lang='grc' dir='ltr'>ἀληθείας.</span> <span class='ocrx_word' id='word_1_449' title='bbox 791 2269 816 2308; x_wconf 81' lang='lat' dir='ltr'>ib.</span> 
     </span>
     <span class='ocr_line' id='line_1_90' title="bbox 480 2323 815 2375; baseline 0.006 -14"><span class='ocrx_word' id='word_1_450' title='bbox 480 2328 546 2372; x_wconf 79' lang='grc' dir='ltr'>μᾶλλον</span> <span class='ocrx_word' id='word_1_451' title='bbox 552 2323 815 2375; x_wconf 63' lang='lat' dir='ltr'><strong>e’rrwuon44n&#39;140.PolyeJnsor.</strong></span> 
     </span>
     <span class='ocr_line' id='line_1_91' title="bbox 479 2380 816 2428; baseline 0 -12"><span class='ocrx_word' id='word_1_452' title='bbox 479 2382 546 2427; x_wconf 70' lang='grc' dir='ltr'>μάλλον</span> <span class='ocrx_word' id='word_1_453' title='bbox 554 2381 594 2418; x_wconf 88' lang='grc' dir='ltr'>τοῦς</span> <span class='ocrx_word' id='word_1_454' title='bbox 602 2380 715 2428; x_wconf 79' lang='grc' dir='ltr'>λοιματέρους.</span> <span class='ocrx_word' id='word_1_455' title='bbox 729 2391 745 2417; x_wconf 90' lang='lat'>2.</span> <span class='ocrx_word' id='word_1_456' title='bbox 773 2382 816 2426; x_wconf 86' lang='grc' dir='ltr'>μᾶλ-</span> 
     </span>
     <span class='ocr_line' id='line_1_92' title="bbox 479 2434 827 2482; baseline 0 -12"><span class='ocrx_word' id='word_1_457' title='bbox 479 2436 511 2471; x_wconf 92' lang='grc' dir='ltr'>λον</span> <span class='ocrx_word' id='word_1_458' title='bbox 517 2435 535 2471; x_wconf 84' lang='grc' dir='ltr'>δὲ</span> <span class='ocrx_word' id='word_1_459' title='bbox 544 2436 582 2481; x_wconf 79' lang='grc' dir='ltr'>περὶ</span> <span class='ocrx_word' id='word_1_460' title='bbox 589 2434 652 2471; x_wconf 87' lang='grc' dir='ltr'>τούτων</span> <span class='ocrx_word' id='word_1_461' title='bbox 659 2435 725 2480; x_wconf 83' lang='grc' dir='ltr'>ὁμιλίαν</span> <span class='ocrx_word' id='word_1_462' title='bbox 731 2437 786 2471; x_wconf 84' lang='grc' dir='ltr'>ποιοῦ.</span> <span class='ocrx_word' id='word_1_463' title='bbox 797 2443 814 2482; x_wconf 87' lang='lat'>5.</span> <span class='ocrx_word' id='word_1_464' title='bbox 820 2439 827 2451; x_wconf 63' lang='lat'>⁸</span> 
     </span>
     <span class='ocr_line' id='line_1_93' title="bbox 479 2488 815 2538; baseline 0.003 -13"><span class='ocrx_word' id='word_1_465' title='bbox 479 2490 572 2536; x_wconf 75' lang='grc' dir='ltr'>μᾶλλονδὲ</span> <span class='ocrx_word' id='word_1_466' title='bbox 586 2489 612 2526; x_wconf 86' lang='grc' dir='ltr'>ότι</span> <span class='ocrx_word' id='word_1_467' title='bbox 625 2491 713 2538; x_wconf 83' lang='grc' dir='ltr'>παρεστὼς</span> <span class='ocrx_word' id='word_1_468' title='bbox 727 2491 737 2525; x_wconf 91' lang='grc' dir='ltr'>ὁ</span> <span class='ocrx_word' id='word_1_469' title='bbox 750 2488 815 2538; x_wconf 81' lang='grc' dir='ltr'>Κύριος.</span> 
     </span>
     <span class='ocr_line' id='line_1_94' title="bbox 479 2543 637 2594; baseline 0.006 -14"><span class='ocrx_word' id='word_1_470' title='bbox 479 2543 535 2581; x_wconf 76' lang='lat' dir='ltr'><strong>Mart.</strong></span> <span class='ocrx_word' id='word_1_471' title='bbox 546 2543 609 2594; x_wconf 83' lang='lat' dir='ltr'><strong>Polyc.</strong></span> <span class='ocrx_word' id='word_1_472' title='bbox 622 2556 637 2581; x_wconf 84' lang='lat'>2.</span> 
     </span>
    </p>

    <p class='ocr_par' dir='ltr' id='par_1_15' title="bbox 452 2599 815 3088">
     <span class='ocr_line' id='line_1_95' title="bbox 452 2599 814 2647; baseline 0 -12"><span class='ocrx_word' id='word_1_473' title='bbox 452 2600 549 2636; x_wconf 90' lang='grc' dir='ltr'>Μανθάνειν,</span> <span class='ocrx_word' id='word_1_474' title='bbox 569 2599 669 2646; x_wconf 88' lang='grc' dir='ltr'>μαθέτωσαν</span> <span class='ocrx_word' id='word_1_475' title='bbox 677 2599 694 2635; x_wconf 87' lang='grc' dir='ltr'>τί</span> <span class='ocrx_word' id='word_1_476' title='bbox 702 2601 814 2647; x_wconf 87' lang='grc' dir='ltr'>ταπεινοφρο-</span> 
     </span>
     <span class='ocr_line' id='line_1_96' title="bbox 478 2652 812 2705; baseline 0 -15"><span class='ocrx_word' id='word_1_477' title='bbox 478 2652 519 2700; x_wconf 88' lang='grc' dir='ltr'>σύνη</span> <span class='ocrx_word' id='word_1_478' title='bbox 528 2655 574 2701; x_wconf 85' lang='grc' dir='ltr'>παρὰ</span> <span class='ocrx_word' id='word_1_479' title='bbox 581 2657 618 2705; x_wconf 67' lang='grc' dir='ltr'>θεῷ</span> <span class='ocrx_word' id='word_1_480' title='bbox 625 2653 686 2702; x_wconf 79' lang='grc' dir='ltr'>ἰσχύει,</span> <span class='ocrx_word' id='word_1_481' title='bbox 698 2652 772 2691; x_wconf 58' lang='lat' dir='ltr'>Olem]</span> <span class='ocrx_word' id='word_1_482' title='bbox 783 2666 812 2691; x_wconf 83' lang='lat'>21.</span> 
     </span>
     <span class='ocr_line' id='line_1_97' title="bbox 477 2708 814 2756; baseline 0.003 -12"><span class='ocrx_word' id='word_1_483' title='bbox 477 2708 537 2755; x_wconf 90' lang='grc' dir='ltr'>μάθετε</span> <span class='ocrx_word' id='word_1_484' title='bbox 548 2709 682 2745; x_wconf 83' lang='grc' dir='ltr'>ὑποτάσσεσθαι.</span> <span class='ocrx_word' id='word_1_485' title='bbox 698 2716 728 2756; x_wconf 86' lang='lat'>57.</span> <span class='ocrx_word' id='word_1_486' title='bbox 757 2709 814 2755; x_wconf 89' lang='grc' dir='ltr'>μάθω-</span> 
     </span>
     <span class='ocr_line' id='line_1_98' title="bbox 476 2762 813 2814; baseline 0.006 -15"><span class='ocrx_word' id='word_1_487' title='bbox 476 2778 507 2810; x_wconf 90' lang='grc' dir='ltr'>μεν</span> <span class='ocrx_word' id='word_1_488' title='bbox 520 2764 561 2799; x_wconf 86' lang='grc' dir='ltr'>κατὰ</span> <span class='ocrx_word' id='word_1_489' title='bbox 577 2764 708 2812; x_wconf 86' lang='grc' dir='ltr'>Χριστιανισμδν</span> <span class='ocrx_word' id='word_1_490' title='bbox 722 2765 755 2810; x_wconf 78' lang='grc' dir='ltr'>ζῆν.</span> <span class='ocrx_word' id='word_1_491' title='bbox 771 2762 813 2814; x_wconf 77' lang='lat' dir='ltr'><strong>Igu.</strong></span> 
     </span>
     <span class='ocr_line' id='line_1_99' title="bbox 478 2817 814 2868; baseline 0.003 -14"><span class='ocrx_word' id='word_1_492' title='bbox 478 2817 541 2868; x_wconf 75' lang='lat' dir='ltr'><strong>Magn.</strong></span> <span class='ocrx_word' id='word_1_493' title='bbox 552 2829 581 2855; x_wconf 90' lang='lat'>10.</span> <span class='ocrx_word' id='word_1_494' title='bbox 604 2821 640 2854; x_wconf 87' lang='grc' dir='ltr'>Νῦν</span> <span class='ocrx_word' id='word_1_495' title='bbox 655 2818 731 2863; x_wconf 84' lang='grc' dir='ltr'>μανθάνω</span> <span class='ocrx_word' id='word_1_496' title='bbox 748 2819 814 2866; x_wconf 85' lang='grc' dir='ltr'>δεδεμέ-</span> 
     </span>
     <span class='ocr_line' id='line_1_100' title="bbox 477 2871 815 2919; baseline 0.009 -11"><span class='ocrx_word' id='word_1_497' title='bbox 477 2888 510 2911; x_wconf 90' lang='grc' dir='ltr'>νος.</span> <span class='ocrx_word' id='word_1_498' title='bbox 523 2871 579 2909; x_wconf 84' lang='lat' dir='ltr'><strong>Rom.</strong></span> <span class='ocrx_word' id='word_1_499' title='bbox 587 2885 604 2919; x_wconf 90' lang='lat'>4.</span> <span class='ocrx_word' id='word_1_500' title='bbox 625 2872 711 2909; x_wconf 84' lang='grc' dir='ltr'>Βούλεσθε</span> <span class='ocrx_word' id='word_1_501' title='bbox 719 2874 779 2919; x_wconf 82' lang='grc' dir='ltr'>μαθεῖν</span> <span class='ocrx_word' id='word_1_502' title='bbox 788 2872 815 2911; x_wconf 76' lang='grc' dir='ltr'>οἷά</span> 
     </span>
     <span class='ocr_line' id='line_1_101' title="bbox 476 2926 815 2977; baseline 0.009 -14"><span class='ocrx_word' id='word_1_503' title='bbox 476 2943 501 2965; x_wconf 86' lang='grc' dir='ltr'>τις</span> <span class='ocrx_word' id='word_1_504' title='bbox 517 2927 617 2976; x_wconf 81' lang='grc' dir='ltr'>ἐφθέγξατο.</span> <span class='ocrx_word' id='word_1_505' title='bbox 632 2926 707 2977; x_wconf 80' lang='lat' dir='ltr'><strong>Fragm.</strong></span> <span class='ocrx_word' id='word_1_506' title='bbox 718 2927 729 2966; x_wconf 86' lang='lat' dir='ltr'>i.</span> <span class='ocrx_word' id='word_1_507' title='bbox 762 2931 782 2966; x_wconf 84' lang='grc' dir='ltr'>Εἰ</span> <span class='ocrx_word' id='word_1_508' title='bbox 797 2930 815 2966; x_wconf 79' lang='grc' dir='ltr'>δὲ</span> 
     </span>
     <span class='ocr_line' id='line_1_102' title="bbox 476 2982 815 3033; baseline 0.012 -15"><span class='ocrx_word' id='word_1_509' title='bbox 476 2982 533 3028; x_wconf 81' lang='grc' dir='ltr'>μαθεῖν</span> <span class='ocrx_word' id='word_1_510' title='bbox 543 2982 597 3020; x_wconf 83' lang='grc' dir='ltr'>θέλεις</span> <span class='ocrx_word' id='word_1_511' title='bbox 606 2983 635 3018; x_wconf 87' lang='grc' dir='ltr'>τδν</span> <span class='ocrx_word' id='word_1_512' title='bbox 640 2986 671 3019; x_wconf 84' lang='grc' dir='ltr'>τοῦ</span> <span class='ocrx_word' id='word_1_513' title='bbox 680 2989 815 3033; x_wconf 83' lang='grc' dir='ltr'>Χριστιανισμοῦ</span> 
     </span>
     <span class='ocr_line' id='line_1_103' title="bbox 476 3035 814 3088; baseline 0.015 -16"><span class='ocrx_word' id='word_1_514' title='bbox 476 3039 533 3086; x_wconf 77' lang='grc' dir='ltr'>λόγον.</span> <span class='ocrx_word' id='word_1_515' title='bbox 549 3035 606 3075; x_wconf 75' lang='lat' dir='ltr'><strong>Mart.</strong></span> <span class='ocrx_word' id='word_1_516' title='bbox 617 3036 679 3088; x_wconf 81' lang='lat' dir='ltr'><strong>Polyo.</strong></span> <span class='ocrx_word' id='word_1_517' title='bbox 692 3051 720 3076; x_wconf 88' lang='lat'>10.</span> <span class='ocrx_word' id='word_1_518' title='bbox 748 3041 814 3077; x_wconf 83' lang='grc' dir='ltr'>Μαθόν-</span> 
     </span>
    </p>
   </div>
   <div class='ocr_carea' id='block_1_8' title="bbox 477 3091 654 3130">
    <p class='ocr_par' dir='ltr' id='par_1_16' title="bbox 477 3091 654 3130">
     <span class='ocr_line' id='line_1_104' title="bbox 477 3091 654 3130; baseline 0.011 -2"><span class='ocrx_word' id='word_1_519' title='bbox 477 3108 504 3130; x_wconf 88' lang='grc' dir='ltr'>τες</span> <span class='ocrx_word' id='word_1_520' title='bbox 513 3091 542 3129; x_wconf 84' lang='grc' dir='ltr'>οῦν</span> <span class='ocrx_word' id='word_1_521' title='bbox 550 3095 607 3129; x_wconf 85' lang='grc' dir='ltr'>ταῦτα.</span> <span class='ocrx_word' id='word_1_522' title='bbox 625 3105 654 3130; x_wconf 79' lang='lat'>20.</span> 
     </span>
    </p>
   </div>
   <div class='ocr_carea' id='block_1_9' title="bbox 504 3147 511 3184">
    <p class='ocr_par' dir='ltr' id='par_1_17' title="bbox 504 3147 511 3184">
     <span class='ocr_line' id='line_1_105' title="bbox 504 3147 511 3184; baseline 0 0"><span class='ocrx_word' id='word_1_523' title='bbox 504 3147 511 3184; x_wconf 86' lang='lat' dir='ltr'>l</span> 
     </span>
    </p>
   </div>
   <div class='ocr_carea' id='block_1_10' title="bbox 0 0 970 3420">
    <p class='ocr_par' dir='ltr' id='par_1_18' title="bbox 0 0 970 3420">
     <span class='ocr_line' id='line_1_106' title="bbox 0 0 970 3420; baseline 0 3"><span class='ocrx_word' id='word_1_524' title='bbox 0 0 970 3420; x_wconf 95' lang='lat' dir='ltr'> </span> 
     </span>
    </p>
   </div>
  </div>
 </body>
</html>
