1975 3455
298 215 340 258 AD
355 209 547 268 CORINTHIOS,
558 216 572 257 l.
749 214 790 257 185

72 367 74 370 -
98 336 157 385 ritas
171 352 215 386 nos
226 333 279 382 Deo
291 329 437 398 agglutinat,
449 331 554 381 charitas
565 337 718 397 peooatonun
729 329 790 380 mula
802 343 854 376 1Pea
862 343 902 396 ili

97 415 230 467 titudinem
252 410 322 477 tegit,
345 408 450 459 charitas
472 409 553 473 omnia
575 409 688 468 sustinet,
711 387 895 472 omniaioiiioii¹¹
928 469 930 476 Ι

97 494 224 563 patienter
242 488 331 538 tolerat
343 507 350 548 ;
381 487 442 537 nihil
468 487 593 538 sordidum
617 488 644 537 in
666 484 847 546 eharitate‚l²⁰'

97 570 157 622 nihil
173 567 322 635 superbum3
340 565 444 617 charitas
459 585 509 616 non
525 566 600 616 habet
615 566 724 626 schisma,
736 565 790 615 oha—

96 650 156 699 ritas
178 646 322 697 seditionem
344 662 393 716 non
415 651 504 705 movet,
530 644 635 695 charitas
658 644 740 695 omnia
764 645 791 694 in

48 745 61 777 ¹.
97 722 222 778 concordia
237 723 302 782 facit,
313 723 339 772 in
356 722 474 773 charitate
491 741 574 773 omues
586 722 635 773 Dei
650 721 721 773 electi
736 741 790 790 per-

96 804 155 856 fecti
177 808 235 854 sunt
254 802 319 861 facti,
337 801 389 852 sine
409 801 527 852 charitate
547 800 609 850 nihil
631 801 685 851 Deo
708 819 790 868 aceep—
850 838 851 841 ,

95 890 150 933 tum
170 888 213 932 est.
249 882 279 931 In
296 880 415 931 charitate
431 900 475 932 nos
489 880 610 931 Dominus
631 879 677 931 sibi
697 898 789 931 assum-

95 961 142 1011 sit:
168 965 268 1027 propter
285 958 429 1009 charitatem
451 977 525 1027 quam
548 977 606 1027 erga
628 978 672 1009 nos
694 959 886 1018 habuitrnauiu

96 1038 216 1089 Dominus
243 1043 326 1088 noster
347 1037 421 1088 Jesus
449 1038 563 1089 Christus
588 1036 717 1088 voluntate
740 1016 894 1093 Deii⁶joii11¹,³‘

95 1116 238 1183 sanguinem
249 1134 321 1166 suum
336 1134 379 1182 pro
394 1116 464 1167 nobis
481 1116 556 1176 dedit,
569 1122 594 1166 et
605 1135 701 1166 earnem
718 1134 788 1167 suam
797 1104 815 1138 iv
823 1115 838 1149 ⁹¹

94 1213 140 1262 pro.
160 1212 230 1244 carne
248 1200 337 1252 nostra,
357 1200 383 1244 et
402 1194 508 1246 animam
529 1213 573 1263 pro
596 1194 722 1245 animabus
745 1213 787 1244 no-

94 1273 158 1323 stris.
751 1312 752 1315 ,

127 1349 153 1399 L.
172 1350 275 1410 Videtis,
295 1350 382 1411 dilecti,
401 1370 474 1419 quam
492 1368 581 1419 magna
601 1358 626 1402 et
644 1351 787 1403 admiranda

94 1429 127 1478 sit
149 1428 259 1488 charitas,
282 1436 308 1480 et
329 1430 395 1496 quod
420 1430 574 1497 perfeetionis
601 1430 653 1497 ejus
676 1449 725 1480 non
748 1437 786 1481 est

94 1508 218 1573 enarratio,
254 1508 314 1570 Quis
326 1514 364 1558 est
374 1508 475 1559 idoneus
489 1515 519 1559 ut
529 1508 556 1558 in
570 1508 624 1575 ipsa
638 1510 786 1568 inveniatur,

93 1592 189 1653 praeter
208 1605 252 1646 eos
271 1605 331 1654 quos
352 1587 420 1637 Deus
442 1587 528 1654 dignos
546 1605 598 1637 esse
617 1587 785 1654 judicaveutr

94 1665 197 1715 Oramus
208 1665 284 1732 igitur
295 1672 321 1715 et
331 1665 442 1732 precibus
458 1672 572 1733 petamus
588 1666 619 1716 ab
636 1666 701 1716 illius
714 1666 785 1716 mise-

92 1825 157 1860 noster
166 1820 219 1859 dedit
228 1822 257 1869 τὴν
264 1822 324 1871 ψυχὴν
333 1821 360 1859 καὶ
369 1823 424 1871 σάρκα
451 1821 529 1861 exhibet
535 1826 657 1870 ΑΠΑΞΙΩΣΗ,
665 1835 721 1861 sensu
730 1821 786 1874 plane

92 1878 151 1913 ἑαυτοῦ
162 1876 271 1926 ἀντάλλαγμα
283 1879 313 1924 τῆς
325 1877 385 1925 ψυχῆς
397 1877 424 1914 καὶ
451 1877 538 1917 absurdo.

92 1933 122 1978 τῆς
141 1932 204 1980 σαρκὸς
226 1931 276 1979 ἡμῶν,
295 1930 346 1982 quod
368 1930 424 1982 plane
481 1940 510 1982 17.
527 1928 570 1985 ἀπ[ὸ
584 1935 615 1969 τοῦ
631 1929 701 1985 ἕλε’]ους
717 1932 783 1981 αιίτοῦ,]

93 1983 161 2024 evertit
175 1984 256 2036 impium
270 1984 334 2024 sotini
348 1985 423 2037 dogma,
452 1986 519 2026 (lodex
541 1986 609 2025 MStus
629 1987 708 2038 praebet
726 1992 786 2023 ΑΙΤΩ-

92 2039 159 2079 Jesum
174 2038 271 2079 Christum
287 2054 326 2080 non
343 2040 423 2091 praesti·
451 2048 547 2079 ΜΕΘΑΑΠ
556 2071 612 2081 ,,,,,
620 2048 661 2079 οΥΣ
674 2046 693 2081 et
702 2039 786 2093 spatium

91 2094 137 2133 tisse
151 2093 299 2134 satisfactionem
313 2094 424 2147 plenamet
451 2096 527 2136 circiter
544 2109 578 2135 sex
595 2095 700 2136 literarum.
736 2095 786 2134 Gon-

91 2148 194 2188 vicariam:
209 2163 244 2189 nec
257 2151 296 2189 non
308 2149 424 2201 Apollinaris
448 2151 545 2203 jecturam
554 2150 616 2196 Milfii,
626 2155 729 2203 praeeunte
741 2150 786 2190 Gal-

91 2204 166 2256 dogma,
177 2217 220 2242 eum
231 2218 269 2243 non
281 2204 370 2244 habuisse
384 2205 425 2244 ani·
451 2207 521 2256 landio,
544 2206 618 2255 admisi,
641 2220 676 2259 pro
704 2205 785 2245 lectione

91 2272 142 2298 mam
156 2259 273 2309 rationalem,
286 2273 345 2312 quum
361 2260 424 2299 locum
451 2261 536 2301 Juniana
553 2263 637 2307 αἰτώμεθα
653 2260 702 2311 [εἶναι
715 2258 785 2314 afflone

91 2314 131 2365 ejus
149 2314 267 2366 suppleverit
285 2319 295 2353 ὁ
313 2318 379 2364 myos:
402 2320 425 2355 ut
451 2318 508 2366 αὐτοῦ,
521 2330 578 2369 quam
592 2316 683 2355 exhibent
695 2316 785 2355 Editores

91 2368 142 2407 enim
151 2369 223 2409 animas
232 2374 306 2410 nostras
315 2370 423 2420 redimeret,
451 2372 520 2411 caeteri
542 2375 618 2423 praeter
636 2371 695 2410 Wott.
720 2370 782 2409 Hefel.

91 2423 144 2463 dedit
159 2425 242 2464 animam
256 2439 316 2475 suam,
330 2424 342 2464 i.
358 2439 374 2464 e.
389 2425 424 2465 hu·
451 2425 717 2477 ReiahmeyretDreeselium.
729 2424 783 2463 Wot-

90 2491 166 2518 manam
171 2493 177 2528 3
188 2494 248 2532 quum
253 2480 308 2520 aliter
313 2493 352 2519 non
357 2480 424 2521 fuisset
450 2485 512 2531 tonus,
520 2480 602 2520 Millium
610 2484 699 2524 conatum
706 2492 746 2519 esse
755 2479 783 2517 la-

90 2534 189 2585 proprium
196 2535 308 2575 sacrificium
317 2549 352 2588 pro
361 2536 424 2576 anima
451 2550 519 2576 cunam
528 2535 616 2587 supplere
625 2535 704 2582 nescius,
713 2533 783 2574 statuit

90 2588 269 2630 humanaWOTT.
298 2591 423 2641 Quantorec-
450 2596 551 2644 syntaxeos
568 2589 662 2629 rationem
685 2588 781 2640 postulare

89 2643 129 2682 tius
146 2643 177 2682 hio
195 2658 253 2697 quam
269 2646 422 2695 Hornemannus,
449 2647 578 2686 accusativum
596 2644 679 2696 aliquem
697 2656 780 2693 commo-

90 2698 123 2749 qui
141 2697 161 2736 in
179 2699 209 2739 his
227 2701 290 2740 verbis
307 2700 355 2740 nihil
373 2702 422 2741 vidit
449 2701 495 2740 dum
501 2700 642 2753 Ροαααίτὼμεθα,Ι
653 2698 781 2750 conjecturam

91 2761 95 2775 ⁶
104 2757 180 2804 praeter
190 2754 290 2795 flosculum
299 2756 403 2795 oratorium
411 2757 422 2796 !’
448 2760 512 2796 tamen
521 2754 618 2794 Millienae
627 2753 743 2793 simillimam
752 2753 780 2791 fa-

119 2808 149 2846 162
160 2811 264 2862 καταξιώαῃ]
280 2812 312 2852 Ita
320 2811 378 2851 tacite
387 2812 422 2851 Ju-
448 2811 479 2860 cit,
493 2812 527 2850 ἀπὸ
544 2810 607 2857 ἐλέους,
620 2822 677 2860 quam
693 2808 734 2860 ipse
746 2808 781 2847 vix

89 2861 137 2909 nius,
147 2875 203 2914 quem
217 2878 292 2906 summo
301 2879 393 2906 consensu
403 2871 422 2906 et
449 2866 541 2906 Graecam
559 2867 627 2912 censet,
644 2876 701 2915 quam
720 2862 781 2903 Cleri-

89 2915 161 2968 0pllm0
171 2918 248 2970 quidem
254 2921 298 2973 jure
308 2921 368 2962 secuti
377 2927 422 2961 sunt
449 2935 480 2960 cus
490 2919 543 2973 quasi
552 2919 575 2957 de
585 2932 619 2959 suo
628 2918 704 2971 promit.
721 2918 781 2958 Davi-

88 2971 177 3016 Editores
186 2987 256 3016 omnes,
278 2977 344 3016 Oodex
354 2977 422 3017 Mstus
448 2976 471 3015 sii
484 2974 573 3023 medelae,
584 2975 667 3023 αἰτώμεθα
681 2974 780 3023 ἁγιασμαύς,

116 3050 163 3080 von.
174 3052 189 3081 1.
481 3054 494 3083 a
505 3041 518 3083 b
