2017 3420
207 151 251 195 aab
391 152 550 199 cornnnnn
564 154 717 200 JUDIOIUM

207 260 310 319 Episcopo
326 261 435 318 credimus,
452 263 573 308 dubitatum
587 263 651 309 fuisse
667 263 693 308 de
707 264 800 308 Auctore
816 265 899 308 nostrae

207 336 314 393 Epistulae
321 355 328 391 5
343 338 518 396 quemadmodum
526 355 570 384 non
578 355 687 398 possumus
696 354 760 393 nuno,
769 341 818 396 pust
827 338 899 397 deper-

207 412 263 457 ditus
274 417 308 457 tut
321 413 437 471 primorum
448 415 536 460 Patrum
550 416 621 469 libros,
633 415 754 459 memoriam
768 413 824 458 illius
838 429 898 458 accu-

207 503 259 541 sare,
275 504 327 546 quae
343 490 415 533 tamen
429 505 473 534 non
488 506 569 549 semper
584 490 626 535 fida
640 490 723 535 exstitit
728 507 735 543 3
750 489 782 533 ita
796 504 898 547 negamus

206 562 256 607 inde
275 564 378 622 consequi,
395 581 433 622 pru
448 566 630 624 Pseudepigrapha
648 565 762 610 necessario
780 563 898 608 habendam

206 639 323 696 Epistulam
328 658 336 694 3
351 656 417 699 quum
426 641 471 686 fieri
481 642 578 701 quiverit,
588 646 614 686 ut
623 657 674 699 opus
686 640 802 699 genuinum
813 640 836 684 in
848 655 897 689 con-

206 716 330 760 troversiam
338 716 428 771 venerit,
440 720 462 761 et
476 733 489 761 a
502 718 575 776 primis
589 716 693 762 Ecclesiae
707 715 840 774 scriptoribus
855 730 898 760 non

205 789 270 833 fuerit
288 790 422 835 celebratum.
451 791 514 836 Certe
530 808 555 836 ea
574 791 684 845 dubitatio,
704 806 728 835 ea
747 789 837 844 omissio,
854 804 898 834 nun

205 864 350 909 deterruenmt
359 866 474 910 Auctorem
484 866 593 911 Canunum
602 866 778 924 Apostolicorum,
789 864 897 928 Oanult,

205 938 354 996 Epiphanium,
368 940 432 984 Haer.
442 941 501 984 xxvii
511 941 532 995 6,
546 957 590 985 xxx
601 951 646 998 15,ει
660 945 681 985 et
695 943 743 985 eum
757 939 794 998 qui
808 927 897 983 Librum

150 1051 151 1055 ,
204 1014 348 1059 Pontifiualem
364 1017 488 1073 composuit,
505 1032 545 1075 quo
563 1016 633 1060 minus
649 1017 675 1061 de
691 1015 828 1060 Clementinis
844 1014 896 1073 Epi·
956 1074 958 1079 ⁴

204 1088 271 1143 stolis,
280 1089 365 1147 perinde
379 1106 403 1134 au
416 1090 469 1134 nihil
484 1090 620 1134 intercederet
635 1090 691 1134 inter
706 1090 752 1134 illas
764 1088 896 1143 discriminis,

203 1163 342 1221 loquerentur.
371 1164 438 1208 Mitto
453 1165 509 1209 enim
522 1165 633 1219 Niconem‚
648 1165 729 1222 dequo
745 1164 772 1208 ad
786 1163 895 1222 superioris

203 1238 309 1297 Epistulae
323 1254 368 1296 eap.
378 1239 432 1283 xiv.¹1
461 1239 531 1283 immo
546 1238 602 1297 quod
615 1239 729 1283 admodum
740 1238 821 1292 mirere,
832 1238 855 1282 id
868 1238 895 1282 ab

202 1313 253 1371 ipsis
265 1314 394 1372 Hieronymo
404 1330 428 1358 ac
437 1314 513 1358 Photiu
528 1313 668 1371 designatum,
679 1313 762 1371 quando
776 1329 842 1367 suam,
852 1328 896 1357 nun

202 1387 294 1442 Emebii,
304 1392 424 1445 proponunt
433 1388 564 1446 opinionem:
579 1388 614 1432 ille
623 1388 647 1431 in
655 1387 762 1432 volumine
775 1387 783 1431 i
797 1387 895 1431 adversus

203 1462 344 1516 Juvinianum,
359 1478 403 1520 oap.
416 1473 435 1519 7,
452 1463 506 1520 [cap.
519 1476 552 1519 14,
564 1464 616 1506 tom.
631 1462 647 1505 ii
661 1478 682 1519 p.
694 1462 734 1519 258
749 1461 782 1505 ed.
792 1461 896 1519 Vallum]-

202 1536 237 1580 hiu
250 1536 274 1580 in
287 1536 412 1598 Myriobibli
425 1553 469 1595 cap.
480 1537 549 1581 cxxvi.
580 1536 701 1581 Quinetiam
715 1539 825 1593 utramque
839 1536 895 1580 inter

119 1603 121 1608 ¹
203 1610 277 1655 Sacrae
288 1612 407 1669 scripturae
420 1612 484 1656 libros
498 1612 606 1656 collocasse
615 1611 714 1655 videntur
723 1610 826 1654 Ecclesiae
839 1610 894 1664 illae,

202 1703 254 1744 quae
265 1688 384 1732 (lenonibus
393 1687 520 1745 Apostoliois
529 1688 663 1745 regebantur,
669 1686 745 1745 quique
755 1702 789 1730 eos
799 1686 894 1730 Canunes

201 1762 225 1806 in
233 1763 291 1806 Novi
300 1763 429 1807 Testamenti
438 1763 579 1807 voluminibus
594 1765 686 1807 recenset
696 1763 711 1805 J
711 1762 803 1807 ohannes
815 1762 892 1805 Dama-

201 1853 282 1891 scenus,
299 1839 433 1883 Orthoduxae
454 1838 514 1882 Eidei
532 1839 568 1882 lib.
588 1838 610 1882 iv
635 1839 730 1896 cap;18,
750 1841 772 1881 et
792 1840 894 1895 quotquot

202 1912 319 1957 Bibliorum
329 1913 440 1957 Oodioibus
449 1913 563 1956 utebantur
572 1912 675 1956 similibus
684 1912 716 1955 illi
727 1912 822 1965 Theclae,
831 1926 843 1954 e
852 1927 894 1969 quo

201 1986 254 2030 duae
264 1987 317 2030 istae
326 1986 433 2043 Epistulae
442 1986 569 2044 prodierunt.
598 1986 686 2030 Accedit
695 1986 736 2029 huc
745 1985 801 2043 quod
810 1985 894 2029 eaedem
971 2032 972 2036 ,

200 2061 311 2118 utrubique
331 2065 433 2118 apparent
452 2061 583 2118 antiquitatis
604 2064 672 2115 notae,
692 2061 764 2105 eadem
788 2061 894 2105 interdum

172 2191 174 2193 q
201 2136 265 2179 verba
280 2139 419 2192 usurpantur,-
437 2151 475 2179 neu
488 2139 570 2179 tantam
584 2135 728 2180 diversitatem
742 2135 806 2179 habet
818 2135 893 2193 stylus,

200 2210 252 2267 quin
262 2211 288 2254 ab
300 2210 373 2253 eudem
384 2210 484 2267 scripture
495 2211 558 2254 variis
572 2211 701 2268 temporibus
716 2211 841 2269 diversisque
855 2227 892 2269 pro

200 2285 268 2329 causis
278 2285 327 2328 oriri
336 2284 435 2342 potuerit.
465 2284 579 2342 Dionysius
591 2289 661 2329 autem
671 2286 792 2330 Corinthius
802 2285 892 2330 scribens

199 2361 226 2404 ad
242 2360 347 2404 Romanos
364 2359 420 2416 apud
437 2358 557 2412 Eusebium,
575 2359 598 2402 iv
613 2373 648 2418 23,
664 2360 710 2404 ideo
729 2361 792 2405 unius
807 2364 892 2414 tantum

199 2434 306 2493 Epistulae
326 2433 441 2477 Clementis
459 2432 588 2477 mentionem
606 2433 663 2487 fauit,
683 2434 732 2493 quia
750 2435 844 2493 loquitur
866 2436 892 2480 de

200 2510 277 2555 niteris
299 2510 443 2553 Romanorum
465 2508 549 2553 nomine
570 2508 625 2553 datis
647 2510 674 2553 ad
697 2510 843 2564 Corinthius03
869 2515 892 2555 at

223 2689 305 2726 ETum-i
318 2701 335 2736 p.
346 2698 378 2737 107
388 2688 416 2726 ed.
425 2689 484 2726 Petav.
496 2687 544 2736 λέγει
556 2688 589 2736 γὰρ
599 2687 618 2724 ἐν
629 2690 658 2736 μιᾷ
670 2692 704 2727 τῶν
713 2688 822 2727 Ἐπιστολῶν
833 2689 891 2726 αὐτοῦ.

198 2747 241 2785 ibid.
249 2760 267 2795 p.
275 2759 314 2796 139,
322 2749 344 2786 ὡς
352 2748 401 2786 αὐτὸς
410 2748 480 2796 Κλήμης
487 2747 548 2785 αὐτοὺς
556 2746 598 2784 κατὰ
606 2748 660 2784 πάντα
668 2748 742 2798 ἐλέγχει,
749 2748 780 2798 ἀφ’
785 2750 809 2787 ὧν
814 2750 892 2798 ἔγραψεν

198 2807 307 2844 Ἐπιστολῶν
314 2806 406 2854 ἐγκυκλίων
413 2810 447 2843 τῶν
455 2807 473 2844 ἐν
480 2808 517 2845 ταῖς
525 2805 581 2854 ἁγίοις
589 2805 685 2852 ἐκκλησίαις
692 2806 858 2856 ἀναγινωσκομένων.

221 2866 231 2891 ¹³
243 2864 285 2902 Vid.
295 2877 348 2912 supra
356 2877 373 2913 p.
382 2865 406 2912 56
415 2866 427 2902 l.
437 2867 454 2902 8.

222 2930 230 2949 ⁰
239 2924 267 2961 Gi.
276 2923 348 2961 omnino
357 2923 430 2961 Ruuthii
438 2925 504 2961 Annut.
513 2924 532 2966 in
541 2923 563 2961 B.
572 2923 684 2972 Dionysium,
694 2925 731 2963 ltel.
741 2927 789 2964 Saer.
798 2926 804 2963 i
815 2928 833 2974 p.
843 2927 882 2963 188,
