2017 3420
235 164 279 209 osc
382 192 383 195 ,
482 138 504 210 s.
520 165 694 245 cnnnnnnis
770 179 772 181 ·

235 284 311 349 τηθεὶς
335 279 385 352 γὰρ
409 280 480 341 αὐτὸς
499 283 512 337 b
533 281 621 353 Κύριος
644 280 690 337 ὑπό
713 305 784 347 τινας,
805 280 863 336 πότε
883 280 936 353 ἥξει

234 368 307 423 αὐτοῦ
324 367 339 436 ἡ
358 369 481 434 βασιλεία,
500 365 570 435 εἶπεν,
587 367 687 424 ““Οταν
706 368 773 423 ἔσται
791 366 822 423 rb
839 366 934 434 bricio,

235 460 249 486 ‘⁶
261 456 299 509 καὶ
320 453 348 510 τὸ
369 453 418 526 ἔξω
439 457 471 514 ὡς
488 454 516 510 rb
534 455 592 523 ἔσω,
612 457 652 511 καὶ
675 453 702 510 rb
724 454 798 526 ἄρσεν
815 453 874 523 μετὰ
891 457 935 523 τῆς

235 549 250 574 “
261 543 363 610 θηλείας,
387 545 439 598 οὔτε
455 542 529 614 ἄρσεν
548 545 600 600 οὔτε
621 542 709 612 θῆλυ.”
747 540 786 598 Tb
805 540 846 596 δύο
864 539 888 595 δὲ
909 541 935 595 ἕν

234 629 306 694 ἔστιν,
326 628 385 684 ἄταν
406 634 520 696 λαλῶμεν
539 631 618 688 αὐτοῖς
638 628 760 697 ἀλήθειαν,
779 629 817 682 καὶ
838 627 862 681 ἐν
878 629 956 688 δυσὶ5

205 734 207 738 ·
235 714 348 784 σώμασιν
367 716 528 787 ἄννποκρίτως
546 714 579 784 εἴη
598 716 642 784 μία
661 713 737 788 ψυχή.
776 715 823 769 Καὶ
843 711 901 768 τὸὲ
913 738 934 782 ω

235 804 267 860 ὡς
285 800 313 857 rb
331 801 389 869 ἔσω,
408 808 478 857 τοῦτο
496 801 566 871 λέγει·
585 803 630 870 τὴν
649 800 734 875 ψυχὴν
750 802 814 871 λέγει
829 799 857 855 rb
873 800 931 865 ἔσω,

234 888 262 943 rb
281 886 305 942 δὲ
323 887 389 961 ἕξ[ω]
405 887 433 943 rb
452 892 524 955 σῶμα
538 888 610 957 λέγει·
633 886 661 943 ὃν
676 886 765 958 τρόπον
780 889 822 942 οὖν
839 910 885 941 σου
903 884 933 940 τὸ

234 978 306 1041 σῶμα
324 974 440 1045 φαίνεται,
456 975 529 1032 οὕτως
547 976 584 1028 καὶ
598 975 613 1042 ἡ
633 973 704 1046 ψυχή
718 997 765 1028 σου
782 976 854 1042 δῆλον
868 971 932 1028 ἕσσω

232 1061 257 1113 ἐν
279 1062 342 1132 [τοῖς]
364 1066 449 1119 καλοῖς
471 1059 553 1131 ἔργοις.
593 1062 642 1115 Καὶ
665 1058 693 1114 τὸ
715 1059 789 1130 ἄρσεν
809 1057 868 1127 μετὰ
888 1062 932 1127 τῆς
943 1090 968 1117 10

232 1149 336 1215 θηλείας,
350 1148 404 1202 οὔτε
416 1147 490 1218 ἄρσεν
505 1148 557 1203 οὔτε
568 1150 641 1215 θῆλυ,
656 1149 744 1218 τοῦτ[σ]
820 1175 831 1201 o

368 1258 380 1284 *
491 1258 502 1280 ’λ’
610 1258 622 1284 *
734 1258 745 1284 *

471 1379 575 1447 Reliqua
592 1379 690 1431 desunt.

232 1521 338 1562 Comment.
346 1522 368 1561 in
374 1522 501 1571 Matthaeum,
511 1520 564 1577 [tom.
592 1523 662 1563 Unum
671 1522 766 1562 offirmare
778 1535 861 1575 possum,
871 1523 928 1563 Pseu-

231 1577 257 1617 vii
271 1590 311 1630 p.2
326 1577 459 1629 edVallars]
483 1577 566 1630 Epipha-
592 1577 777 1630 do-Evangelistam
804 1591 828 1617 ex
855 1578 929 1618 solenni

231 1632 292 1682 nium,
302 1632 381 1672 Haeres.
392 1632 428 1672 lxii
440 1647 455 1673 c.
467 1645 483 1672 α.
493 1634 547 1683 [tom.
558 1632 566 1672 i
592 1632 645 1686 apud
654 1631 814 1685 Apocnyphonum
826 1633 929 1685 scriptores

231 1700 249 1739 p.
260 1697 299 1737 514
314 1688 342 1727 ed,
354 1688 430 1738 Petau]
459 1687 530 1737 Titum,
544 1701 566 1727 ac
592 1688 732 1728 consuetudine
745 1688 834 1728 imitandi
846 1688 928 1727 Oanoni·

231 1742 396 1795 Theophylactum
411 1743 436 1782 ad
450 1742 565 1795 pn'ncipium
592 1756 624 1782 cos
633 1742 699 1792 libros,
708 1742 794 1783 allusisse
804 1743 829 1782 ad
837 1741 928 1795 Apostoli

231 1797 298 1838 Lucae.
326 1797 450 1850 Quamquam
458 1811 504 1837 vero
514 1798 564 1837 Hae·
591 1798 651 1838 verba
661 1796 724 1837 Galat.
734 1797 755 1837 iii
766 1801 796 1847 28,
806 1798 857 1849 quod
869 1803 889 1838 et
897 1798 927 1838 in-

231 1852 286 1892 retioi
299 1860 375 1892 veteres
389 1853 414 1892 ad
430 1852 565 1893 stabiliendum
591 1853 635 1893 nuit
650 1851 739 1892 clemens
757 1853 881 1902 stromateus,
898 1857 928 1894 ot-

232 1907 297 1946 odium
309 1920 365 1946 suum
379 1907 400 1946 in
410 1908 493 1960 nuptias,
503 1907 565 1947 Euan·
592 1921 630 1960 que
645 1907 704 1946 etiam
721 1907 771 1948 forte
785 1907 810 1947 ad
827 1908 896 1960 Ephes.
911 1908 927 1948 ii

231 1962 277 2014 gelii
288 1963 345 2014 juxta
358 1961 466 2014 Aegyptios
479 1962 565 2002 testimo·
594 1971 624 2012 15.
641 1961 733 2002 COTEL.
762 1962 818 2002 Hanc
828 1962 926 2015 imperfec-

231 2016 268 2056 niis
285 2021 392 2066 uterentur,
407 2022 526 2057 nontamen
543 2031 565 2056 ea
590 2021 632 2057 tam
641 2016 762 2057 historiolam
770 2017 791 2057 in
797 2016 878 2070 Anglioa
886 2032 926 2058 me-

230 2071 276 2111 talia
285 2077 334 2121 sunt,
344 2085 394 2124 quae
407 2085 447 2111 non
460 2076 531 2124 queant
539 2072 564 2111 ad
589 2072 677 2124 tsphrasi
691 2072 756 2113 omisit
764 2072 849 2116 Wakius.
862 2087 891 2123 nc,
902 2078 926 2114 ut

229 2127 284 2179 pium
301 2140 379 2166 sensnm
395 2126 469 2176 adduci,
484 2140 509 2165 cx
522 2140 563 2166 sen·
590 2127 617 2167 ait
631 2127 652 2166 in
665 2127 812 2180 Prolegomenis‚
822 2128 926 2181 abruptum

229 2182 291 2222 tentia
298 2181 399 2234 utriusque
411 2181 528 2221 Clementis:
541 2186 564 2221 ut
589 2182 662 2222 faceret
670 2182 741 2232 finem3
751 2182 801 2223 forte
809 2182 872 2233 etiam,
880 2183 926 2236 quia

229 2237 281 2277 dicta
289 2237 397 2276 habeantur
406 2241 426 2276 et
432 2236 537 2281 literalitcn,
545 2241 564 2276 et
590 2250 659 2289 purum
674 2237 732 2290 digna
749 2237 851 2283 clemente,
868 2252 926 2290 quem

228 2292 313 2344 mystice,
323 2295 346 2331 dc
355 2294 374 2330 ἐν
382 2292 491 2343 παραβύστῳ
499 2307 563 2340 scorp·
589 2297 689 2332 auctorem
701 2293 758 2345 hujus
766 2293 812 2332 facit
821 2292 924 2345 Epistolee,

227 2350 292 2398 ριωδῶς
299 2347 363 2399 inquit
372 2346 497 2399 Epiphanius,
507 2346 526 2395 [l.
535 2344 559 2400 o]
589 2347 607 2387 ei
615 2347 723 2387 videbatur.
740 2347 816 2387 FREY.

227 2400 563 2454 moreAegyptia005acdeGh1isti
617 2417 635 2451 4.
652 2405 691 2441 οὔτε
706 2404 767 2454 ἄρσεν]
789 2403 813 2442 In
830 2401 924 2442 hocloco

227 2471 286 2510 regno
300 2457 378 2509 duplici,
389 2457 442 2496 intra
455 2469 496 2505 nos,
505 2460 562 2508 atque
589 2456 746 2509 depravationem
764 2457 866 2510 quamdam
885 2457 923 2497 for-

227 2512 248 2551 in
256 2512 375 2553 nturaviss.
405 2512 499 2560 Profecto,
508 2510 525 2550 si
538 2511 562 2550 ab
589 2513 640 2552 sitan
655 2512 749 2565 suspicari
762 2513 807 2553 licet
820 2512 924 2552 verborum

227 2567 291 2620 aliquo
309 2581 376 2607 eorum
395 2567 428 2620 qui
444 2565 562 2618 temporibus
589 2567 613 2606 D.
624 2567 680 2606 Pauli
690 2567 718 2606 ad
728 2567 810 2617 Galatas,
820 2567 841 2606 iii
851 2570 882 2612 28,
892 2570 924 2606 οὐκ

227 2621 562 2675 Apostolicisprohihebantnuhere,
589 2624 612 2660 ἔνι
631 2623 685 2671 ἄρσεν
700 2625 727 2662 καὶ
743 2625 792 2672 θῆλυ·
812 2625 872 2663 πάντες
889 2625 923 2674 γὰρ

227 2677 353 2730 compositum
376 2678 414 2717 fuit
435 2676 562 2728 Evangelium
588 2679 636 2726 ὑμεῖς
650 2675 674 2717 εἷς
687 2679 705 2716 ἐν
716 2682 785 2730 Χριστῷ
795 2678 856 2725 Ἰησοῦ.

226 2731 562 2785 Aegyptiorumdiotum,admodum
616 2740 634 2781 5.
659 2735 737 2782 λαλῶμεν
759 2730 822 2786 αὑτοῖς]
852 2732 923 2773 Junius

226 2787 258 2827 ille
267 2788 319 2828 virus
332 2788 404 2827 erroris
413 2788 443 2828 sui
452 2786 561 2835 occultavit,
588 2787 655 2826 mallet
668 2788 728 2828 ἄλλοις
738 2788 768 2828 vel
782 2787 867 2836 ἀλλήλοις,
877 2788 922 2827 Mil-

226 2843 259 2895 qui
268 2857 279 2882 a
288 2842 333 2883 viris
344 2843 462 2883 doctissimis
473 2843 530 2894 juxta
539 2855 561 2881 ac
587 2841 624 2881 lius
638 2845 709 2888 antem,
726 2846 795 2883 ἑαυτοῖς.
823 2842 881 2882 Hunc
894 2843 921 2883 lo-

226 2897 349 2939 sanctissimis
372 2898 502 2951 deprehensus
523 2910 561 2936 non
587 2910 637 2946 cum,
648 2896 664 2936 si
678 2897 808 2950 Hilgenfeldio
821 2897 891 2947 audias,
901 2898 922 2937 in

226 2953 267 3003 fuit,
277 2954 310 2994 sed
321 2953 411 2994 laudatus
423 2967 445 2994 ac
457 2952 559 3005 expositus.
587 2952 653 2992 animo
673 2952 740 2994 habuit
759 2952 843 3002 Photius,
862 2966 922 3005 quum
