2017 3420
196 160 239 203 222
379 157 538 202 corennum
553 158 567 201 J
569 157 706 202 UDICIUM
789 218 790 221 Ἰ

196 274 210 297 “
220 268 273 325 quae
287 270 326 312 est,
334 268 413 312 Romae
427 267 520 312 Ecclesia
535 268 695 326 potentissimas
706 266 802 311 Literas⁰
815 267 889 312 Corin·-

195 348 210 370 “
219 343 278 397 thiis,
288 342 315 387 ad
323 357 396 400 pacem
405 357 440 387 eos
450 357 587 401 congregans,
599 346 621 388 et
630 357 728 400 reparans
738 340 801 385 fidem
811 337 890 396 eorum,

195 418 552 477 ί’0111111111110111110”(1100000110
569 411 675 463 omittitur
692 417 716 461 iu
735 418 815 462 Graeco
834 419 890 476 apud

194 493 315 547 Eusebium,
325 509 340 537 v
354 493 375 546 6,
390 496 412 537 et
420 493 571 551 Nicephorum,
581 493 604 537 iv
615 503 648 550 15,
660 493 714 536 forte
728 491 755 537 ob
767 491 888 537 similitudi-

193 582 243 611 nem
256 566 413 625 participiorum
426 568 540 612 ἆναυεοῦσα
553 570 575 611 et
586 566 745 623 ἆυαγγέλλουσα.
774 566 833 610 Nam
843 567 888 610 Ru-

193 643 247 686 finus
262 641 346 689 ridetur
358 641 399 686 hoc
412 656 494 699 quoque
508 641 533 685 in
551 640 641 686 Eusebio
657 639 741 698 legisse,
757 641 809 685 dum
822 641 887 686 inter-

139 748 141 752 <
192 721 288 775 pretatur
304 716 420 775 capracora)
440 722 524 775 “quam
538 716 561 760 in
576 715 655 761 recenti
668 716 695 760 ab
710 716 817 774 Apostolis
831 732 887 762 rece-

192 798 207 820 “
216 781 306 850 101011)
319 793 353 849 (ex
366 791 464 845 Eusebio,
475 792 559 846 Rufino,
569 792 695 849 Nicephoro,
707 795 770 850 atque
785 807 811 836 ex
825 808 888 838 sensu

191 866 325 911 scribendum
339 868 445 925 receperat)
464 872 479 894 “
484 867 627 921 traditionem,
644 867 806 912 annunciantem
820 884 887 913 unum

192 941 287 985 “Deum
302 941 475 999 omnipotentem,
486 943 588 988 factorem
604 942 656 987 coeli
670 946 692 986 et
707 947 781 998 terrae,
795 943 886 1002 plasma·
908 935 910 938 ⁵

192 1021 284 1062 “torem
298 1016 403 1070 hominis,-
418 1017 455 1074 qui
469 1017 576 1061 induxerit
590 1018 747 1077 cataclysmum,
762 1023 784 1064 et
798 1020 886 1064 advoca-

191 1099 207 1120 “
216 1093 271 1137 verit
280 1092 395 1146 Abraham,
405 1091 441 1148 qui
455 1091 551 1136 eduxerit
563 1093 664 1150 populum
679 1094 704 1137 de
718 1096 774 1138 terra
783 1095 885 1153 Aegypti,

191 1173 206 1195 “
215 1167 251 1226 qui
264 1167 379 1211 collocutus
390 1166 418 1210 sit
428 1166 507 1224 Moysi,
517 1166 555 1223 qui
567 1166 648 1224 Legem
660 1167 792 1225 disposuerit,
802 1171 824 1212 et
834 1169 885 1213 Pro-

148 1250 150 1254 ’
190 1248 205 1269 “
214 1243 288 1300 phetas
302 1241 390 1295 miserit,
405 1240 441 1298 qui
458 1240 530 1298 ignem.
547 1242 701 1298 praeparaverit
714 1242 796 1286 diabolo
811 1246 833 1287 et
847 1259 885 1287 an-

190 1323 205 1344 “
214 1317 267 1375 gclis
288 1316 353 1375 ejus?
383 1316 473 1360 Brevem
491 1316 669 1360 enumerationem
688 1316 788 1373 capitum,
804 1317 827 1361 in
846 1318 886 1363 hae

189 1392 293 1436 Ecclesiae
305 1392 412 1435 Romanae
426 1390 522 1448 Epistola
536 1393 690 1443 contentorum,
703 1394 787 1434 sanctus
801 1391 887 1450 Martyr

188 1466 289 1511 instituit.
328 1466 361 1509 Ea
376 1468 450 1509 autem
470 1464 540 1509 omnia
559 1464 627 1508 adhuc
651 1464 720 1521 legere
739 1468 779 1518 est,
798 1470 885 1523 excepte

188 1542 271 1595 ultimo,
282 1541 337 1599 quod
346 1540 410 1584 dubio
419 1539 491 1598 procul
500 1540 576 1583 lacuna
586 1539 624 1583 illa
635 1540 689 1583 circa
702 1540 766 1583 finem
775 1539 885 1597 interjecta

188 1615 370 1674 complectebatur.
401 1614 454 1658 uns
463 1629 524 1670 porro
535 1628 580 1656 11011
588 1613 654 1667 videt,
663 1612 701 1657 ubi
711 1613 788 1670 “ignis
802 1614 884 1659 diabolo

189 1696 203 1718 “
213 1694 235 1735 et
249 1690 329 1748 angelis
342 1691 386 1748 ejus
398 1688 546 1747 praeparatus”
557 1689 719 1742 memorabatur,
730 1689 761 1732 ibi
776 1691 883 1734 commode

187 1765 280 1823 potuisse
289 1765 326 1822 agi
335 1764 382 1808 “de
392 1763 466 1807 mundi
475 1763 538 1816 fine,”
548 1778 572 1806 ac
583 1768 597 1790 “
604 1763 630 1807 dc
642 1763 755 1820 impiorum
763 1779 801 1821 per
810 1764 883 1821 ignem

188 1845 202 1867 “
209 1839 303 1898 judicio'’
318 1842 370 1883 tunc
389 1838 474 1891 firtsno;
495 1837 582 1894 ideoque
602 1841 624 1881 et
642 1837 737 1896 Sibyllae
753 1838 883 1883 mentionem

187 1915 248 1959 fieri?

216 1990 255 2033 Ait
267 1992 339 2032 tamen
350 1987 383 2032 vir
396 1988 514 2045 perdoctus,
524 2002 568 2031 11011
581 1987 663 2031 licuisse
677 2003 714 2045 per
724 1992 820 2046 tempora
834 1989 882 2034 Cle·

186 2065 255 2110 menti
266 2080 292 2108 ex
305 2063 413 2122 Sibyllinis
428 2063 568 2117 Carminibus,
580 2066 654 2121 utpote
667 2063 712 2121 ipso
726 2064 882 2121 posterioribus,

100 2135 102 2139 ’
186 2139 332 2184 testimonium
341 2140 418 2195 petere.
449 2137 497 2181 Hoc
511 2137 642 2195 probandum
656 2141 707 2191 erat,
717 2153 761 2182 non
774 2139 881 2183 medodi-

186 2214 289 2271 cendum,·
304 2211 359 2269 quod
368 2211 387 2254 si
394 2214 506 2264 constaret,
514 2211 639 2268 requirerem
648 2212 801 2269 praedictarum
811 2213 881 2257 Quae-

185 2289 278 2333 stionum
289 2286 375 2331 Codices
387 2285 446 2329 Mss
458 2300 510 2328 num
523 2301 561 2342 pro
574 2287 636 2332 καθώς
645 2286 746 2331 haberent
756 2288 788 2331 καὶ
800 2288 833 2341 ὥς,
844 2291 882 2332 aut

186 2364 217 2408 καὶ
233 2363 300 2408 καθώς.
335 2361 416 2409 Verum
431 2375 493 2417 super
509 2359 617 2418 Sibyllinis
636 2362 730 2406 versibus
749 2362 881 2419 exploratum

184 2452 228 2480 non
242 2437 337 2489 habetur,
349 2434 432 2493 quando
447 2433 553 2491 coeperint
565 2434 620 2492 apud
632 2435 763 2479 Christianos
778 2437 879 2494 evulgari.

186 2515 230 2558 Sub
245 2514 351 2572 Apostolis
366 2529 412 2558 rem
428 2512 541 2570 contigisse
556 2515 696 2570 persuaderet,
709 2516 765 2572 quod
780 2532 793 2560 a
806 2517 880 2560 multis

184 2589 279 2642 refertur,
286 2589 417 2633 Clementem
424 2587 591 2631 Alexandrinum
600 2587 623 2630 in
633 2588 655 2631 vi
665 2589 790 2644 Strumateo,
800 2606 822 2647 p.
829 2590 879 2649 636,

207 2771 215 2791 e
224 2763 361 2813 potentissimas]
371 2765 521 2802 luculentissimam
533 2763 622 2812 epistolum
633 2764 695 2802 melius
706 2764 782 2802 reddidit
790 2764 878 2802 Valesius.

184 2824 308 2874 MASSUET.
322 2823 409 2861 Convenit
417 2824 476 2871 potius
482 2823 557 2861 verbum
565 2822 621 2860 ἱκανός
628 2828 689 2860 nostro
695 2818 879 2871 castrametandum

180 2884 251 2932 probra,
255 2884 320 2930 justus,
328 2884 356 2920 cui
362 2883 408 2919 nibil
415 2884 467 2920 deest.
484 2882 550 2919 Melius
557 2881 612 2930 igitur
619 2882 671 2920 vortit
679 2882 776 2927 Strothius,
782 2884 831 2920 riusa
838 2884 878 2920 seur

181 2942 294 2990 praecluum
302 2942 358 2990 Bries.
372 2941 525 2980 HEINICHEN.
