1958 3490
174 271 175 274 ,
255 240 294 283 DE
310 240 332 283 S.
348 240 468 284 IGNATII
483 239 643 284 EPISTOLIS.
759 237 797 295 lvii

100 354 221 397 ‘Graecum
241 356 343 400 minorem
362 357 508 401 oonvenientes
530 356 618 400 eandem
636 354 748 398 lectionem
765 369 796 397 se-

99 425 224 482 ‘quantun'

127 494 175 551 Ego
185 494 276 552 quidem,
286 500 311 539 ut
320 496 376 554 quod
389 496 457 540 sentio
469 495 545 548 (tieem,
556 509 599 538 non
614 508 661 537 sum
675 493 693 536 is
708 493 744 551 qui
758 508 796 549 pro

99 563 233 609 Recensionis
246 565 346 609 brevioris
359 565 482 623 integritate
497 564 528 609 ita
541 578 682 622 propugnem‚
692 566 717 606 ut
728 561 796 606 nullos

98 632 213 678 sententias
222 634 337 692 perplexos,
347 638 462 693 corruptas,
472 633 609 691 interpolatas
621 632 697 676 habere
709 635 796 676 eonten-

97 704 152 747 dnm.
183 703 258 761 Neque
272 707 343 748 temen
357 705 419 749 video
436 720 473 748 our
488 720 502 747 a
516 704 585 747 'I’extn
602 702 629 745 ad
646 718 708 760 quem
724 702 795 746 defen-

97 772 189 816 dendum
199 772 314 818 Pearsonus
324 774 433 818 Vindicias
447 788 494 817 suas
508 771 632 829 oonseripsit
641 771 697 816 illioo
710 773 738 816 ad
747 787 796 816 eum

97 842 225 886 acureeono
239 843 319 887 editum
332 846 415 888 nosmet
428 842 552 900 recipiemus
567 857 649 885 neeesse
663 842 698 886 sit.
729 842 795 901 Syrus

97 912 160 965 enim,
171 911 207 969 qui
216 912 327 970 aliquando
337 913 417 957 Graeca
426 928 470 956 non
479 912 534 956 bene
543 911 656 965 intellexit,
666 912 699 955 uti
708 915 796 956 monent

97 981 194 1025 Hefeiius
209 985 231 1025 et
245 982 384 1036 Uhihornius,
394 985 494 1027 nontam
507 981 629 1039 interpretis
642 985 713 1039 partes
728 981 795 1039 egisse

96 1052 186 1105 videtur,
200 1067 264 1109 quem
276 1052 389 1110 epitomen,
404 1067 469 1095 menn
481 1052 567 1109 quidem
578 1051 698 1106 festinante,
710 1052 733 1095 in
744 1067 794 1096 usus

95 1121 141 1180 pios
157 1121 275 1166 eonfeeisse.
305 1121 391 1166 Codices
411 1120 541 1165 Totteminni
560 1121 601 1164 elin
615 1120 677 1178 plura
689 1122 795 1179 Exserpto

96 1206 122 1235 ex
136 1190 237 1249 Epistolis
252 1191 378 1249 Ignotianis,
393 1194 456 1248 etque
471 1190 511 1234 alin
527 1190 626 1248 opuscula
641 1191 730 1235 asoetien
744 1207 793 1236 oon-

95 1262 173 1305 tinent.
202 1261 232 1304 Et
242 1261 328 1305 Codices
338 1260 449 1304 alibrnnis
460 1260 519 1318 syris
529 1259 651 1317 transcripti
664 1260 735 1306 minus
744 1277 793 1306 auo·

95 1330 189 1375 totitatis
203 1334 225 1373 et
234 1330 284 1374 fidei
296 1330 383 1384 habent,
395 1329 501 1388 quoniam,
513 1330 546 1374 uti
561 1333 634 1374 monet
647 1330 792 1389 nogennio,

96 1416 141 1444 mos
150 1399 192 1443 fnit
201 1400 251 1455 illis,
261 1400 393 1458 exemplaria,
400 1416 411 1444 e
419 1394 494 1458 quibus
504 1400 656 1454 exscribebent,
666 1417 709 1446 non
718 1401 792 1446 leviter

96 1469 211 1513 emendare.
241 1470 291 1514 Vid.
302 1469 419 1515 Devidsoni
432 1469 571 1514 Introduction
586 1474 605 1514 to
620 1470 653 1514 tte
665 1471 714 1515 Now
724 1472 791 1516 Pente-

96 1544 154 1593 ment,
165 1539 231 1597 i429.
