2061 3403
210 189 255 233 xlvi
375 190 598 234 aucaurloaun
613 192 627 233 J
629 189 738 235 UDIOIA
795 185 798 187 ’

146 343 148 347 .
210 305 320 350 dicendam
337 310 447 352 autumat:
469 307 514 352 sine
529 309 568 352 hoc
584 308 665 351 nullam
680 305 843 359 Eucharistiam,
857 306 908 363 quin

210 376 293 420 nullum
305 377 465 422 Sacramentum
478 382 556 432 ratum,
566 378 649 421 nullum
661 377 741 420 cultum
752 376 797 420 Deo
807 376 908 434 placitum

211 460 255 488 esse
274 446 405 503 pronuntiat.
436 447 561 505 Quicunque
581 447 648 505 igitur
664 445 790 503 Episcopali
808 461 832 488 ac
851 445 909 489 omni

211 515 272 568 forte,
283 515 355 559 ordine
370 521 448 570 carent,
461 532 532 560 eorum
547 517 633 561 omnino
647 516 741 569 interest,
754 519 779 558 ut
795 516 816 559 S.
827 515 909 572 Ignatii

211 584 317 641 Epistolas
330 585 456 643 impugnare
469 587 527 629 haud
540 587 649 631 desistant.
679 586 750 642 Atque
761 584 811 628 hinc
821 585 908 637 lactum,

210 658 236 696 ut
247 654 372 712 Anonymus
382 656 475 712 quidam,
486 673 548 713 quem
559 658 604 714 jam
614 659 697 700 constat
707 655 842 698 Matthaeum
853 655 878 697 de
888 654 909 697 la
984 650 985 653 ¹

158 777 161 785 Ι
211 722 285 781 Reque
299 724 370 779 fuisse,
383 726 532 770 Pearsonianas
544 726 652 769 Vindicias
668 725 695 768 ad
710 740 797 768 examen
813 739 909 767 revocare

97 1635 182 1676 Whiston,

121 1690 168 1722 1711,

211 809 323 850 aggressus
337 796 371 838 sit.
403 802 417 822 “
426 796 489 849 Sed,”
500 800 525 839 ut
539 797 553 838 J
554 797 645 840 ohannes
656 795 748 838 Clericus
762 795 815 838 bene
828 796 908 847 nouae,

211 863 319 906 “illarum
333 880 403 907 rerum
418 865 488 922 periti,
503 869 592 923 utroque
609 881 669 923 opere
684 864 796 922 diligenter
810 863 908 921 perlecto,

211 938 341 990 “negarunt
358 935 465 978 eruditum
482 935 543 979 illum
559 936 629 980 virum
645 935 689 977 ulla
705 935 785 978 ratione
802 933 909 977 Pearscnii

211 1008 225 1029 ‘¹
235 1008 362 1059 argumenta
371 1004 529 1048 labefactasse.”

239 1072 292 1115 Erat
302 1072 413 1129 aliquando
423 1074 502 1117 Grabio
513 1074 602 1128 animus,
610 1074 740 1131 exceptiones
751 1072 908 1130 LaRoquanias

211 1142 310 1198 peculiari
325 1143 402 1199 scripto
417 1144 520 1187 discutere
526 1162 533 1197 3
549 1160 622 1188 verum
634 1160 699 1202 quum
710 1144 733 1187 id
744 1144 822 1201 partim
834 1159 846 1185 a
859 1143 908 1186 doc·

211 1210 292 1254 tissime
304 1212 395 1269 Georgio
405 1213 475 1266 Bullo,
483 1213 506 1255 in
516 1214 641 1257 Defensione
652 1214 710 1257 Fidei
720 1214 832 1266 Nicaeuae,
843 1213 908 1270 [Sect.

211 1280 235 1323 iii
250 1281 307 1324 inti
325 1283 337 1339 d
350 1296 376 1325 10
393 1285 447 1341 sqq]
467 1283 546 1339 partim
563 1300 575 1326 a
588 1283 676 1327 Nicolao
693 1283 713 1326 le
728 1284 822 1341 Nourry,
839 1282 909 1325 tomi

211 1351 331 1407 Apparatus
351 1352 379 1394 ad
398 1352 552 1395 Bibliothecam
572 1353 691 1395 Maximam
711 1353 805 1406 Patrum,
823 1351 908 1408 aliisque

210 1420 290 1463 factum
300 1419 394 1473 vidisset,
405 1437 417 1463 a
427 1421 533 1477 proposito
544 1422 632 1465 destitit.

243 1491 274 1547 [J.
285 1489 368 1543 Clerici,
378 1490 401 1532 in
414 1490 503 1534 Dissert.
517 1491 542 1534 de
555 1492 609 1549 app.
623 1491 749 1548 ignatianis.
765 1492 822 1535 Patt.
833 1491 908 1547 Apost.

211 1559 226 1602 ii
239 1576 260 1616 p.
269 1571 309 1616 501
321 1560 474 1617 Amst.1724.]
508 1561 548 1604 Vir
557 1565 628 1605 autem
640 1560 773 1604 doctissimus
784 1560 909 1603 Guilielmus

208 1629 319 1682 ,Whistom
329 1645 395 1686 quum
405 1630 486 1674 videret
496 1630 624 1674 circumferri
635 1630 676 1673 duo
687 1631 848 1687 Ignatianarum
857 1630 908 1687 Epi-

210 1699 312 1742 stolarum
326 1700 467 1756 Exemplaria,
483 1700 508 1742 de
523 1701 598 1757 quibus
613 1700 694 1757 copiose
709 1704 780 1757 egerat
792 1700 832 1743 Vir
846 1700 909 1756 louge

210 1768 363 1811 eruditissimus
380 1770 424 1812 Jac.
438 1769 536 1813 Usserius
551 1770 703 1823 Armachanus,
719 1773 741 1813 et
756 1785 845 1826 quormn
863 1769 908 1826 qui·

210 1838 258 1881 dem
273 1838 363 1880 alterum
377 1838 461 1882 brevius
476 1840 592 1895 genuinum
605 1839 742 1897 judicaverat,
756 1840 846 1882 alterum
860 1855 909 1882 vero

210 1907 301 1964 longius,
312 1911 337 1950 ut
351 1908 509 1964 interpolatum,
522 1909 645 1962 damnarat;
661 1908 790 1952 existimavit
805 1908 846 1952 sibi
860 1924 909 1951 con-

210 1980 244 2020 tra
254 1977 356 2033 posterius
367 1978 426 2034 quasi
436 1977 552 2035 genuinum
564 1978 725 2031 defendendum,
736 1994 759 2021 eo
773 1977 829 2035 quod
842 1978 910 2021 multa

179 2083 181 2087 ,
210 2047 234 2090 in
243 2062 266 2090 ec
277 2048 376 2102 legantur
388 2063 440 2103 quae
450 2047 535 2090 Arianis
550 2048 685 2104 dogmatibus
699 2048 810 2090 manifesto
824 2047 896 2090 favent
902 2064 908 2099 3

96 2825 172 2858 Wotton.

210 2116 301 2159 alterum
315 2131 364 2159 vero
379 2116 531 2172 repudiandum
546 2118 605 2174 quasi
620 2118 646 2160 ab
660 2117 804 2160 Athanasiano
819 2116 910 2172 quodam

210 2186 339 2228 mutilatum.
381 2186 443 2229 Quod
460 2186 478 2229 si
495 2190 568 2229 contra
584 2186 714 2243 contigisset,
730 2188 755 2228 ut
774 2186 797 2227 in
816 2185 910 2228 breviore
964 2213 965 2216 =

211 2255 311 2299 Editione
332 2255 406 2298 fuisset
425 2256 564 2309 Arianismus,
585 2258 643 2314 cujus
666 2256 749 2298 nullum
770 2255 793 2297 in
816 2255 910 2311 longiore

211 2327 286 2370 fuisset
307 2326 422 2383 vestigium
429 2344 435 2379 ς
462 2326 560 2369 continuo
582 2328 637 2370 hanc
661 2329 738 2372 νοθείας
762 2325 910 2379 insimulasset,

210 2397 269 2440 illam
288 2412 337 2440 vero
358 2398 485 2453 pracidraros
504 2396 567 2440 titulo
587 2398 725 2440 honestasset.
765 2396 840 2453 Neque
859 2396 910 2439 haec

209 2484 267 2511 mera
280 2470 312 2511 est
324 2466 440 2510 divinatio:
460 2481 525 2522 quum
542 2467 598 2509 enim
613 2467 653 2510 Vir
664 2465 798 2518 clarissimus,
813 2465 869 2520 apud
881 2481 909 2518 se,

209 2538 355 2580 Arianismum
377 2543 421 2579 esse
445 2535 562 2578 doctrinam
582 2535 733 2591 Evangelioam
753 2534 868 2587 statuisset,
888 2538 910 2577 et

210 2607 336 2651 contrariam
352 2606 527 2657 Athanasianam‚
542 2621 625 2648 necesse
642 2620 707 2661 paene
725 2608 770 2647 erat
787 2620 833 2648 eam
850 2620 909 2660 prae-

210 2679 259 2721 ferri
269 2677 390 2721 Editionem
401 2677 449 2719 Viri
459 2675 582 2732 Apostolici,
593 2691 646 2732 quae
656 2678 795 2718 consentanea
804 2675 910 2718 doctrinae

209 2748 312 2801 videatur,
324 2764 387 2805 quarn
397 2748 441 2804 ipse
451 2745 566 2803 probasset.

243 2818 351 2875 [Wottoni
363 2818 385 2860 in
396 2817 463 2860 Praef.
475 2814 591 2858 Clementis
602 2814 627 2856 R.
639 2814 693 2870 app.
704 2814 809 2858 Editionis
820 2814 909 2857 Cantab.

412 2978 421 2997 u
433 2972 455 3004 In
463 2971 519 3005 Praei.
528 2971 574 3004 Patt.
583 2971 644 3013 Apost.
653 2968 685 3002 vol.
692 2968 708 3002 ii.
