1958 3490
287 206 327 249 DE
343 206 497 250 s1GNAr11
512 206 673 250 EPISTOLIS.
776 204 828 249 xlvii

129 323 202 380 1718.]
235 322 361 367 Whistonus
375 339 413 380 pro
428 324 525 377 effraenae,
537 323 674 380 quodcunque
689 321 720 365 illi
734 321 827 374 libuerit,

126 391 231 435 scribendi
244 392 336 447 lieentia,
347 393 422 437 acriter
437 392 546 437 contendit
559 391 665 449 Epistolas
679 391 827 447 Interpolatas‚

126 462 206 505 dudum
224 479 237 506 a
249 463 333 507 literato
346 467 434 521 totoque
450 479 515 521 paene
531 462 653 507 Christiano
667 460 717 505 orbe
733 462 827 519 rejectas,

125 547 185 575 veras
205 548 248 576 esse
268 549 292 577 ac
311 532 443 577 authenticas
464 534 486 576 S.
500 532 582 590 Ignatii
601 530 719 588 Epistolasj
745 546 827 587 easque,

125 616 177 657 quas
194 617 220 645 ex
238 602 372 646 celeberrimo
387 603 464 647 Codice
479 602 575 646 Mediceo
590 600 657 645 edidit
672 601 757 644 Isaaeus
772 600 826 643 Vos·

124 670 175 722 sius,
190 672 227 715 &a
243 687 286 716 esse
303 672 417 729 Epitcmen
435 673 461 716 ab
476 671 602 724 Athenaeis,
617 671 651 714 vel
669 670 777 722 Marcello,
792 669 826 712 vel

124 740 164 784 alic
185 741 254 798 aliquo
272 742 347 785 aetatis
364 742 420 786 illius
438 742 490 795 viro,
509 742 563 785 male
581 741 705 793 confectam,
722 755 746 782 ac
764 738 825 781 Chri·
874 784 875 787 ,

124 810 203 854 stianae
219 811 322 854 Ecclesiae
342 813 485 855 obtineam*
507 826 520 856 a<
541 825 555 856 a<
576 824 590 855 a<
612 825 625 855 a<
657 809 781 853 Quaerere
798 808 825 850 ab

123 896 147 923 eo
171 880 276 934 dicuntur,
296 881 356 924 facile
378 882 507 925 reducuntur
531 881 557 924 ad
582 880 663 938 stylum
684 878 719 922 vel
742 877 825 921 dicendi

122 950 253 1003 methodum,
274 951 425 1008 materiamque
449 954 471 994 et
490 951 584 994 internos
605 950 741 1001 characteres,
761 950 824 1003 atque

122 1019 356 1077 externaltestimonia,
376 1020 417 1064 viz.
438 1021 526 1063 Petrum
550 1018 667 1071 citationes,
685 1017 719 1060 vel
743 1032 822 1069 eorum,

122 1103 174 1144 quae
190 1088 319 1145 frequentius
334 1089 357 1132 in
371 1089 523 1146 Antiquiorum
538 1088 621 1146 scriptis
637 1090 756 1141 occurrunt,
770 1086 822 1129 allu-

121 1157 189 1201 siones
199 1158 226 1201 ad
236 1159 318 1215 Ignatii
327 1159 440 1216 Epistulas.

150 1227 182 1270 De
198 1228 254 1284 stylo
269 1232 340 1271 autem
355 1228 479 1272 Breviorum
494 1227 638 1285 Epistolarum
653 1226 755 1284 queritur,
766 1226 821 1283 quod

119 1312 194 1353 parum
210 1297 302 1341 Graecus
317 1301 361 1352 est3
385 1302 407 1341 et
423 1298 479 1355 quod
494 1298 564 1355 plures
582 1297 615 1340 his
630 1296 732 1353 Epistolis
747 1290 821 1340 insunt

119 1367 243 1420 sententiae,
258 1383 309 1424 quas
325 1368 342 1411 si
357 1368 384 1411 ad
402 1369 500 1425 probatas
519 1368 597 1411 Graece
615 1366 719 1410 scribendi
736 1367 820 1423 regulas

119 1436 235 1492 exigamus,
248 1452 356 1481 necessum
370 1442 402 1481 est
416 1441 441 1481 ut
456 1453 594 1494 agnoscamus
610 1436 721 1493 Ignatium
737 1452 761 1479 ea
776 1452 820 1478 non

119 1505 231 1561 scripsisse.
262 1506 333 1550 Quam
342 1506 409 1549 futilis
419 1523 468 1551 vero
482 1511 504 1551 et
518 1507 596 1549 nullius
612 1505 710 1563 ponderis
725 1505 753 1549 sit
767 1505 819 1548 haec

118 1574 214 1632 objectio,
232 1574 292 1618 facile
310 1575 421 1628 constabit,
439 1575 504 1632 siquis
524 1575 551 1618 ad
570 1574 624 1617 illud
643 1574 738 1617 animum
756 1589 818 1617 suum

117 1644 220 1696 advertat,
235 1644 257 1686 S.
269 1644 388 1701 Martyrem
402 1644 479 1701 Syrum
493 1644 564 1696 fuisse,
575 1659 617 1687 non
632 1643 736 1686 Graecum
743 1660 750 1695 ,·
765 1644 817 1686 adeo

116 1717 141 1755 ut
154 1729 216 1756 nemo
226 1714 274 1770 jure
287 1713 382 1765 miretur,
394 1713 411 1756 si
424 1714 505 1770 saepius
517 1713 574 1769 apud
584 1728 632 1756 eum
642 1713 721 1755 frustra
731 1717 817 1769 quaeret

117 1783 208 1825 Graecae
218 1783 315 1839 Linguae
324 1782 408 1826 idioma.
438 1784 468 1826 Et
481 1787 514 1835 ut,
525 1783 581 1840 quod
596 1798 636 1839 ego
650 1782 725 1835 sentio,
735 1782 803 1826 dicam
809 1800 815 1835 ;
865 1836 867 1839 ι

115 1852 134 1894 si
151 1852 205 1895 solae
222 1855 329 1895 exstarent
344 1852 451 1908 Epistolae
469 1852 619 1908 Iuterpolatae‚
634 1851 687 1895 mihi
705 1867 748 1895 ncn
764 1851 816 1895 levis

115 1921 204 1978 suspicio
215 1921 330 1965 exoriretur
344 1925 417 1965 contra
430 1937 502 1965 earum
516 1921 655 1975 arithentiam,
665 1921 722 1979 quod
733 1921 816 1965 dicendi

114 1991 195 2044 modus,
206 1991 317 2034 verborum
333 1992 383 2034 ordo
396 2007 420 2034 ac
432 1992 552 2044 methodus,
563 2007 586 2034 ac
596 1995 643 2034 tota
655 1991 743 2048 denique
760 1992 814 2049 Syn·

113 2061 176 2113 taxis,
194 2061 258 2105 nimis
275 2062 355 2105 Graeca
375 2063 432 2114 sint3
454 2061 603 2119 redoleantque
622 2062 691 2118 magis
708 2065 814 2118 quartum,

114 2146 155 2187 quo
165 2132 279 2188 Epitomen
291 2132 352 2185 hanc,
362 2133 396 2175 uti
405 2136 473 2185 vocat,
484 2133 602 2175 confectam
611 2132 676 2175 luisse
686 2132 740 2186 vult,
751 2148 814 2189 quam

112 2200 205 2257 primum
226 2202 331 2245 Ecclesiae
352 2203 465 2254 saeculum,
486 2218 509 2245 ac
532 2202 638 2245 Graecum
658 2202 729 2258 potius
750 2218 813 2259 quam

114 2271 192 2328 Syrum
211 2276 275 2328 gente
295 2288 319 2315 ac
339 2272 420 2328 origine
440 2288 477 2315 sua
496 2272 594 2315 referant.
632 2272 651 2314 E
671 2274 744 2314 contra
763 2288 812 2316 verc

112 2339 237 2383 Breviorum
251 2341 395 2397 Epistolarum
410 2341 485 2398 stylus,
498 2341 581 2384 dicendi
596 2341 715 2394 methodus,
728 2344 811 2385 senten-

111 2409 189 2453 tiarum
204 2426 229 2453 ae
243 2411 354 2454 verborum
369 2411 419 2454 ordo
434 2415 455 2454 et
471 2411 573 2468 Syntaxis
587 2410 687 2468 apprime,
703 2410 811 2467 multoque

110 2480 180 2537 magis
197 2497 261 2537 quam
278 2481 463 2537 Interpolataium,
480 2481 598 2538 primaevae
615 2480 746 2537 simplicitati
763 2480 810 2522 rudi

111 2563 135 2591 ac
149 2549 248 2603 incultae,
265 2551 366 2608 Syrorum
381 2551 450 2608 genio,
466 2551 606 2608 moribusque,
622 2554 643 2593 et
661 2550 743 2594 dicendi
760 2565 808 2593 eon-

110 2619 224 2672 suetudini,
234 2620 316 2677 ipsique
326 2620 420 2677 Ignatio,
430 2620 467 2677 qui
477 2620 577 2677 Martyrii
588 2620 631 2663 zelo
643 2634 740 2663 aecensus
750 2622 809 2662 totus

109 2687 202 2741 ardebat,
219 2689 330 2732 convenire
347 2689 457 2732 videntur:
480 2690 531 2733 adeo
551 2694 582 2742 ut,
600 2688 668 2745 siquid
688 2689 809 2744 argumenti

109 2755 157 2798 duci
174 2758 241 2814 possit
259 2773 285 2801 ex
301 2759 364 2815 stylo,
381 2775 393 2801 a
410 2762 482 2802 nostra
498 2763 558 2815 parte
574 2759 597 2801 id
614 2773 675 2801 omne
691 2758 733 2810 sit3
756 2757 808 2801 dum

108 2827 255 2870 contendimus
268 2828 378 2871 Breviorcs
392 2843 436 2871 esse
451 2844 499 2871 vere
514 2827 617 2884 genuinas
632 2830 654 2869 et
667 2826 806 2871 authenticas.

108 2894 226 2939 Nobiscum
236 2901 307 2941 autem
317 2903 434 2951 senserunt,
443 2898 479 2954 qui
490 2898 516 2940 de
525 2896 581 2954 style
592 2896 670 2952 optime
676 2896 807 2954 judicarunt,

107 2968 129 3005 et
148 2965 171 3006 in
193 2967 255 3010 rebus
276 2965 360 3011 (luiticis
380 2967 470 3011 manime
491 2966 568 3010 versati
587 2967 680 3019 fuerunt,
701 2967 807 3020 Usserius,
