2017 3420
137 168 139 175 ’
210 179 252 222 204
436 192 438 195 ’
458 179 479 224 S.
494 178 662 224 OLEMENTIS

99 822 131 862 Qui
139 822 190 857 iulum

99 868 193 911 castigatio·

99 923 138 945 nem
146 923 180 945 non

99 957 160 998 renuit,

99 1000 155 1034 Deum
163 1001 191 1034 hu-

98 1046 127 1078 bei
134 1056 170 1088 pro·

99 1091 185 1123 tectorem.

207 295 272 363 ἡμῖν,
286 295 353 350 ἀλλά
365 299 399 369 τῷ
411 295 523 365 θελήματι
536 302 578 351 τοῦ
591 300 663 351 Θεοῖ’
684 296 757 353 οὕτως
772 293 820 367 γάρ
835 293 902 349 ἔσται

209 382 288 440 αὐτοῖς
299 381 416 454 ἔγκαρπος
429 385 467 438 καὶ
478 383 555 438 τελεία
566 384 581 451 ἡ
593 380 654 455 πρὸς
665 381 708 437 τὸν
721 378 784 435 Θεὸν
795 382 833 435 καὶ
849 378 904 438 τοὺς

210 469 291 538 ἀγίονς
302 469 350 537 μετ’
364 472 487 541 οἰκτιρμῶν
498 470 571 538 μνεία.
609 467 784 535 Ἀναλάβωμεν
798 467 903 523 παιδείαν

209 553 274 628 ἐφ’ᾗ
290 557 364 614 οὐδεὶς
381 555 468 629 ὀφείλει
482 557 629 625 ἀγανακτεῖν,
644 553 770 623 ἀγαπητοί·
791 553 807 621 ἡ
824 553 902 608 νουθέ-

210 664 280 709 τησις
299 642 329 710 ἢν
349 640 475 709 ποιούμεθα
497 645 528 700 είς
546 639 671 710 ἀλλήλους
689 639 752 709 καλή
772 642 846 708 ἐστιν,
865 642 924 703 καὶ5

211 726 330 798 ὑπεράγαν
350 726 478 801 ὠφέλιμος·
498 731 577 802 κολλᾷ
594 727 643 798 γὰρ
658 727 719 795 ἡμᾶς
735 729 769 800 τῷ
790 725 904 795 θελήματι

210 819 252 867 τοῦ
265 817 333 868 Θεοῦ.
368 815 452 872 Οὕτως
463 813 510 886 γάρ
523 819 599 888 φησιν
612 816 625 868 ὁ
637 811 703 882 ἀγιος
715 811 798 882 λόγος·
819 821 832 846 “
841 816 902 867 Παι-

210 905 224 930 “
237 897 309 953 δεθων
321 899 456 954 ε’παίδενσέν
473 923 502 968 με
520 902 533 953 ὃ
552 898 647 970 Κύριος,
662 900 700 953 καὶ
717 903 751 971 τῷ
766 896 860 971 θανάτῳ
876 898 904 952 οὗ

211 991 225 1017 “
236 984 368 1055 παρέδωκέν
386 1008 422 1052 με.
457 984 507 1040 Ὃν
523 985 572 1056 γὰρ
591 987 674 1058 ἀγαπᾷ
694 984 783 1056 Κύριος
796 983 903 1050 παιδεύει,

211 1078 224 1103 “
234 1076 350 1141 μαστιγοῖ
366 1069 390 1124 δὲ
407 1069 485 1125 πάντα
503 1069 553 1126 υἱὸν
566 1069 593 1125 ἀν
605 1070 780 1144 παραδέχεται.”
819 1078 833 1103 “
841 1075 902 1125 Παι-
914 1094 938 1120 ιο

210 1156 313 1212 “δεν’σει
334 1157 376 1225 με”
400 1155 457 1228 γάρ,
483 1161 568 1230 φησιν,
594 1164 609 1189 “
618 1158 705 1215 δίκαιος
728 1158 753 1211 ε’ν
774 1157 841 1225 ἐλέει,
864 1158 903 1212 καί

210 1253 224 1276 “
235 1242 327 1313 ἐλέγξει
350 1266 388 1310 με,
410 1243 490 1297 ε”λαιον
510 1243 534 1297 δὲ
555 1244 705 1313 ἁμαρτωλῶν
725 1242 757 1312 μὴ
781 1242 904 1299 λιπανοῖτο)

210 1337 224 1363 “
236 1329 280 1398 τὴν
292 1329 400 1402 κεφαλήν
411 1330 480 1397 μον.”
524 1331 571 1384 Καὶ
583 1328 659 1385 πάλιν
670 1330 742 1400 λε’γει,
756 1336 770 1362 “
780 1329 904 1401 Μακάριος

211 1424 225 1449 “
236 1415 359 1487 ἀνθρωπος
372 1415 399 1470 ἀν
410 1414 511 1486 ἤλεγξεν
523 1418 537 1470 ὁ
550 1414 644 1486 Κύριος·
658 1416 789 1484 νουθέτημα
801 1415 825 1470 δὲ
838 1421 904 1471 Παν-

211 1511 225 1535 “
236 1501 378 1574 τοκροῖτορος
389 1501 422 1570 μὴ
434 1504 570 1557 ἀπαναίνου·
597 1501 669 1559 αὐτὸς
680 1500 728 1572 γὰρ
740 1503 823 1571 ἀλγεῖν
834 1507 902 1568 ποιεῖ,
914 1526 938 1566 15

239 1701 256 1727 2.
267 1689 341 1727 καὶτοὺς
350 1684 415 1741 ἁγίους]
432 1686 472 1726 Aut
485 1686 543 1727 inier-
570 1691 615 1727 met.
633 1686 715 1727 WOTT.
744 1686 776 1727 Sic
790 1693 810 1728 ei
822 1687 904 1728 Weisie·

211 1742 275 1794 polana
283 1742 340 1782 finisse
352 1742 399 1781 haec
407 1743 469 1791 verbu,
479 1746 512 1782 out
521 1742 544 1781 de
571 1742 614 1781 nius
623 1741 644 1781 in
652 1742 664 1781 1.
672 1755 687 1782 ο,
707 1741 769 1782 Aliter
778 1742 875 1783 Whiohius
883 1743 904 1782 in

212 1797 326 1838 Sonotoium
338 1797 461 1837 invocatione
473 1797 542 1837 intelli·
569 1797 637 1836 Exom
645 1811 684 1836 van.
695 1797 747 1837 Leoi¹
757 1810 776 1849 p.
786 1810 829 1848 129.
841 1797 904 1838 GAL-

212 1853 274 1904 gendo
287 1865 332 1901 esse,
347 1852 417 1892 diserte
432 1852 542 1904 pronuntiat
569 1850 650 1892 LAND.
687 1854 736 1900 μνεία
752 1866 791 1891 vox
812 1852 903 1892 Paulino:
953 1870 955 1873 >

213 1907 293 1959 Lipsius,
309 1921 340 1959 pp.
357 1919 388 1956 44,
403 1917 433 1957 45.
462 1906 542 1959 Hilgen-
570 1906 598 1947 Of.
612 1907 668 1946 Rom.
678 1907 686 1945 i
696 1920 713 1957 9,
728 1906 777 1959 Eph.
791 1907 799 1946 i
811 1909 840 1957 16,
855 1907 903 1947 Phil.

212 1962 281 2001 feldius
296 1966 366 2010 autem,
378 1975 396 2013 p.
410 1975 440 2012 90,
454 1962 542 2014 depreoa-
570 1962 577 2000 i
596 1975 614 2011 3,
634 1961 724 2002 IThess.
741 1962 763 2001 iii
778 1964 796 2011 6,
817 1963 840 2001 II
854 1962 903 2002 Tim.

212 2016 285 2056 tionem
292 2015 382 2068 intelligit
388 2030 432 2068 erga
441 2017 544 2056 Ecclesiam
570 2016 578 2055 i
593 2030 610 2066 3.

212 2071 287 2111 fuctum.
316 2071 384 2123 Neque
392 2071 448 2110 video
457 2070 503 2123 quid
511 2085 544 2110 ve.
598 2085 616 2120 4.
630 2069 706 2125 ὀφείλει]
723 2071 761 2121 Ito,
779 2071 904 2124 proculdubio

212 2130 242 2166 ίοί
251 2128 290 2166 τοὺς
299 2127 357 2176 ἁγίους
366 2126 432 2165 eodem
445 2138 500 2165 sensu
514 2125 544 2164 hic
571 2131 629 2174 reone,
636 2125 773 2166 Russuwoot.
779 2125 827 2166 (iuli.
835 2126 904 2167 θολοε-

211 2181 258 2233 poni
274 2194 312 2233 quo
328 2194 340 2219 α
356 2180 377 2220 Β.
393 2179 457 2229 Paulo,
474 2181 485 2219 Ι
500 2179 542 2220 Oor.
571 2193 620 2220 nom.
640 2180 733 2220 Honnom.
757 2180 820 2222 Hefel.
838 2181 905 2222 Roith-

212 2235 303 2285 vi1‚xvi
315 2248 331 2275 1.
354 2238 442 2284 Κίμματος
450 2236 545 2284 καινοτέρου
571 2248 631 2287 mayn.
651 2239 670 2275 eu
689 2235 801 2276 Dressolius.
829 2236 905 2277 caeteri

212 2305 270 2344 quum
287 2290 391 2331 Olomeniis
407 2289 488 2329 Romani
503 2288 545 2329 aovi
572 2303 616 2329 oum
624 2289 638 2328 J
638 2290 684 2329 unio
694 2292 756 2341 ἐφιλει,
765 2296 785 2332 ei
794 2304 859 2331 venum
867 2292 905 2332 leo-

212 2351 241 2387 oso
255 2345 355 2386 Invooutio
371 2344 489 2393 sanctorum,
506 2344 544 2395 qui,
572 2345 645 2384 tionem
659 2346 778 2397 conjecturae
795 2346 837 2386 looo
855 2360 905 2386 mur-

212 2406 234 2442 ut
243 2415 287 2440 oum
295 2401 314 2441 S.
321 2400 431 2453 Augustino
438 2399 544 2451 loquamur,
572 2399 727 2451 giniopponunt.
749 2400 906 2442 Oolomosiusvel

213 2456 333 2495 ‘honorandi
342 2459 386 2496 sunt
395 2459 474 2507 proptor
483 2453 545 2493 imita·
571 2456 736 2505 ὀφειλεινοίφιλεῖ.
755 2456 822 2496 Oodox
831 2457 904 2506 MStus,

214 2511 305 2560 ‘tionom‚
314 2525 353 2550 non
362 2510 453 2550 adorandi
467 2512 545 2562 propter
571 2508 592 2548 in
601 2522 639 2561 quo
648 2510 719 2550 voculis
728 2517 736 2548 Ι
745 2515 766 2551 ot
774 2511 905 2564 diphthongus

214 2566 351 2618 ‘religionem’
378 2565 408 2605 Do
426 2565 476 2605 Vero
494 2563 545 2603 Reli·
572 2571 594 2601 ΕΙ
603 2564 712 2617 saepissime
724 2571 862 2618 permutaniur,
872 2580 905 2606 ex-

213 2622 275 2674 giono,
287 2621 296 2672 §
307 2629 337 2670 55.
572 2618 625 2659 hibet
635 2626 722 2660 οΦΙΛΕΙι
735 2621 831 2661 &librario
840 2626 905 2661 ouium

241 2689 258 2726 3.
278 2678 340 2727 μνεία]
361 2675 418 2722 Hunc
436 2675 499 2715 looum
514 2687 544 2713 ne·
571 2675 712 2714 nostroceto
724 2688 784 2727 parvo
796 2676 905 2717 discrimine

214 2731 277 2783 spexit
287 2730 364 2780 Minius,
374 2730 407 2783 qui
416 2731 471 2770 Rom.
481 2729 509 2769 xii
521 2741 544 2779 13
572 2733 680 2778 exarantur,
696 2743 745 2782 quoe
762 2731 829 2772 literae
843 2731 905 2772 udhuo

214 2786 255 2826 vuli
267 2790 290 2826 ut
302 2785 376 2837 legatur
389 2789 425 2826 ταῖς
436 2787 499 2835 μνείας
511 2789 545 2822 τῶν
571 2783 672 2823 similiores
689 2785 738 2825 fiunt
754 2786 905 2839 quandocunque

214 2843 266 2892 ἁγίων
283 2845 403 2886 κοινωνοῦντες,
422 2845 441 2880 et
463 2853 498 2880 nos
520 2838 545 2878 ud
571 2842 623 2878 oetas
637 2839 905 2883 eduxlineomtrunsvorsum

215 2896 333 2936 Clementem
348 2895 403 2936 Rom.
416 2896 511 2944 amandat,
523 2897 545 2933 uo
571 2897 602 2932 τοῦ
611 2901 623 2932 ε
633 2894 750 2936 aboleverit„
767 2897 816 2937 Indo
824 2897 904 2938 forsiion

214 2948 266 2990 suom
281 2950 325 2989 inde
339 2950 466 3003 conjecturam
478 2949 544 2990 confir·
571 2948 626 2988 Junii
640 2962 697 2990 error.
