1958 3490
352 314 524 359 MONITUM.
746 314 776 358 vii

83 415 84 421 ¹
108 434 226 490 Versione
238 434 328 485 Latina
344 434 370 483 in
382 432 518 484 Clementis
528 431 638 499 reliquiis
649 449 709 483 usus
721 450 776 482 611111

74 515 230 574 061616116116
241 519 273 570 ab
285 518 373 586 Ittigio
385 523 411 568 et
422 517 544 568 Wottono
557 515 647 567 refiota.
682 516 777 585 Ignatii

74 611 99 657 et
113 603 241 671 Polycarpi
259 601 384 670 Epistolis‚
402 619 497 652 necnon
516 600 610 669 Ignatii
626 600 698 652 Actis
715 601 777 652 Ver-

74 691 153 741 616666
169 688 284 756 antiquas
301 686 411 755 apposui,
429 684 544 737 barbaras
561 684 668 752 quidem,
684 686 728 736 sed
745 685 777 735 ad

74 774 177 825 verbum
193 773 301 824 fideliter
317 789 451 840 expressas,
464 770 501 821 ita
517 775 548 820 ut
563 769 682 821 Codicum
698 770 778 820 vicem
869 774 871 777 ’

75 856 182 924 quodam
204 856 276 907 modo
298 860 430 923 praestent.
477 853 626 921 Martyrium
649 852 778 921 Polycarpi

75 940 207 990 comitatur
218 939 318 990 “versio
329 938 370 989 vel
386 937 548 1005 metaphrasis
565 936 661 1004 potius'’
672 956 747 1005 quam
764 956 777 988 6

76 1023 152 1075 Codd.
166 1021 255 1074 Sarisb.
268 1028 294 1073 61
306 1022 404 1074 Cotton.
417 1021 475 1089 olim
486 1020 563 1071 edidit
575 1020 698 1072 Uenerius.

110 1189 219 1250 Codices,
231 1190 321 1258 quibus
332 1208 393 1240 usus
405 1206 465 1248 sum,
476 1188 504 1238 hi
517 1194 590 1240 sunt:

76 1281 104 1323 In
117 1280 227 1325 Clemente
240 1281 344 1334 Romano,
354 1280 436 1333 unicus,
449 1294 525 1337 nempe
534 1278 697 1323 Alexandrinus.
727 1279 777 1323 Vid.

104 1349 155 1393 Tab.
165 1349 344 1409 lithographioam
353 1350 372 1393 I.

76 1443 104 1485 In
114 1442 208 1499 Ignatio,
219 1442 489 1495 Mediam-Laurentianus,
499 1441 556 1484 Plut.
567 1440 605 1484 lvii
617 1454 675 1484 num.
688 1451 699 1498 7
711 1457 777 1485 mem-

105 1512 226 1566 branaceus,
236 1513 260 1555 in
269 1526 284 1568 4
293 1512 374 1570 majori,
385 1526 447 1568 quem
460 1510 542 1554 saeculo
555 1510 667 1554 undecimo
677 1511 778 1555 adscribit

106 1579 231 1634 Bandinius,
242 1580 310 1624 Catal.
320 1580 337 1623 ii
351 1580 390 1623 ool.
401 1580 451 1638 348.
481 1579 531 1623 Vid.
542 1578 634 1624 161111.

76 1672 95 1714 u
106 1672 207 1716 Dresselii
216 1672 315 1716 Editione
326 1672 425 1716 lectiones
439 1675 549 1715 mutuatus
562 1686 610 1714 sum
620 1670 704 1715 Codicis
714 1672 787 1718 0666,

87 1799 88 1802 ¹
106 1742 284 1800 1161611616,116611
296 1742 333 1786 illo
343 1742 388 1785 viro
400 1741 522 1785 doctissimo
537 1740 649 1798 descripti:
666 1746 680 1768 “
688 1742 778 1786 0116116-

107 1818 121 1838 “
131 1827 186 1865 ceus,
196 1812 295 1856 foliorum
309 1811 472 1865 octonanorm,
482 1827 526 1855 non
539 1826 583 1854 una
592 1809 706 1869 eademque
714 1828 780 1856 manu

106 1887 121 1908 “
131 1881 228 1938 scriptus,
236 1881 313 1926 saeculi
320 1882 386 1925 ΧΨ
401 1881 507 1939 Epistolas
517 1896 594 1925 novem
604 1880 696 1936 exhibet,
704 1898 780 1940 nempe

106 1951 189 1995 easdem
199 1958 213 1978 “
219 1967 271 2009 quas
281 1952 300 1995 Ι.
308 1951 397 1995 Vossius
409 1966 436 1995 ex
448 1951 539 2009 pretioso
549 1950 585 1993 illo
596 1949 673 1994 Codice
683 1952 780 1997 Mediceo

106 2021 187 2078 primus
207 2021 339 2079 evulgavit.”
369 2011 475 2065 Dresselio
494 2021 551 2065 hunc
571 2021 624 2064 Cod.
643 2022 781 2079 perlustranti

107 2091 216 2135 Mediceus
235 2092 283 2136 fons
302 2094 366 2149 atque
386 2091 492 2149 exemplar
511 2091 576 2135 firisse
595 2090 633 2134 diu
652 2090 710 2135 visus
735 2096 779 2145 est3

106 2164 180 2218 postea
191 2177 241 2206 vero
255 2165 344 2220 uterque
358 2168 397 2205 ‘ex
413 2162 486 2205 eodem
500 2161 644 2205 vetustissimo
659 2162 780 2220 archetypo,

80 2287 82 2292 Α
106 2246 144 2287 per
168 2232 267 2289 ambages
292 2232 384 2290 quidem,
405 2246 512 2275 emanasse
520 2232 534 2284 ;’
559 2234 582 2274 et
601 2231 738 2276 Casanatensi
757 2232 781 2275 111

107 2300 181 2344 multis
198 2301 249 2345 locis
266 2302 314 2359 plus
330 2301 463 2345 auctoritatis
481 2300 618 2344 tribuendum
635 2315 679 2344 esse
696 2302 781 2358 putavit

51 2379 53 2382 '
107 2386 171 2427 quam
181 2370 284 2415 Mediceo.

89 2443 90 2446 ’
137 2440 189 2483 Cod.
202 2452 255 2498 1451
271 2441 330 2498 (olim
339 2441 390 2498 460)
404 2440 547 2483 Bibliothecae
560 2439 640 2496 Regiae
650 2440 780 2494 Parisiensis,

108 2510 285 2564 membranaceus,
296 2511 382 2554 exhibet
391 2510 460 2567 Epist.
472 2510 499 2552 ad
509 2510 622 2563 Romanos,
633 2525 685 2567 quae
695 2511 718 2553 in
728 2510 780 2553 Cod.

108 2577 205 2621 Mediceo
220 2579 286 2632 deest,
299 2580 358 2636 cujus
373 2578 491 2621 omissionis
506 2578 558 2621 haee
571 2578 654 2623 Smitho
664 2595 714 2623 vera
727 2579 781 2622 ratio

108 2663 152 2691 esse
162 2647 253 2702 videtur,
268 2649 325 2706 quod
339 2648 362 2691 in
372 2648 433 2691 Actis
445 2648 546 2706 Martyrii
556 2648 638 2705 Ignatii
653 2663 733 2706 semper
748 2665 780 2692 so-

108 2716 147 2760 lita
156 2717 221 2762 fuerit
230 2719 342 2776 interponi.
372 2718 428 2761 Vide
438 2717 466 2761 sis
476 2718 532 2760 infra
540 2734 561 2775 p.
570 2717 619 2775 378.

138 2787 166 2829 In
176 2787 228 2832 Cod.
240 2798 266 2847 37
278 2788 369 2845 Collegii
384 2787 478 2831 Caiensis
492 2786 648 2848 Cantabrighe,
658 2792 707 2844 post
718 2789 781 2833 Pear-

109 2872 185 2899 sonum
195 2862 217 2901 et
228 2858 343 2911 smmum,
352 2857 432 2902 contuli
439 2857 564 2902 Versionem
574 2860 667 2901 veterem
675 2858 781 2902 Latinam.

108 2926 159 2970 Vid.
170 2927 225 2972 inira
234 2945 255 2986 p.
262 2929 334 2973 xxxvi.

81 3019 108 3061 In
128 3020 238 3079 Polycarpi
258 3023 360 3080 Epistola,
382 3022 545 3066 (1661611611.
566 3023 594 3065 fo.
613 3023 662 3081 859,
678 3024 781 3067 membra-
