2061 3403
115 904 144 937 Ad
151 904 216 937 humili·

116 951 169 981 tatem
175 949 213 982 hor·

116 996 167 1034 tatur,
175 1005 213 1037 pro·

225 171 255 215 62
472 176 494 219 δ’.
510 176 683 221 CLEMENTIS

226 298 241 323 ‘⁴
253 289 290 345 τὰ
299 291 368 365 χείλη
380 290 411 347 τὰ
427 293 503 362 δόλια,
515 300 638 364 γλῶσσαν
650 294 858 367 μεγαλορρήμονα,
871 293 926 352 τοὺς

227 376 372 445 (ἰείπόντας,
393 377 446 447 Τήν
466 385 588 448 γλῶσσαν
610 381 678 449 ἡμῶν
699 380 874 451 μεγαλόνοιαν,
895 378 926 434 τὰ

227 470 242 495 “
254 464 324 535 χείλη
337 464 404 532 ήμῶν
416 471 472 537 παρ’
484 467 539 535 ἡμῖν
551 468 610 534 ἐστι’,
623 468 659 525 τίς
671 469 738 536 ἡμῶν
750 466 828 539 κύριός
843 467 923 533 ἐστιν,

228 556 242 582 “
254 549 320 606 Ἀπὸ
338 554 381 619 τῆς
399 554 559 624 ταλαιπωρίας
573 560 622 608 τῶν
637 560 748 627 πτωχῶν,
762 556 800 609 καὶ
819 551 865 608 ἀπὸ
883 558 925 607 τοῦ

228 643 242 668 “
255 644 393 705 στεναγμοῦ
412 643 460 692 τῶν
478 638 584 708 πενήτων
603 646 646 694 νῦν
667 640 842 709 ἀναστήσομαι,
862 639 946 707 λέγειη

228 730 243 755 “
256 722 354 794 Κύριος,
374 724 478 793 θήσομαι
499 727 524 779 ἐν
543 727 659 799 σωτηρίᾳ,
679 725 876 797 παρρησιάσομαι
901 726 925 779 ἐν

227 816 243 841 “
255 809 344 883 αὐτῷ.”

266 894 312 954 Ιέ’.
327 896 583 970 Ταπεινοφρονοθντων
595 895 644 967 γάρ
656 899 722 952 ἐστιν
732 900 745 952 ὀ
757 896 872 969 Χριστός,
884 899 925 952 οὐκ

226 982 386 1053 επαιρομένων
397 984 435 1037 ἐπὶ
453 981 480 1037 τὸ
498 984 607 1051 ποίμνιον
626 984 707 1038 αὐτοῦ,
747 983 783 1039 Τὸ
802 987 925 1054 σκῆπτρον

227 1149 277 1186 δόλια
290 1152 408 1197 convertens,
417 1162 505 1188 mancum
514 1149 561 1188 adeo
589 1152 622 1188 Kal
636 1152 731 1196 κατευαδσῦ,
741 1153 768 1189 καὶ
779 1151 867 1197 βασιλευε.
896 1151 924 1199 Μὴ

226 1202 312 1242 reddidit
321 1202 372 1242 hunc
380 1203 448 1252 locum,
455 1208 478 1243 ut
487 1203 562 1243 difficile
589 1206 667 1252 ξενιζέτω
682 1207 700 1244 δὲ
714 1207 756 1255 ἡμᾶς
769 1208 789 1244 τὸ
799 1210 925 1255 προστακτικῶς

226 1261 282 1306 esset,
290 1256 328 1296 nisi
337 1258 389 1309 quod
398 1271 422 1297 ex
431 1258 449 1298 S.
459 1258 562 1310 scripturis
588 1260 672 1310 λέγεσθαι
690 1263 716 1306 τὸ,
735 1261 830 1304 κατευοδοῦ,
849 1261 876 1297 διὰ
895 1261 925 1308 τήν

226 1311 363 1352 eitanturhaec
369 1313 432 1358 verba,
439 1326 460 1352 ca
467 1313 559 1365 supplere.
588 1315 723 1364 avalonensis
740 1318 813 1366 γραφῆς,
830 1314 882 1354 οὕτως
899 1314 925 1354 ἀεὶ

225 1367 284 1417 Quod
302 1367 318 1407 si
336 1366 373 1406 hoc
391 1367 441 1407 forie
462 1368 561 1408 accidisset
588 1369 924 1420 σχηματιζοῦσηττὰεὐκτικά·γενηθήτω

225 1421 263 1461 alio
282 1422 303 1461 in
321 1421 368 1470 loco,
385 1422 418 1462 ubi
438 1422 468 1462 his
486 1423 561 1464 omissis
587 1426 622 1475 γὰρ
631 1427 651 1463 τὸ
661 1425 726 1474 θέλημά
737 1442 775 1470 σου,
784 1426 820 1463 ἀντὶ
834 1428 864 1462 τοῦ
876 1440 923 1475 γενη-

225 1477 322 1517 scntentia
339 1476 389 1517 ieret
406 1478 495 1529 pellecta,
513 1479 560 1518 adeo
587 1481 630 1527 θείη,
645 1482 672 1518 καὶ
688 1481 752 1518 ἐλθέτω
767 1481 777 1528 ἡ
791 1480 871 1526 βασιλεία
886 1496 923 1528 σου,

224 1536 248 1572 111
255 1532 320 1572 hiatus
327 1532 396 1584 aliquis
402 1533 432 1572 vel
439 1533 560 1574 manifestum
587 1536 625 1573 ἀντὶ
640 1539 671 1573 τοῦ
687 1536 734 1583 ἔλθη.
763 1535 790 1574 Et
804 1533 886 1585 (lyrillus
899 1534 924 1573 ad

224 1586 303 1627 chasma
316 1600 356 1626 non
373 1587 481 1638 sentiretur,
496 1588 560 1640 hujus·
587 1589 658 1629 Psalm.
669 1590 710 1629 Nn‘.
725 1586 831 1644 [vers.16.]
849 1589 923 1627 Ἐλθέτω

224 1642 279 1681 modi
295 1656 359 1682 errore
374 1642 395 1681 in
411 1656 476 1682 omnes
492 1644 560 1683 exhinc
587 1646 608 1693 δή
623 1646 694 1684 θάνατος
709 1646 734 1684 ἐπ’
747 1644 813 1692 αὐτούς,
827 1647 849 1682 ut
862 1643 923 1683 estin

224 1697 332 1749 descriptos
346 1701 366 1737 et
381 1697 483 1749 impressos
499 1698 557 1739 Oodd.
587 1698 662 1739 Oatena
675 1705 746 1749 nostra,
755 1713 794 1739 non
807 1703 883 1738 tantum
897 1701 923 1737 εὐ-

223 1757 337 1804 propagato,
348 1752 395 1791 haec
408 1754 466 1792 verba
479 1767 503 1793 ex
517 1753 559 1793 Ole·
587 1758 639 1804 κτικά,
655 1755 689 1794 sed
707 1756 811 1805 προρρητικά
828 1753 886 1793 etiam
902 1753 923 1793 in

224 1811 290 1846 mente
299 1806 376 1859 penitus
385 1808 502 1848 excidissent.
519 1808 559 1848 Ne·
587 1809 693 1862 Scripturis
710 1813 837 1860 προστακτικῶς
855 1808 921 1858 efferri,

224 1875 262 1913 que
276 1861 363 1901 absimile
376 1867 411 1911 est,
420 1863 450 1902 vel
459 1863 560 1904 accuratis-
586 1869 655 1905 auctor
664 1869 698 1904 est.
720 1865 773 1904 Ἔθοτ
783 1865 820 1903 ἐστὶ
829 1867 849 1912 τῇ
857 1866 922 1914 γραφῇ,

224 1916 296 1955 simum
309 1916 409 1956 librarium
421 1931 476 1969 posse
487 1918 526 1958 labi
538 1919 559 1958 in
586 1921 608 1958 τὰ
620 1921 725 1970 προρρητικὰ
738 1923 855 1970 προστακτικῲ
864 1920 922 1970 τρόπῳ

224 1971 419 2023 hujusmeslielnores.
437 1973 559 2013 Hinciuhoo
585 1976 725 2025 προσφέρεσθαι·
739 1977 766 2013 καὶ
782 1975 852 2012 ἐνταῦθα
867 1975 922 2011 τοίνυν

224 2026 267 2077 ipso
278 2026 326 2066 (lod.
336 2026 399 2075 MStO,
407 2027 418 2065 Ι
425 2027 471 2080 Reg.
482 2028 503 2067 iii
513 2042 530 2077 4,
540 2038 558 2078 5,
585 2033 612 2073 τό,
625 2031 690 2067 ἐλθέτω
704 2031 780 2078 θάνατος,
794 2030 821 2066 καὶ
835 2031 859 2075 τό,
871 2043 920 2066 κατα-

224 2081 313 2133 legimus,
337 2084 370 2119 Kal
392 2084 472 2121 ἐκάλεσεν
493 2084 558 2133 Κύριος,
585 2085 674 2133 βήτωσαν,
690 2086 727 2122 ἀντὶ
742 2088 772 2122 τοῦ
788 2083 881 2130 ἐλεύσεται,
895 2085 921 2120 καὶ

225 2137 311 2185 Σαμουήλ,
321 2136 404 2184 Σαμουήλ,
415 2139 440 2174 καὶ
450 2136 500 2182 εἶπεν,
509 2139 558 2188 Ἰδοὺ,
586 2140 718 2188 καταβήσονται,
729 2138 796 2188 εἴρηται,
814 2137 920 2177 JUNIUS.

225 2193 259 2241 ἐγὼ
275 2190 359 2245 (omissis
372 2195 416 2242 post
430 2193 471 2236 ἰδού,
484 2194 520 2242 ἐγώ,
533 2196 559 2232 καὶ
616 2206 632 2233 2.
655 2193 783 2244 μεηαλθνωμεν]
803 2191 892 2231 Davisius
911 2206 921 2231 e

224 2248 297 2297 ἔδραμεν
305 2248 349 2295 πρὸς
356 2247 410 2290 Ἠλεὶ,
418 2248 444 2284 καὶ
454 2246 504 2290 εἶπεν,
509 2248 558 2296 Ἰδοὺ,
585 2248 642 2287 ῙιΧΧ
647 2248 725 2300 reponit
729 2251 858 2298 μεγαλυνοῦμεν,
864 2260 921 2299 quam

224 2298 267 2354 ἐγὼ)
284 2302 311 2339 ὅτι
329 2301 410 2349 κέκληκας
427 2317 453 2349 με.
477 2301 557 2342 WOTT.
585 2303 741 2343 emendationem
754 2301 920 2341 dallandiuscon-

226 2354 287 2410 [dum
296 2356 390 2396 Wcttcnc
403 2360 455 2395 stant
466 2356 511 2395 Fell.
523 2356 559 2396 Oc·
585 2358 683 2397 firmatam
697 2361 761 2397 censet
773 2371 785 2396 a
795 2355 853 2395 Olem.
864 2355 919 2396 Alex.

222 2412 268 2451 lom.
284 2411 349 2451 Oousa.
363 2410 449 2450 Gallaud.
463 2411 524 2451 Hefel.
539 2417 559 2452 et
585 2413 620 2464 qui
639 2417 659 2452 et
676 2413 718 2465 ipse
736 2412 762 2451 sic
780 2411 827 2462 legit
841 2411 862 2449 in
879 2412 920 2451 loco

222 2467 336 2506 Dresselius
365 2466 421 2505 Idem
441 2466 482 2518 jam
504 2471 559 2506 antea
585 2468 650 2507 citato.

222 2525 325 2561 monuerat
343 2521 433 2561 Potterus
455 2521 480 2560 ad
498 2521 557 2573 Olem.
614 2531 631 2571 5.
649 2519 775 2575 ἀνσστήσαμαι]
794 2519 839 2560 Ocd.
853 2521 920 2561 MStus

222 2576 280 2616 Alex.
303 2578 374 2617 Strom.
390 2577 411 2616 iv
426 2577 443 2625 6,
462 2590 480 2628 p.
501 2575 555 2630 578]
585 2577 920 2621 exhibetANnnTHEOMEN,utivi·

223 2632 326 2671 Lacushia
336 2632 428 2672 conflatus
438 2636 501 2671 estex
509 2645 557 2670 vers.
585 2631 615 2670 dit
625 2632 704 2680 Millius,
713 2645 752 2670 nan
764 2638 918 2682 ΑΝΑΣΤΗΣΟΜΕ,

224 2699 249 2737 19
262 2687 311 2726 Psal.
325 2701 371 2736 xxx,
385 2688 443 2739 juxta
458 2691 557 2738 computa·
585 2687 638 2738 quod
647 2686 668 2725 in
676 2690 732 2726 textu
742 2686 794 2726 dedit
803 2686 909 2727 Wcttcnus.

220 2742 296 2782 tionem
311 2741 433 2790 Graeceium,
447 2747 467 2782 et
480 2756 558 2790 versu4
615 2743 633 2780 6.
650 2742 723 2790 θήσομαι
743 2743 761 2779 ἐν
781 2740 862 2796 σωτηρίη]
887 2743 919 2782 Ita

221 2796 252 2836 Ps.
272 2798 293 2836 xi
311 2801 331 2837 et
350 2798 377 2837 eis
396 2798 429 2850 qui
446 2801 556 2850 sequuntur.
585 2795 641 2835 LXX
656 2796 704 2835 Intt.
720 2796 757 2835 nisi
770 2797 821 2849 quad
834 2811 869 2849 pro
884 2815 918 2836 σω-

221 2851 262 2891 Gur
275 2852 296 2891 in
311 2853 424 2904 imperativo
438 2853 523 2904 γενηθήτω
537 2856 557 2892 01
584 2853 633 2900 τηρίᾳ
651 2851 722 2890 habent
740 2853 822 2903 σωτηρίῳ,
842 2852 919 2904 quibus-

220 2920 260 2946 non
272 2908 347 2958 γενηθείη
359 2908 458 2958 scribatur,
468 2908 557 2948 audiatur
583 2920 628 2946 cum
638 2906 733 2946 consentit
742 2907 818 2960 Vulgat.
842 2909 919 2947 Ροιιαωι

220 2961 303 3002 Basilius
310 2962 335 3002 ad
341 2962 407 3003 Psalm.
413 2964 455 3003 MA‘.
464 2962 519 3018 [veis.
525 2961 552 3017 5.]
582 2963 606 3002 ιἰι
620 2962 705 3002 salutari
712 2977 718 3001 :
730 2961 850 3013 fiducialiter
862 2977 919 3015 αρσια
