1958 3490
308 208 350 251 AD
366 206 562 261 CORINTHIOS,
571 208 600 252 vi.
777 208 804 251 31

105 314 186 376 locum
197 331 310 375 sanctum
321 324 389 384 abiit,
400 324 536 393 patientiae
547 325 671 374 summum
682 324 807 392 exemplar

105 405 220 455 existens.

89 516 90 519 ’
129 498 175 549 VI.
187 497 255 548 Viris
266 497 321 548 istis
333 503 417 548 sancte
428 497 507 548 vitam
517 496 707 548 instituentibus
717 514 808 564 magna

105 577 238 640 electorum
256 575 392 628 multitudo
409 583 545 645 aggregata
561 582 606 637 est,
623 577 673 643 qui,
687 576 807 643 supplicia

104 657 184 707 multa
200 662 227 706 et
243 662 367 707 tormenta
383 662 485 724 propter
498 656 578 707 zelum
594 656 667 724 passi,
683 655 808 724 exemplar
823 666 827 673 '

105 736 227 804 optimum
237 735 303 785 inter
313 754 358 786 nos
369 736 526 787 exstitenmt.
547 736 652 803 Propter
662 735 743 785 zelum
753 754 807 786 mu-

104 814 175 865 lieres
191 813 408 881 persequutionem
424 831 517 881 passae,
531 812 656 863 Danaides
671 819 698 863 et
711 812 807 872 Diroae,

104 983 188 1023 rectione
200 982 273 1034 primus
284 985 399 1035 conquestus
411 985 441 1022 est
468 980 523 1022 Artis
537 980 620 1022 Oriticae
631 981 666 1021 III
675 981 697 1021 iii
707 990 726 1032 5,
741 982 762 1035 ἕξ
775 995 806 1031 14,

105 1037 192 1077 Gratius.
221 1037 294 1077 Millius
304 1041 323 1077 et
333 1036 442 1076 Berriman-
471 1046 501 1087 15,
504 1036 561 1089 jubet
570 1050 605 1077 nos
612 1036 694 1077 scribere
703 1039 742 1075 ἄνευ
749 1040 807 1077 αἰδοῦς

103 1105 140 1132 nus
149 1093 245 1133 affirmant
253 1106 274 1132 se
286 1092 368 1144 vestigia
376 1091 442 1144 virgu-
469 1094 496 1130 καὶ
501 1092 547 1140 δίκης
552 1091 594 1132 eine
598 1092 704 1132 reverentie
709 1098 726 1131 et
728 1091 780 1144 jura,
786 1092 804 1132 h.

103 1148 133 1187 lee
141 1162 176 1201 per
185 1147 261 1187 literam
270 1147 330 1187 dileto
336 1147 404 1187 ductae
413 1146 442 1187 vi-
469 1159 485 1186 e.
493 1146 621 1187 irreverenter
627 1147 693 1187 habito
703 1160 750 1187 sexu
759 1147 806 1187 infc-

103 1203 149 1243 dere
166 1202 256 1255 potuisse.
286 1201 359 1243 Contra
376 1206 442 1242 eutem
468 1201 725 1254 rioreetcontrajusetfas
737 1202 806 1242 Susch-

104 1257 227 1307 Wetstenius,
248 1257 355 1309 Prolegom.
374 1270 393 1309 p.
410 1270 441 1307 22,
468 1256 518 1306 kius,
532 1270 557 1296 ex
568 1256 611 1298 Act.
622 1257 663 1297 xvii
673 1270 704 1308 34,
714 1262 734 1297 et
742 1257 764 1297 ix
774 1259 805 1308 36,

103 1312 203 1353 contendit
208 1312 282 1352 nullam
287 1313 346 1353 talem
351 1312 442 1352 liueolem
468 1315 544 1363 Δάμαρις
553 1313 580 1351 καὶ
589 1315 655 1363 Δορκάς
663 1312 805 1352 restituendum

104 1373 185 1417 exstare,
208 1381 312 1420 veramque
339 1367 441 1407 lectionem
468 1380 509 1407 esse
532 1367 631 1420 conjectat.
673 1367 805 1407 Feuerleinius

104 1422 151 1463 Ood.
161 1422 217 1462 Alex.
228 1436 268 1462 esse
278 1430 305 1460 οἳ
314 1436 353 1462 non
363 1429 396 1461 θΣ.
411 1423 441 1461 Tu
467 1422 575 1474 suspicatur
585 1423 649 1462 locum
662 1423 719 1475 culpa
731 1422 805 1463 librarii

103 1478 168 1517 confer
177 1477 254 1517 omnino
263 1477 335 1517 Woidii
343 1477 441 1517 Notitiam
467 1476 559 1526 laborare,
569 1482 588 1518 et
597 1477 675 1517 nomina
684 1478 730 1517 haec
742 1492 753 1518 e
762 1479 804 1518 loco

103 1532 179 1573 Codicis
193 1531 248 1572 Alex.
262 1533 291 1572 ed.
304 1532 377 1586 Spohn.
387 1532 438 1585 Lips.
467 1545 502 1572 suo
518 1532 582 1584 paullo
598 1532 648 1571 infru
662 1546 738 1573 sursum
751 1537 805 1573 mota

105 1589 162 1638 1788,
172 1602 190 1640 p.
204 1590 247 1627 181.
467 1587 525 1627 firisse
533 1601 540 1637 3
553 1587 656 1628 lectionem
664 1588 725 1641 igitur
736 1587 764 1628 ite
774 1602 804 1628 re·

131 1655 148 1691 4.
158 1644 226 1682 πολλᾶς
237 1643 291 1681 αἰκίας
304 1644 331 1680 καὶ
343 1640 439 1696 βασάνους]
467 1641 523 1695 fingit
532 1672 536 1682 .
546 1672 550 1681 .
561 1672 578 1682 ..
589 1645 644 1691 Ζῆλος
662 1644 804 1693 ιίπηλλοτρίωσεν

102 1697 135 1737 Ita
146 1697 289 1737 rescribendum
300 1697 390 1736 viderunt
400 1696 440 1736 edi-
468 1695 802 1749 AaroidaexalAipxqrpcperdrdudpdr.

102 1756 154 1792 tores
164 1765 230 1792 omnes
243 1766 278 1804 pro
287 1751 369 1792 lectione
382 1751 439 1803 plane
467 1751 506 1791 Sed
514 1752 566 1791 hisce
575 1756 595 1792 et
607 1751 678 1792 talibus
690 1752 804 1804 conjecturis

101 1807 171 1847 vitiosa
200 1820 258 1859 quam
284 1807 363 1858 praebet
391 1805 437 1847 Ood.
466 1806 563 1846 neminem
578 1806 633 1846 facile
650 1807 804 1860 subscripturum

102 1861 176 1911 MStus‚
185 1865 258 1902 πολλαῖς
271 1863 331 1902 αἰκίαις
345 1863 372 1900 καὶ
383 1863 440 1906 (tacd-
466 1874 507 1901 esse
516 1865 569 1914 puto
587 1862 696 1912 Wottonue,
706 1862 743 1902 hcc
751 1863 804 1903 nisus

102 1932 140 1956 νοις.
466 1920 586 1969 argumento,
595 1930 620 1956 sc.
630 1917 709 1957 nomina
719 1931 758 1957 non
769 1918 805 1957 mi-

130 1973 149 2010 6.
159 1972 236 2018 ἐγένοντο
244 1974 263 2010 ἐν
271 1969 324 2026 tutu]
341 1971 440 2011 Russelius
466 1985 503 2011 nus
509 1971 592 2011 Ethnioa
600 1971 639 2024 legi
647 1971 668 2011 in
674 1972 709 2025 Ep.
717 1972 741 2012 ed
747 1974 803 2013 Rom.

102 2040 127 2066 ex
135 2026 165 2066 his
173 2026 237 2066 verbis
247 2026 325 2078 colligit,
334 2025 352 2066 S.
360 2026 440 2066 Petrum
467 2026 506 2076 xvi,
516 2026 623 2076 coustant,
632 2026 774 2080 Reithmeyrus,
784 2033 804 2068 et

102 2081 175 2121 Romae
183 2080 247 2130 fuisse,
257 2086 277 2122 et
286 2081 359 2122 ibidem
367 2085 440 2134 marty-
467 2081 576 2122 Tillemont.
597 2082 706 2132 thotree,
729 2082 803 2134 ii119,

101 2136 153 2176 rium
161 2136 247 2177 subiisse.
467 2137 542 2188 quibus,
554 2136 571 2176 si
584 2141 636 2177 recte
649 2137 734 2187 memini,
746 2138 805 2179 adsti-

130 2199 147 2241 7.
160 2189 255 2233 tnaualbes
267 2193 295 2229 καὶ
308 2188 389 2244 Δίρκαιῒ]
407 2191 439 2231 Itu
465 2192 544 2243 pulatur
552 2191 583 2231 vir
591 2192 713 2232 doctissimus
719 2193 805 2246 mihique

103 2246 149 2286 (lod.
160 2246 202 2286 MS.
217 2252 275 2299 atque
289 2246 317 2287 ita
331 2260 375 2286 cum
384 2245 439 2286 Wot·
466 2247 592 2287 amicissimus
601 2247 697 2292 Bleekius,
707 2248 805 2289 Professor

101 2306 148 2342 tono
163 2301 280 2342 Gellaudius.
309 2300 385 2342 caeteri
398 2315 439 2341 om-
467 2301 578 2348 Bonneusis,
587 2302 634 2342 satis
647 2302 750 2343 verisimile
764 2317 805 2344 esse

101 2369 135 2396 nes
148 2371 193 2397 cum
202 2357 261 2397 Junio
275 2356 366 2397 exhibent
380 2358 437 2407 Δίρκη.
465 2356 539 2397 ducunt
548 2357 627 2397 Danaen
638 2361 658 2397 et
667 2358 739 2397 Dircen
751 2359 804 2398 illus-

102 2412 144 2452 Has
162 2425 224 2457 voces.
241 2417 341 2464 tamquam
360 2424 439 2464 prorsus
465 2416 505 2455 tres
514 2412 572 2452 fuisse
578 2412 671 2453 foeminas
678 2413 755 2454 aliunde
762 2413 804 2466 qui-

101 2466 173 2508 alienas
188 2481 200 2506 a
214 2467 233 2507 S.
245 2468 308 2517 Patre,
322 2466 402 2507 Wakius
419 2471 439 2506 ct
466 2467 510 2506 dem
521 2467 576 2507 nobis
588 2467 669 2520 ignotas,
679 2481 728 2520 quae
741 2469 804 2520 prima

102 2521 239 2563 Ohevallierius
268 2523 289 2561 iu
318 2521 438 2563 versionibus
464 2522 705 2574 persecutioneaNerone
719 2524 803 2563 excitata

64 2628 68 2631 .
100 2577 140 2617 suis
149 2578 226 2630 penitus
234 2578 333 2618 omittunt.
362 2576 384 2617 si
397 2591 438 2617 om·
464 2577 748 2630 martyriooorouataefueriut.
762 2578 803 2618 He-

101 2632 147 2673 nino
168 2633 279 2673 retinendae
298 2637 349 2681 sunt,
368 2632 438 2671 Juuius
465 2632 510 2673 felic
528 2633 625 2685 perplacet
642 2631 679 2672 viri
697 2632 803 2673 doctissimi

100 2689 215 2739 particulam
224 2688 380 2740 tepraernissam
389 2687 436 2727 vult.
465 2688 519 2740 cujus
537 2701 607 2727 nomen
622 2687 715 2727 reticetur
731 2688 801 2740 opinio,

101 2746 157 2792 Δανάη
180 2760 199 2782 τε
224 2746 251 2782 καὶ
273 2745 326 2793 Δίρκη
349 2743 438 2783 emendat
465 2741 803 2792 foeminasOhristiauasadcrudele

101 2796 214 2846 Octobriue,
236 2799 330 2851 probante
351 2797 438 2837 Dolome-
465 2797 527 2849 plebis
549 2797 683 2849 spectaculum,
701 2810 803 2849 personam

100 2852 134 2892 sio.
153 2853 266 2906 Legendum
275 2866 315 2893 esse
324 2855 402 2898 εὐσεβεῖς
411 2855 438 2892 καὶ
465 2853 533 2892 Dirces
554 2852 638 2901 induere,
655 2856 675 2892 et
692 2851 802 2893 Danaidum

100 2910 161 2946 πισταί
169 2909 247 2962 conjicit
257 2908 347 2958 Boisius;
361 2910 411 2958 ἁγναί
419 2925 438 2947 τε
465 2907 558 2961 supplicia
571 2907 635 2947 subire
651 2912 725 2947 coactas
738 2908 801 2949 fuisse.

101 2964 128 3001 καὶ
143 2965 204 3002 δίκαιαι
220 2964 316 3004 Davisius.
346 2962 437 3013 Clericus,
465 2961 803 3017 Egosaueuihilmeliusnoviquem
