1931 3420
269 252 270 255 =
327 225 364 268 uu
384 226 609 270 FORMULARUM.

112 342 161 379 λείως
170 337 329 388 λειτουργῆσαντας.
344 336 404 376 Olem.
412 337 423 375 I
433 350 450 387 9.

112 397 128 432 οἱ
142 396 280 442 λειτουργοῦντες
295 394 319 442 τῷ
335 391 452 442 θυσιαστηρίῳ

111 451 141 486 τοῦ
151 450 199 485 θεοῦ.
216 458 246 494 32.
273 442 296 496 τῷ
308 444 389 492 θελήματι
401 447 452 483 αὐτοῦ

111 503 240 550 λειτουργοῦσιν
248 503 361 549 παρεστῶτες.
378 512 408 548 34.
428 501 452 539 είς

110 557 131 594 τό
146 553 235 604 ἱερατεύειν
245 555 272 598 καὶ
284 556 390 602 λειτουργεῖν
400 555 449 605 αὐτῷ.

111 622 142 659 43.
166 607 319 657 λειτουργήσαντας
329 607 419 654 άμέμπτως
427 611 451 658 τῷ

110 663 182 713 ποιμνίῳ
191 665 222 699 τοῦ
230 664 311 711 Χριστοῦ.
327 674 358 708 44.

84 717 187 766 Λειτουργίο.
210 719 255 753 Νῶε.
261 745 264 753 .
269 716 303 753 ,διὰ
310 718 339 762 τῆς
346 717 451 766 λειτουργίας

111 773 167 809 αὐτοῦ,
184 768 243 808 Glem,
254 768 265 807 I
275 782 292 818 9,
316 769 386 816 ’Λνέμων
398 771 451 807 σταθ-

111 826 139 875 μοὶ
146 856 149 863 .
159 855 162 862 .
172 854 176 862 .
184 824 215 871 τὴν
223 824 329 873 λειτουργίαν
337 825 391 861 αὐτῶν
397 825 450 873 άπρο-

111 881 180 917 σκόπως
196 878 310 915 ἐπιτελοῦσιν.
328 889 357 915 20.
387 880 417 917 τός
432 894 451 915 τε

111 933 215 983 προσφοράς
233 933 259 968 καὶ
274 932 380 981 λειτουργίας
396 934 450 970 ἐπιτε-

110 987 183 1024 λεῖσθαι,
197 998 227 1033 40.
249 988 276 1036 Τῷ
284 987 318 1034 γάρ
327 986 402 1036 ἀρχιερεῖ
410 986 450 1024 ἴδιαι

110 1040 217 1089 λειτουργίαι,
232 1039 257 1078 ib.
282 1041 311 1081 τόν
319 1041 413 1089 ὡρισμένον
421 1043 451 1088 τῆς

110 1092 216 1143 λειτουργίας
225 1095 276 1131 αὐτοῦ
285 1096 349 1132 κανόνα.
362 1107 393 1142 41.
414 1096 450 1132 δια-

111 1149 191 1194 δέξονται
203 1147 257 1196 ἕτεροι
269 1149 406 1196 δεδοκιμασμένοι
420 1150 449 1186 άν-

111 1204 150 1251 δρες
165 1202 196 1249 τὴν
210 1202 317 1251 λειτουργίαν
334 1203 392 1240 αὐτῶν.
418 1215 448 1250 44.

111 1258 130 1293 οὐ
147 1255 213 1294 δικαίως
230 1256 317 1303 νομίζομεν
332 1256 450 1301 ἀποβαλέσθαι

110 1313 140 1357 τῆς
148 1310 258 1358 λειτουργίας.
273 1309 298 1348 ib.
327 1310 345 1347 ἐκ
357 1314 386 1358 τῆς
398 1312 450 1359 ἀμέμ-

110 1380 157 1402 πτως
174 1364 230 1402 αὐτοῖς
247 1364 354 1412 τετιμημένης
374 1367 450 1414 λειτουρ-

110 1419 153 1467 γίας.
168 1417 193 1455 ib.

83 1474 189 1521 Λειτουργός.
211 1472 231 1508 Οἳ
239 1473 335 1522 λειτουργοὶ
344 1474 374 1519 τῆς
382 1474 451 1523 χάριτος

110 1530 140 1563 τοῦ
154 1528 203 1563 Θεοῦ.
219 1524 278 1564 Olem.
292 1526 303 1563 I
318 1527 335 1564 8.
363 1532 396 1564 τῶν
409 1543 451 1576 πρα-

110 1580 200 1629 ειρημένων
208 1581 315 1630 λειτουργῶν.
330 1592 361 1627 41.

83 1634 174 1683 Λείψανον.
199 1634 274 1682 ἐπαχθὴς
284 1635 312 1671 διὰ
320 1636 350 1681 τῆς
362 1637 450 1684 συλλογῆς

110 1691 141 1725 τοῦ
149 1688 238 1736 λειψάνου.
254 1687 310 1726 Maru.
322 1687 365 1739 Igu.
376 1689 393 1726 6.
416 1692 450 1726 τῶν

110 1743 163 1791 ἁγίων
180 1742 231 1778 αὐτοῦ
248 1743 341 1791 λειψάνων.
364 1741 389 1781 ib.
427 1744 449 1780 ὡς

109 1850 199 1898 ληφθῆναι.
214 1848 271 1889 Μαι-ά.
282 1849 345 1900 Polyc.
358 1858 387 1899 ιη.

82 1904 184 1953 Λεόπαρδος.
203 1904 289 1951 δεδεμένος
296 1904 335 1940 δέκα
342 1905 448 1953 λεοπόρδοις.

110 1957 151 2008 Igu.
163 1957 219 1995 Rom.
230 1966 247 2006 5.

83 2010 157 2059 Λευίτης.
174 2011 206 2057 Ἐξ
215 2012 269 2049 αὐτῶν
275 2012 308 2061 γάρ
318 2013 367 2061 ἱερεῖς
376 2013 402 2049 καί
410 2014 449 2048 λευ-

111 2064 148 2103 ίται.
164 2064 223 2103 Olem.
235 2065 247 2103 I
261 2077 293 2114 32.
321 2063 396 2105 λευίτοις
409 2065 450 2103 ίδιαι

110 2120 189 2157 διακονίαι
198 2119 291 2158 ἐπίκεινται.
308 2132 339 2167 40.

83 2174 135 2211 Λέων.
150 2173 174 2211 εἷς
180 2175 242 2210 λάκκον
249 2176 329 2216 λεόντων,·
340 2172 449 2222 OlenuI45.

109 2227 135 2265 ἵνα
150 2228 208 2276 ἐπαφῇ
222 2231 246 2278 τῷ
261 2229 368 2278 Πολυκάμπῳ
384 2229 449 2266 λέοντα.

77 2280 78 2283 ’
110 2281 169 2319 Maru.
180 2280 243 2327 Polyc.
258 2294 287 2319 12.

20 2378 21 2383 ¹
82 2334 147 2385 Λῆγειν.
168 2335 267 2383 μελλοόσης
275 2335 334 2385 λήγειν
341 2338 371 2383 τῆς
377 2337 450 2384 όκαθάρ-

109 2405 140 2426 του
149 2390 251 2438 φιλοτιμίας.
267 2389 378 2440 Ma1·t.Ign.
390 2398 407 2438 5.

82 2443 155 2490 Λῃστης.
186 2445 208 2481 ὡς
226 2444 254 2481 ἐπὶ
271 2445 337 2491 λῃστὴν
355 2445 448 2493 τρέχοντες.

110 2497 166 2535 Mart.
178 2497 240 2547 Polye.
253 2506 270 2547 7.

82 2551 124 2588 Λίαν
134 2553 203 2601 αἰσχρά.
219 2550 278 2590 ΟΙθΠι.
290 2551 300 2589 Ι
310 2563 341 2600 47.
370 2552 409 2589 λίαν
422 2552 449 2588 ε’κ-

109 2606 180 2654 κέχυμαι
189 2606 259 2654 ἀγαπῶν
267 2608 313 2654 ῦμᾶς,
325 2605 367 2657 Igu.
375 2604 447 2643 Philad.

109 2668 126 2707 5.
142 2659 161 2697 όν
167 2661 252 2709 ἀγαπητόν
257 2662 297 2697 λίαν
302 2662 355 2708 έχετε.
365 2659 447 2710 Ροίγυ.7.

81 2713 159 2757 Λίβανος.
188 2715 240 2760 σηκὸν
249 2716 302 2765 ἑαυτῷ
314 2717 359 2752 ποιεῖ
369 2716 387 2751 ἐκ
397 2714 448 2758 λιβά·

109 2783 147 2811 νου.
159 2766 218 2806 ΟΙοαι.
228 2767 238 2805 Ι
250 2776 279 2816 25.

82 2824 185 2866 Λιβανωτός.
215 2823 238 2860 ὡς
253 2825 349 2867 λιβανωτοῦ
365 2821 447 2859 πνέοντος.

109 2875 166 2914 Mart.
177 2875 241 2926 Polye.
255 2884 284 2924 15.

82 2930 164 2976 Λιθάζειν.
183 2930 372 2969 Παῦλος..,λιθασθει’ς.
388 2927 447 2967 ΟῙοῙΛ.

109 2983 120 3020 Ι
135 2992 152 3032 5.
176 2984 292 3031 ἐλιθάσθησαν
301 2986 334 3022 ῦπδ
343 2985 447 3033 παρανόμων,

110 3046 143 3085 45·

821 227 849 285 79

479 339 534 377 Λίθος.
576 341 711 386 προσκυνοῦντες
736 338 795 377 λίθους
821 339 848 375 καὶ

506 392 554 439 ξύλα.
570 391 630 430 Clem.
644 391 666 429 II
679 404 694 430 1.
724 393 746 430 ὣς
759 393 846 431 ὅντες-λί-

506 447 533 483 θοι
551 449 591 483 ναοῦ
609 447 682 495 Πατρός.
703 445 746 497 Ign.
762 445 811 497 Eph.
828 459 845 496 9.

506 502 595 549 τιμιώτερα
606 500 660 537 λίθων
669 502 772 538 πολυτελῶν.
788 499 845 539 Maru.

506 553 569 604 Polyc.
585 555 614 591 18.

479 608 537 656 Λιμίην.
575 607 602 644 ότι
620 607 687 655 λιμένος
706 608 737 655 ἤδη
757 607 850 657 ε’τόγχανεν

505 665 526 709 τῇ
539 664 629 711 προσευχῇ
643 663 693 709 ὑμῶν.
712 661 754 712 Igu.
770 660 845 712 Smyrn.

508 728 537 754 Π.
566 717 589 754 ὡς
600 717 719 763 χειμαζόμενος
730 715 795 763 λιμένα.
810 716 846 754 Po·

505 769 540 820 lye.
560 782 577 807 2.
614 770 654 808 τοὺς
671 771 739 818 λιμένας
756 770 845 818 Ῥωμαίων.

506 824 563 862 Mart.
575 823 616 874 Ign.
628 832 645 872 5.

478 879 589 926 Λινοκαλάμη.
613 879 689 928 ἔκρυψεν
701 879 725 916 είς
736 878 756 914 τδ
770 879 847 928 ὑπερῷον

505 934 539 970 ῦπδ
561 933 591 980 τὴν
610 934 728 981 λινοκαλάμην,
758 931 817 970 (Ilum.
835 931 846 969 I

508 999 537 1025 12·

477 1041 530 1079 Λίνον.
565 1041 584 1077 ἒν
605 1041 647 1092 λίνιρ
669 1039 753 1087 κατετέθη.
786 1040 843 1079 Mart.

504 1095 546 1146 Igu.
557 1095 586 1133 6-
640 1101 642 1106 '

477 1151 555 1198 Λιπαρός.
584 1148 639 1198 εἰρήνη
655 1150 716 1195 βαθεῖα
732 1148 758 1187 καὶ
774 1150 844 1198 λιπαρά.

478 1251 480 1254 ¹
504 1202 613 1241 Olem.I2.
676 1214 678 1217 ’

478 1257 575 1294 Λιτανείειν.
601 1256 757 1295 Λιτανεόσατεετδν
770 1257 845 1306 Χριστόν

503 1311 546 1360 ῦπέρ
555 1311 601 1357 ἐμοῦ.
616 1310 658 1362 Igu.
669 1310 724 1348 Rom.
736 1322 754 1357 4.

477 1365 584 1414 Λογίζεσθαι.
608 1366 685 1411 συνίησιν
694 1366 717 1402 ὡς
727 1367 766 1401 οὔτε
775 1365 787 1401 ά
795 1365 844 1413 λογί-

505 1419 561 1464 ζονταί
576 1433 619 1457 τινες
634 1418 675 1457 εἶναι
691 1419 759 1467 τερπνά.
783 1418 842 1457 Olem.

505 1472 581 1524 Fragm.
591 1472 616 1510 iv.
640 1472 660 1510 δν
668 1473 757 1521 λογίζομαι
768 1474 795 1510 καὶ
805 1473 844 1510 τοῦς

505 1528 564 1565 ἀθέους
570 1526 684 1576 ἐντρέπεσθαι.
696 1525 738 1577 Igu.
746 1525 803 1564 Trall.
811 1539 828 1575 3.

445 1589 446 1592 ’
477 1583 543 1630 Λόγιον.
570 1580 609 1619 τοῦς
627 1597 646 1618 τε
663 1581 805 1627 καταδεξαμέναυς
822 1581 843 1618 τὰ

502 1637 553 1683 λόγια
566 1636 622 1672 αὐτοῦ.
640 1633 721 1685 ClemI
737 1647 766 1683 19.
796 1635 842 1684 ε’γκε-

503 1688 568 1738 κόφατε
578 1690 601 1727 είς
610 1689 631 1725 τὰ
638 1691 689 1738 λόγια
700 1691 730 1726 τοῦ
744 1692 793 1726 θεοῦ.
809 1697 842 1737 53.

503 1742 522 1781 ὃς
537 1743 557 1779 δν
570 1742 651 1790 μεθοδεόη
665 1743 686 1779 τὰ
699 1744 750 1791 λόγια
764 1745 795 1779 τοῦ
809 1748 844 1779 Kv-

502 1796 544 1845 ρίου.
560 1795 624 1846 Polyc.
634 1795 682 1834 Phil.
694 1803 711 1845 7.

476 1852 567 1900 Λογισμός.
595 1850 667 1898 λέληθεν
678 1851 729 1887 αῦτδν
741 1851 795 1893 οῦδὲν,
805 1852 844 1887 οῦτε

502 1907 596 1953 λογισμῶν.
611 1903 675 1955 Polyc.
684 1903 732 1942 Phil.
744 1916 761 1951 4.

477 1960 536 2008 Λόγος.
557 1958 672 2006 προσέχοντες
685 1959 725 1996 τοῦς
738 1960 802 2007 λόγους
815 1959 844 1995 αὺ-

503 2015 538 2050 τοῦ.
557 2011 640 2050 Olem.I
655 2025 672 2050 2.
700 2014 798 2060 μεμυημένοι
812 2016 845 2049 τῶν

503 2068 560 2115 λόγων
569 2069 599 2103 τοῦ
608 2066 671 2116 Κυρίου
679 2066 742 2114 Ἰησοῦ.
753 2079 783 2115 13.
802 2068 845 2112 ὑπη-

505 2122 553 2159 κόους
567 2123 602 2158 τοῖς
616 2121 728 2170 ἁγιοπρέπεσι
740 2122 803 2170 λόγοις.
817 2119 842 2158 ib.

505 2176 560 2223 φησὶν
572 2175 606 2224 γάρ
620 2178 629 2212 ὁ
643 2176 690 2225 άγιος
703 2176 760 2224 λόγος.
777 2173 802 2212 Ib.
827 2175 845 2210 έν

505 2228 593 2276 ἀλαζονείᾳ
610 2233 641 2266 τοῦ
658 2231 712 2278 λόγου
730 2229 789 2266 αὐτῶν.
812 2239 842 2265 21.

504 2282 534 2319 Ἐν
547 2284 594 2332 λόγῳ
608 2284 637 2329 τῆς
651 2281 771 2331 μεγαλωσύνης
786 2283 842 2318 αὐτοῦ.

505 2344 536 2385 27.
552 2336 582 2374 ,ἒν
594 2337 641 2386 λόγῳ
656 2335 724 2373 δόναται
737 2336 780 2372 αὐτὰ
793 2350 843 2372 κατα-

504 2390 585 2438 στρέψαι.
606 2388 631 2426 Ib.
665 2391 721 2439 ἔργοις
735 2388 843 2436 δικαιούμενοι

503 2444 530 2479 καὶ
543 2444 565 2490 μὴ
576 2444 640 2487 λόγοις,
659 2455 690 2491 30.
719 2443 742 2489 μὴ
751 2443 769 2479 ἐν
778 2444 842 2491 λόγοις,

503 2497 542 2533 ἀλλ’
552 2497 570 2533 ἐν
578 2497 633 2544 ἔργοις
642 2497 715 2545 ἀγαθοῖς.
727 2497 759 2544 38.
778 2511 844 2533 πιστω-

503 2551 559 2591 θέντες
573 2550 590 2586 έν
603 2553 627 2600 τῷ
641 2553 688 2600 λόγῳ
701 2553 731 2587 τοῦ
745 2553 795 2587 θεοῦ.
811 2563 841 2597 42.

503 2604 594 2651 Μνησθητε
608 2608 641 2641 τῶν
653 2606 710 2653 λόγων
723 2603 785 2650 Ἰησοῦ.
810 2605 841 2651 46.

503 2659 559 2706 σοφὸς
579 2658 597 2693 ἐν
617 2658 698 2706 διακρίσει
718 2659 780 2706 λόγων.
810 2660 842 2704 48.

503 2711 561 2749 Οῦτως
569 2712 602 2760 γάρ
609 2713 664 2759 φησιν
671 2714 680 2748 ὁ
687 2713 734 2760 ἅγιος
739 2712 798 2761 λόγος.
810 2712 842 2760 56.

503 2766 552 2814 Λέγει
564 2766 597 2814 γάρ
608 2767 635 2802 καὶ
648 2768 657 2801 ό
669 2767 774 2814 προφητικδς
785 2766 841 2815 λόγος.

503 2818 526 2856 II
538 2831 574 2857 ΙΙ..
596 2819 681 2867 φρόνησιν
694 2821 756 2867 ἔχομεν
770 2821 797 2857 καὶ
812 2820 842 2857 λό-

503 2927 604 2974 κεκτημένος.
627 2927 669 2978 Igu.
690 2926 739 2977 Eph.
760 2937 789 2977 15.
824 2930 844 2965 οὐ

502 2982 545 3030 πρὸς
561 2981 616 3029 σάρκα
634 2984 644 3018 ὁ
662 2981 718 3030 λόγος.
742 2981 808 3034 Magn.
825 2995 843 3032 3.

503 3035 521 3073 ός
533 3036 580 3072 ἐστιν
589 3036 640 3072 αὐτοῦ
648 3035 701 3085 λόγος
712 3034 769 3076 ἀίδιος.
786 3039 803 3075 8.
828 3038 845 3074 έν
