1958 3490
271 219 321 267 ,AD
336 217 536 270 ooalNrHIOS,
546 216 633 259 xxxviii.
765 213 807 258 137

113 347 140 391 et
162 356 235 406 quam
257 335 376 387 submisse
387 334 519 403 imperata
544 339 730 400 exsequantur:
749 349 807 383 ,non

113 435 197 468 omnes
208 420 267 466 sunt
278 414 401 481 praefecti,
412 431 492 480 neque
503 410 653 470 chiliarchae,
664 427 743 476 neque
754 427 807 459 cen-

112 497 228 554 turiones,
247 511 326 560 neque
344 490 555 561 quinquagenarii,
575 496 601 540 et
621 490 656 540 sic
678 488 807 555 deinceps;

112 562 280 640 imusquisque
288 590 345 623 vero
356 573 385 622 in
396 590 440 622 suo
452 570 535 621 ordine
547 586 610 636 quae
622 568 653 619 ab
664 559 809 635 imperatore

113 652 154 718 vel
165 651 267 701 ducibus
280 650 406 718 jubentur,
418 648 519 717 peragit.
554 647 643 715 Magni
658 646 710 697 sine
721 645 809 713 parvis,

113 737 140 780 et
150 730 220 797 parvi
231 729 283 780 sine
294 730 391 797 magnis
402 728 533 779 consistere
541 732 669 794 nequeunt
678 746 684 787 ;
702 725 811 775 mixtura

114 808 234 876 quaedam
251 799 330 858 estin
346 807 466 866 omnibus,
478 812 504 857 et
516 805 574 855 inde
588 824 656 856 usus.
691 802 810 871 Exemplo

113 888 184 939 nobis
195 887 228 938 sit
239 905 325 955 corpus
338 893 467 952 nostrum3
485 891 559 953 caput
570 884 739 952 sine'pedibus
750 882 811 933 nihil
820 889 906 968 :Qui

114 972 159 1027 est,
170 972 244 1034 prout
254 984 332 1033 neque
343 965 420 1034 pedes
431 965 483 1016 sine
494 964 574 1032 capite
583 984 589 1025 3
614 964 717 1014 minima
727 968 811 1013 autem

114 1045 220 1112 corporis
242 1045 319 1095 nostri
340 1045 451 1095 membra
472 1044 585 1094 uniVerso
608 1043 704 1111 corpori
731 1060 811 1093 neces-

115 1124 185 1174 saria
195 1129 221 1174 et
240 1124 312 1174 utilia
326 1130 392 1183 sunt,
409 1130 435 1174 et
454 1128 541 1173 cuncta
559 1123 706 1190 conspirant,
722 1128 748 1172 et
762 1140 812 1172 una

115 1203 264 1270 subjectione
295 1204 327 1254 ad
357 1204 436 1254 totius
467 1202 571 1269 corporis
602 1203 811 1253 conservationem

114 1287 226 1332 utrmtur.

149 1360 298 1411 XXXVIII.
321 1354 539 1428 Serveturitaque
559 1367 642 1411 totum
662 1379 749 1428 corpus
769 1378 811 1409 no-

114 1540 215 1592 impellaat
232 1540 375 1593 quinquaqinta
392 1541 449 1580 remi·
475 1554 511 1593 pro
523 1544 599 1589 ουμπνεῖ,
610 1540 662 1592 quod
676 1540 700 1579 ab
713 1538 761 1578 Edd.
771 1551 812 1578 om-

114 1609 150 1647 ριι.
475 1595 531 1635 nibus
545 1595 653 1645 exhibetur,
664 1594 749 1646 reposuit
758 1593 812 1633 Wot-

143 1665 160 1699 4.
172 1651 242 1690 ἕκαστος
255 1651 272 1688 t'v
282 1654 305 1701 τῷ
316 1652 352 1701 ἰδίῳ
365 1648 446 1704 τάγματι]
476 1656 539 1690 tonus.
556 1649 674 1702 VIdesupru
682 1653 748 1689 notata
757 1662 775 1700 p.
786 1649 811 1686 86

115 1705 144 1744 Of.
154 1705 203 1743 infra
214 1705 223 1756 ξ
234 1718 265 1753 41,
275 1709 294 1744 et
303 1705 326 1745 D.
334 1705 416 1745 Paulum
425 1705 450 1744 ud
476 1706 488 1745 l.
499 1707 516 1744 6.
545 1704 646 1744 Lineolam
660 1718 704 1743 sane
717 1708 811 1743 transver-

115 1760 158 1799 Oor.
169 1759 204 1811 Ep.
215 1759 261 1799 va
271 1773 301 1809 23.
477 1774 517 1799 sam
534 1759 555 1798 in
572 1760 637 1799 medio
655 1759 670 1798 li
680 1773 723 1798 erae
736 1759 814 1798 (luctam

144 1823 161 1864 5.
175 1818 205 1852 τοῦ
218 1811 312 1868 βασιλέως]
325 1814 369 1854 scil.
382 1814 451 1855 Ouero-
477 1828 553 1854 cernere
562 1819 645 1866 poterat,
654 1828 713 1867 quam
724 1813 780 1853 hodie
793 1813 815 1851 in

114 1869 154 1918 ria
165 1869 291 1921 Imperatoris
307 1869 399 1918 Romani,
414 1883 450 1921 pro
477 1869 562 1921 reliquiis
580 1869 635 1910 Msti
645 1869 720 1909 'laceris
738 1874 757 1909 et
774 1868 815 1920 galf

115 1923 192 1962 nomine
214 1923 300 1976 legitimo
320 1926 450 1975 αὐτοκράτορος.
477 1925 540 1964 lurum
554 1938 611 1965 succo
626 1924 682 1964 illitis
695 1924 760 1964 videre
776 1937 814 1962 non

116 1978 145 2017 Of.
157 1978 175 2018 S.
187 1978 313 2029 Pet.Iil13,
327 1979 360 2017 εἴτε
374 1982 450 2025 βασιλεῖ,
477 1979 558 2032 amplius
567 1980 619 2021 licet.
639 1981 687 2019 Posi]
696 1982 762 2029 σώματι
771 1978 814 2018 Boi-

115 2036 139 2073 ὡς
154 2035 258 2084 ὑπερέχοντι·
285 2042 314 2083 17,
330 2037 360 2072 τὸν
376 2035 452 2080 βασιλέα
478 2035 516 2075 sius
534 2034 606 2087 aliquid
625 2034 718 2075 excidisse
733 2033 815 2087 suspica

115 2091 180 2136 τιμᾶτε·
200 2088 278 2128 etinfra
286 2088 342 2128 Mart.
356 2088 375 2129 S.
386 2089 450 2141 Ignat.
477 2095 515 2140 tur,
523 2094 542 2129 et
549 2090 617 2130 Inserit
624 2093 651 2129 καὶ
660 2092 690 2128 οὐκ
697 2091 735 2128 ἔστι
742 2092 814 2139 σχίσμα.

116 2144 381 2198 §2,rpauuoewsoaeu÷‘ue
394 2143 452 2183 Plura
479 2144 567 2185 Davisius
589 2160 626 2198 pro
646 2147 692 2183 ἀλλά
714 2144 815 2196 legendum

116 2197 170 2238 dabit
185 2197 287 2238 Eckhelius
304 2198 372 2239 Doctr.
391 2199 450 2239 Num.
479 2205 542 2240 censet
556 2201 595 2250 ἅμα,
610 2206 631 2241 at
647 2200 696 2239 nihil
709 2199 815 2239 mutatione

115 2253 160 2292 Vet.
170 2253 204 2292 viii
217 2267 235 2305 p.
247 2255 291 2303 366.
479 2269 532 2308 opus,
543 2257 601 2295 modo
615 2258 667 2305 ἀλλά,
681 2268 725 2294 cum
740 2254 815 2294 Gallun-

145 2309 162 2347 6.
173 2306 307 2363 otreolpapot]
325 2309 357 2349 Ita
365 2309 452 2349 Wotton.
480 2311 518 2359 dio,
532 2314 595 2351 vertas
614 2311 664 2362 qaia
684 2311 748 2359 olm,
767 2309 816 2360 quio

117 2362 227 2403 Schoenem.
235 2363 296 2403 Hefel.
304 2364 387 2404 Reithm.
395 2365 453 2404 Dres-
479 2366 548 2418 potius,
556 2365 676 2406 Hellenismo
685 2364 813 2404 usitatissimo.

117 2417 180 2462 solius,
190 2432 234 2457 cum
243 2419 304 2459 usto.
320 2419 397 2459 caeteri
404 2419 453 2458 Edd.
510 2430 538 2470 15.
549 2422 590 2459 ὅλον
599 2424 619 2460 τὸ
629 2422 694 2471 σῶμα]
710 2419 766 2458 Hanc
774 2419 814 2471 ple·

117 2474 160 2512 οὐδέ.
186 2472 304 2513 Sententiam
313 2475 365 2527 quod
374 2474 454 2524 adtinet,
481 2490 526 2515 num
542 2475 595 2516 MSti
613 2475 715 2515 lectionem
730 2473 814 2513 restituit

117 2527 453 2582 DavisiusconfertMeneniiAgrip·
479 2531 586 2571 Wcttonus.
615 2530 665 2569 Edu.
680 2529 765 2581 plerique
777 2529 813 2567 Ju-

116 2594 152 2632 pae
166 2583 268 2636 apologum
278 2585 329 2636 apud
342 2585 426 2634 Livium,
438 2584 453 2623 ii
479 2588 533 2626 nium
541 2590 652 2637 sequuntur,
660 2584 698 2636 qui,
708 2584 778 2623 lectore
786 2580 815 2622 inss

117 2649 148 2685 32.
174 2636 240 2678 Addas
250 2638 336 2691 Sophocl.
346 2639 378 2693 Aj.
389 2643 434 2690 158,
480 2641 571 2685 consulto,
579 2640 671 2680 omiserat
677 2641 697 2677 τὸ
707 2644 760 2686 σῶμα.
775 2639 815 2676 Ru-

480 2697 545 2736 'chatus
559 2698 658 2747 comparat
670 2693 748 2733 Tertull.
758 2691 813 2745 Apol.

139 2712 190 2746 καίτοι
197 2715 259 2758 σμικροὶ
266 2715 341 2769 nemitos
347 2716 397 2759 χωρὶς
534 2754 539 2772 c

139 2759 424 2804 σφαλερὸνπύργουρυματτέλοιιτιιι·
480 2765 512 2803 39,
546 2749 620 2802 Corpus
639 2762 704 2788 Sumus
724 2748 747 2786 (Ie
770 2761 814 2787 0011-

139 2800 438 2858 aersyapanaeaaaaa
481 2804 572 2846 ‘scientia
589 2803 701 2856 Religionis,
720 2808 740 2842 et
758 2803 814 2842 disci-

139 2845 165 2878 καὶ
172 2858 221 2888 '²⁶7²'
229 2850 284 2890 ‘Im'
292 2850 321 2883 set
328 2849 430 2893 WW‘I‘W'
481 2861 556 2914 ‘plicae
569 2859 677 2907 divinitate,
692 2862 711 2897 et
722 2858 762 2910 spei
775 2858 814 2898 foe·

148 2929 176 2955 12.
192 2918 237 2956 ἀλλὰ
250 2921 304 2958 πάντα
316 2918 400 2975 curaret]
416 2920 453 2970 Ita,
481 2916 550 2956 ‘slew'

177 2994 223 3025 vor..
234 2996 250 3026 1.
300 2994 301 2998 ’
509 2995 521 3024 r
