1958 3490
295 222 338 264 AD
353 218 549 270 CORINTHIOS,
564 218 607 260 xxi.
780 214 808 260 95

71 349 73 354 ’
106 344 222 409 Aequum
238 325 277 390 est
288 338 373 405 igitur,
384 342 415 385 ut
425 354 441 385 a
451 334 581 384 voluntate
598 333 659 400 ejus,
666 350 717 382 non
730 332 808 382 simus

105 420 254 486 transfugae.
289 416 410 488 Homines
428 413 519 464 stultos
536 417 562 461 et
577 410 728 478 insipientes,
740 410 808 477 etin

93 498 223 551 sermonis
240 495 279 548 sui
296 493 410 562 superbia
430 491 507 543 elatos
526 509 554 541 ac
570 490 710 558 gloriantes,
724 489 808 557 potius

105 595 181 646 quem
192 577 280 634 Deum,
292 572 450 623 offendamus.
484 570 620 622 Dominum
634 569 652 619 J
653 587 722 619 esum
737 567 808 619 Ohri·

43 722 44 726 *
76 693 79 698 .
106 663 179 715 stum,
200 654 270 722 cujus
292 651 393 719 sanguis
415 668 459 717 pro
482 648 552 699 nobis
575 648 649 698 datus
672 652 717 707 est,
734 664 809 697 vene-¹

105 751 202 794 remur3
229 731 272 800 qui
291 731 362 782 nobis
381 734 501 797 praesunt
519 743 681 785 revereamur,
702 725 808 776 seniores

105 818 202 864 nostros
223 812 377 869 honoremus,
394 808 500 875 juvenes
517 807 544 856 in
564 805 692 874 disciplina
712 804 809 855 timoris

106 983 120 1005 κ.
131 982 147 1004 τ.
157 967 174 1004 λ.
203 964 295 1017 Legimus
318 963 370 1003 enim
392 961 444 1013 apud
471 955 809 1009 etot...sive,utmihiverisimile

105 1033 150 1061 eum
161 1021 186 1072 [p.
198 1018 275 1059 611ed.
286 1018 369 1068 Potter.]
386 1017 444 1056 οὕτως
470 1014 532 1068 magis
550 1014 633 1064 videtur,
655 1017 731 1053 mutata
749 1012 808 1051 inter-

105 1076 168 1126 ἐγγίζει
182 1078 218 1115 τοίς
233 1073 323 1114 δικαίοιςὸ
337 1074 403 1124 Κύριος,
416 1073 443 1110 καί
469 1070 574 1123 punctione
591 1069 620 1109 ira
635 1068 726 1120 legamus,
739 1068 809 1117 Ἐντρα-

105 1131 154 1168 atter
169 1131 243 1178 λέληθεν
258 1130 310 1167 αὐτὸν
326 1134 360 1166 τῶν
378 1129 444 1166 έννοιῶν
470 1131 528 1175 πῶμεν
550 1125 580 1164 οὖν
607 1126 647 1163 τοὺς
673 1122 809 1175 προηγουμένους

105 1187 133 1224 καὶ
144 1187 260 1235 διαλογισμῶν
268 1185 292 1222 ὢν
299 1184 398 1233 ποιούμεθα·
414 1184 444 1220 τὸν
470 1182 521 1230 ἡμῶν,
539 1180 566 1219 καί
584 1180 694 1227 αἶθεσθῶμεν
713 1179 753 1217 τοὺς
766 1193 808 1227 πρε-

105 1240 168 1290 Κθριον
178 1239 245 1288 Ἰησοῦν
258 1240 309 1289 λέγω,
319 1241 349 1277 τὸν
362 1242 386 1290 τῷ
399 1253 442 1276 παν·
470 1236 565 1286 σβυτέμους
581 1235 684 1284 τιμησωμεν·
704 1234 743 1272 τοὺς
761 1233 809 1271 νέους

105 1298 217 1347 τοκρατορικῲ
225 1293 306 1342 θελίηματι
314 1294 407 1332 ἐπίσκοπον
413 1296 443 1341 τῆς
469 1291 587 1339 παιδεύσωμεν
595 1306 609 1330 κ.
618 1307 634 1328 τ.
642 1292 659 1328 λ.
687 1289 709 1329 Ν
709 1287 808 1340 entiqunm

105 1350 174 1400 raptim
195 1350 246 1398 ἡμῶν,
265 1349 285 1386 οὗ
303 1350 323 1386 τὸ
341 1347 382 1397 αἷμα
399 1349 443 1397 ὑπὲρ
468 1359 514 1386 vero
530 1345 606 1384 discedo
622 1359 634 1384 ο
648 1344 744 1384 sententia
759 1355 808 1390 mee,

105 1405 152 1453 ἡμῶν
169 1404 249 1454 ἡγιάσθη,
278 1404 396 1453 Ἐντραπῶμεν
413 1403 443 1440 οὖν
469 1400 533 1440 omnia
551 1413 571 1439 se
589 1405 641 1440 recte
663 1399 733 1439 habere
756 1397 808 1450 apud

105 1460 145 1497 τοὺς
153 1460 288 1509 προηγουμένους
302 1459 352 1507 ἡμῶν,
362 1457 389 1496 καί
398 1459 442 1495 atte—
470 1456 589 1496 Olementcm
598 1456 713 1504 Romanum,
719 1455 764 1494 licet
773 1453 808 1492 ali-

106 1515 174 1561 σθῶμεν
188 1515 227 1553 τοὺς
240 1513 374 1563 πρεσβυτέρους·
394 1512 442 1561 τιμή·
468 1510 570 1551 cervisam
583 1510 642 1549 fuerit
650 1508 759 1562 Anmymo,
773 1508 807 1562 qui

106 1569 210 1616 σωμεντοὺς
219 1567 271 1607 νέους
286 1567 402 1615 παιδεύσωμεν
411 1568 442 1615 τὴν
468 1565 539 1613 1111100,
549 1565 565 1604 sl
579 1579 617 1617 quo
631 1564 669 1604 alio
682 1564 703 1604 in
715 1565 763 1614 locu,
773 1578 807 1603 110-

105 1623 182 1661 παιὸείαν
197 1626 226 1660 τοῦ
245 1626 294 1660 Θεοῦ·
313 1623 394 1671 μακάριος
408 1624 442 1671 γὰρ
469 1621 516 1659 dum
529 1620 550 1658 ill
564 1620 626 1672 scirpo
641 1620 729 1671 quaerit5
744 1620 808 1659 obser-

106 1692 144 1716 κ.π.
153 1679 169 1715 λ.
199 1677 228 1716 Eo
242 1676 300 1715 modo
315 1690 335 1716 se
349 1676 407 1715 habet
421 1676 442 1715 in
468 1675 522 1715 vavit
536 1675 587 1714 enim
600 1674 652 1727 quod
662 1674 743 1714 ‘Omnia
756 1674 809 1727 apud

106 1731 194 1770 omnibus
212 1731 309 1770 codicibus
329 1730 441 1783 impressis:
470 1730 544 1770 ‘Ulem
558 1728 614 1769 Alerr.
626 1730 686 1782 probe
700 1730 807 1770 cohaerent.

105 1785 155 1825 male
168 1785 299 1837 proculdubio,
313 1787 377 1825 omnia
391 1785 443 1824 enim
471 1784 545 1837 ‘Apud
567 1784 627 1824 Olem.
648 1785 705 1824 Rom.
723 1784 809 1825 maxima

105 1841 183 1880 confusa
199 1845 218 1880 et
235 1842 315 1880 obscura
329 1845 379 1890 sunt,
396 1840 443 1879 dum
470 1842 514 1880 ‘est
522 1840 648 1891 perturbatio.
669 1839 776 1892 Caputhoc
785 1854 810 1880 ex

105 1895 186 1948 legimus
207 1896 304 1944 τιμήσομεν
326 1897 365 1935 τοὺς
390 1896 442 1940 νέους,
471 1894 545 1935 ‘Olenn
565 1893 622 1935 Alex.
641 1909 659 1947 p.
680 1904 718 1946 517
740 1895 810 1936 misere

106 1949 174 2004 (quum
186 1951 225 1999 τιμή
239 1950 357 2002 Presbyteris
371 1950 397 1990 sit
407 1949 443 1989 im·
471 1953 598 2002 ‘corruptum
608 1950 649 1990 est’
676 1950 755 1990 Nemini
764 1964 810 1991 sane

105 2005 211 2057 patienda,
235 2005 275 2045 sive
300 2010 380 2045 naturae
403 2005 443 2045 sive
470 2004 677 2057 nisiAnonymoipso
690 2004 747 2060 [Edu.
763 2006 809 2046 Ber-

106 2059 206 2111 Evnngelii
220 2059 272 2113 leges
287 2073 309 2099 ac
323 2059 444 2113 disciplinam
470 2058 534 2114 nard]
553 2074 602 2112 quae
620 2061 671 2113 apud
690 2059 810 2101 Clementem

105 2112 221 2169 spectemus)
235 2116 354 2164 παιδεύσωμεν
367 2117 444 2155 παιδείαν
462 2120 559 2155 nostrum
568 2116 650 2168 legimus
658 2121 739 2168 possunt
748 2117 810 2158 videri

105 2176 136 2208 τοῦ
146 2174 196 2208 θεοῦ.
225 2170 278 2220 Quos
290 2170 444 2210 instituamusin
470 2170 534 2210 minus
556 2171 657 2223 perspicua
680 2185 738 2224 quarn
761 2185 810 2224 quae

97 2224 206 2276 ‘disciplina
222 2225 264 2275 Dei,
279 2239 303 2264 ne
313 2226 394 2267 verbum
408 2230 442 2265 est.
470 2226 522 2278 apud
530 2225 688 2266 Alexandrinum.
702 2227 783 2267 WOTT.

106 2279 131 2319 In
141 2280 240 2320 Clemente
248 2285 315 2320 nostro
325 2281 389 2320 omnia
398 2285 443 2320 sunt
498 2290 515 2330 5.
526 2282 585 2332 ἐδόθη]
602 2281 634 2321 Ita
649 2281 695 2321 Ood.
708 2282 749 2322 ΜΒ.
774 2282 810 2321 Ju-

105 2335 206 2386 perspieua
215 2339 235 2375 et
243 2335 339 2384 distincta,
349 2340 369 2376 et
378 2335 442 2388 singu·
470 2335 514 2375 nius
523 2336 589 2376 mallet
596 2337 672 2386 ἐξεχύθη.
683 2335 742 2389 Apud
749 2337 808 2377 Olem.

106 2389 135 2439 lis,
147 2403 196 2442 quae
210 2404 244 2430 sua
258 2395 307 2440 sunt,
317 2391 443 2430 tribuuntur:
471 2391 527 2430 Alex.
538 2390 609 2431 Strom.
620 2392 640 2431 iv
652 2400 681 2442 17,
695 2405 714 2444 p.
726 2394 763 2432 611
779 2393 808 2432 ed.

106 2444 153 2484 Jesu
165 2445 243 2486 Christo
256 2446 333 2495 ἐντροπὴ,
348 2446 444 2485 Ecclesiae
471 2445 542 2485 Potter.
553 2446 635 2498 legimus
644 2447 722 2497 ἡγιάσθη.

106 2499 222 2552 Praepositls
230 2501 271 2541 sive
279 2501 379 2553 Episcopis
388 2501 443 2550 altos,
498 2501 522 2540 ib.
540 2502 583 2541 Τοὺς
600 2500 743 2556 προηγουμένους]
759 2501 809 2542 Vide

106 2554 225 2607 Presbyteris
234 2557 278 2605 τιμή,
288 2561 307 2596 et
320 2556 402 2608 denique
412 2556 443 2607 ju·
471 2569 529 2608 supra
537 2569 555 2607 p.
567 2568 596 2605 10,
606 2556 617 2595 l.
631 2568 646 2594 1.

106 2609 190 2656 'lenibus¹
200 2611 298 2651 institutio
309 2615 329 2651 et
338 2610 443 2663 disciplina.
499 2619 516 2661 7.
540 2612 580 2650 rods
604 2612 651 2649 νέους
677 2609 805 2666 παιδείουμεν]

107 2664 175 2704 Seueri
181 2670 279 2719 utcunque
286 2670 350 2718 potest
356 2666 444 2706 Olemens
471 2666 533 2705 Paene
543 2665 609 2704 eadem
617 2665 676 2705 verba
688 2665 784 2707 habentur
797 2681 809 2706 a

106 2717 254 2771 Alexandrinus,
266 2721 306 2761 sive
323 2735 366 2760 cum
379 2721 444 2761 Boisio
472 2720 490 2761 S.
507 2720 612 2772 Polycarpo
630 2720 651 2759 in
668 2719 756 2772 Epistola
774 2735 809 2761 sua

106 2774 250 2825 interponamus
264 2778 320 2826 αὐτόν,
329 2781 348 2816 et
359 2777 445 2829 legamus
471 2776 496 2815 cd
510 2775 639 2826 Philippenses
656 2772 706 2829 [§.4]
722 2779 746 2814 Τὰ
759 2778 809 2816 τέκνα

106 2830 225 2878 Ἐντραπῶμεν
238 2832 268 2870 οὖν
281 2833 337 2877 αὐτόν,
351 2833 391 2872 τοὺς
403 2848 445 2882 προ·
471 2830 555 2871 παιδεύειν
570 2832 600 2879 τὴν
611 2831 688 2869 παιδείαν
703 2835 734 2869 τοῦ
750 2834 809 2882 φόβου

107 2886 209 2934 ηγουμένους
222 2887 269 2935 ἡμῶν
282 2888 391 2937 οἶδεσθῶμεν,
406 2888 445 2926 τοὺς
471 2891 501 2924 τοῦ
516 2889 564 2924 θεοῦ.
594 2884 694 2935 (ιὶωΙῙΙιίῐι
707 2886 762 2927 brevi
775 2887 809 2928 illa

107 2939 236 2989 πρεσβυτέρους
249 2941 351 2991 τιμήσομεν,
365 2942 405 2981 τοὺς
419 2942 445 2980 νέ-
472 2940 559 2993 Epistola
577 2939 595 2980 S.
613 2940 730 2993 Polycarpus
748 2956 809 2995 paene

108 3009 137 3033 ους
150 2995 269 3044 παιδεύσωμεν
282 2998 312 3045 τὴν
325 2999 402 3036 παιδείαν
414 3001 445 3035 τοῦ
471 2996 517 3049 ipsis
531 2994 594 3036 verbis
613 2995 632 3036 S.
649 2995 755 3038 Clementis
770 2998 808 3039 fre-
