1958 3490
335 232 408 277 Vtra
422 233 460 276 ET
476 233 616 277 scnlrrls
799 233 837 277 xxi

136 344 219 391 aionem,
235 346 325 395 tanquam
343 355 416 382 novum
434 347 571 391 commentum,
590 355 625 382 nec
642 346 729 383 veterum
748 342 836 395 cuiquam

136 408 235 462 cognitum
244 407 337 460 deposuit.

136 499 137 503 =
163 475 268 514 cranam
279 474 355 514 martas
366 472 461 529 mittitur]
482 473 571 514 Historia
585 474 673 527 martyrii
689 475 730 528 ejus
749 474 781 530 [sc.
792 474 835 516 Act.

136 540 229 592 Interpol.
243 541 253 592 ξ
268 542 286 586 8,
299 540 350 592 apud
361 540 461 581 ⁴(lotelerii
477 540 545 581 Patres
559 540 628 593 Apost.
646 541 714 581 edente
729 541 808 591 Gloriae,
823 541 837 580 ii

139 604 185 661 165]
202 606 251 646 hanc
266 606 320 646 dedit
335 606 435 656 rationem,
451 620 510 659 quare
528 620 568 646 non
584 605 698 648 Antiochiae
714 608 748 648 sed
764 609 837 648 Romae

135 673 194 713 fuerit
209 677 315 722 coronatus,
329 677 352 713 ut
366 673 454 725 longiore
468 673 544 723 itinere,
559 677 579 714 et
593 674 689 714 continuis
702 674 836 715 vexationibus

136 740 210 781 animus
222 740 262 792 ejus
270 739 394 792 frangeretur,
404 744 429 790 et,
440 754 464 779 ne
474 739 589 779 Antiochiae
602 741 674 781 occisus
687 741 753 781 fideles
765 741 786 781 in
798 742 836 782 fide

136 806 262 855 confirmaret,
276 806 323 846 adeo
336 809 359 845 ut
373 819 417 845 eum
430 805 515 846 noluerit
525 805 618 858 Trajanus
632 806 683 847 inter
696 821 740 847 suos
754 808 836 860 gloriose

136 886 227 926 pugnare,
237 876 256 912 et
269 872 324 922 mori,
335 872 369 912 sed
382 872 434 912 inter
448 872 531 924 ignotos,
541 872 563 912 ut'
578 886 614 925 pro
628 874 713 914 malefico
727 874 834 915 haberetur.

136 937 258 988 VENEMA,
269 938 320 978 Hist.
331 938 381 978 Eccl.
395 938 447 979 Saec.
458 938 473 977 ii
485 941 494 987 t
506 947 523 989 7.
552 937 616 979 Aliter
628 940 781 993 Chrysostomus,
794 942 836 981 Ho-

135 1007 176 1046 mil.
186 1006 207 1045 ln
217 1005 235 1045 S.
245 1005 348 1058 Ignatium,
358 1007 386 1044 διὰ
399 1007 433 1057 γὰρ
447 1010 499 1044 τοῦτο
513 1008 540 1044 καὶ
553 1009 563 1044 ὁ
575 1008 618 1046 θεὸς
631 1011 752 1058 συνεχώρησεν
763 1010 797 1047 ε’κεῖ
806 1011 836 1047 τὸν

135 1075 174 1120 βίον
186 1075 236 1111 αὐτὸν
247 1075 345 1122 καταλῦσαι,
358 1074 403 1110 ὥστε
419 1073 450 1120 τὴν
463 1071 525 1110 τούτου
540 1073 621 1121 τελευτὴν
634 1075 744 1113 διδασκάλων
757 1075 836 1126 γενέσθαι

136 1138 224 1186 εὐσεβείας
232 1141 268 1178 τοῖς
276 1140 306 1187 τὴν
314 1139 377 1186 Ῥώμην
386 1139 463 1176 οἷκοῦσιν
472 1139 540 1177 ἅπασιν.
570 1137 653 1178 Romam
664 1139 769 1180 abductum
778 1140 836 1180 fuisse

136 1204 253 1257 Episcopum
262 1202 375 1244 Antiochiae
387 1207 410 1243 ut
420 1203 514 1255 Trajanus
527 1203 651 1244 oblectationi
664 1205 726 1257 plebis
738 1206 835 1247 Romanae

136 1271 249 1321 consuleret,
264 1274 352 1311 statuunt
368 1269 514 1319 Schroeckhius,
530 1269 642 1312 Olariatlielra
653 1272 679 1310 K.
694 1272 718 1312 G.
728 1272 743 1311 ii
753 1274 797 1323 336,
815 1278 835 1314 et

136 1339 239 1386 Burtonus,
253 1337 346 1382 Lectores,
356 1336 370 1376 ii
381 1346 411 1387 25.
440 1336 535 1386 dontinus,
549 1336 647 1377 Remuria
660 1352 685 1378 ονι
698 1339 750 1379 Eeci.
765 1340 817 1380 Hirt.
828 1340 835 1379 i

137 1406 182 1455 361,
192 1404 281 1456 opinatur
290 1403 392 1456 Trajanum
405 1403 449 1442 ideo
459 1403 484 1441 ad
494 1403 577 1442 Romam
591 1402 636 1442 duci
645 1404 745 1457 ignatium
755 1405 835 1458 jussisse

135 1476 160 1511 ut
172 1469 255 1510 ludibrio
270 1484 314 1509 eum
328 1473 437 1522 exponeret,
447 1473 505 1521 atque
519 1469 561 1508 aliis
575 1470 663 1522 exemplo
672 1471 748 1512 faceret.
777 1472 834 1511 Gros-

135 1537 208 1577 wellius
220 1541 289 1583 autem,
298 1537 441 1580 Disaertotiorm,
452 1536 473 1575 iv
482 1544 528 1586 417,
538 1535 667 1587 conjecturam
679 1537 725 1577 facit
734 1537 834 1590 Ignatium

135 1604 197 1643 civem
211 1603 319 1642 Romanurn
333 1601 396 1647 fuisse,
424 1601 453 1641 Of.
469 1601 518 1640 Plin.
534 1601 569 1653 Ep.
580 1615 594 1640 x
606 1610 637 1652 97,
650 1610 710 1655 ‘quos
725 1604 769 1657 quia
784 1604 834 1644 cives

136 1673 140 1692 ‘
150 1669 232 1709 Romani
241 1673 299 1718 erant,
309 1667 399 1708 adnotavi
408 1668 429 1706 in
438 1668 507 1707 urbem
515 1668 654 1709 remittendos'

162 1733 172 1764 d
181 1734 259 1773 auditor
264 1731 370 1788 Jolruorcia]
378 1733 479 1786 Ignatium
486 1734 550 1786 ipsum
557 1734 569 1772 J
571 1733 651 1774 ohannis
658 1735 766 1775 auditorem
771 1735 834 1785 fluisse,

135 1800 236 1853 Pclyearpi
244 1800 400 1852 condiscipulum,
407 1804 506 1840 testantur
512 1799 563 1839 Aeta
571 1800 617 1853 ejus,
626 1800 636 1851 d
643 1815 662 1852 3,
669 1801 707 1841 vid.
715 1801 765 1841 inira
771 1816 789 1854 p.
795 1805 833 1852 582

135 1868 142 1907 l
154 1877 184 1917 15,
194 1867 263 1920 quibus
274 1867 309 1906 hac
321 1867 342 1905 in
354 1880 375 1906 re
387 1867 446 1906 fidem
456 1866 549 1907 adhihent
558 1866 645 1919 Ittigius,
655 1868 735 1908 Dissert.
748 1869 772 1908 de
782 1869 834 1909 Patr.

135 1934 203 1986 Apost.
214 1948 232 1985 p.
243 1943 286 1984 259,
296 1933 386 1978 venemo,
397 1934 423 1973 H.
432 1933 455 1973 E.
467 1932 519 1973 Saea.
530 1940 547 1972 11
557 1933 567 1985 ξ
576 1935 594 1978 6,
605 1933 749 1984 Schroeckhius,
760 1934 834 1976 Olariat·

136 2001 182 2040 lielra
191 2001 216 2039 K.
228 2000 249 2040 G.
260 1999 274 2038 ii
284 2001 329 2051 336.
358 2000 408 2039 Cum
419 1998 520 2051 Apostolis
534 1999 655 2040 familiariter
667 2005 765 2041 versatum
777 1999 844 2042 fuisse

134 2067 230 2106 affirmant
244 2065 336 2115 Serretes,
351 2066 377 2105 Η,
389 2066 411 2105 Ε,
422 2065 442 2105 vi
453 2067 471 2115 8,
486 2070 506 2105 et
520 2065 673 2117 Chrysostomus,
684 2067 697 2106 l.
708 2081 723 2107 ο,
737 2069 836 2118 arrepturo

134 2137 170 2173 reis
185 2134 298 2173 'nacortaou
316 2134 396 2183 γνησίως,
413 2134 441 2170 καὶ
459 2137 493 2170 τῶν
510 2137 625 2181 πνευματικῶν
641 2135 717 2182 ναμάτων
732 2134 833 2175 ἀπέλαυσεν.

134 2201 204 2239 ‘orator
213 2200 242 2238 οὖν
251 2198 292 2238 εἶναι
301 2201 345 2239 slata
355 2202 384 2238 τὸν
393 2200 498 2250 ἐντραφέντα
509 2200 583 2244 ἐκείνοις,
593 2201 620 2237 καὶ
632 2204 719 2250 πανταχοῦ
732 2205 835 2252 σνηηιενόρε-

134 2283 168 2315 νον,
182 2268 209 2305 καὶ
222 2266 277 2317 ῥητῶν
290 2268 316 2304 καὶ
330 2266 431 2316 ἀπορρήτων
444 2266 502 2305 αὐτοῖς
515 2265 644 2314 κοινωνήσαντα,
657 2266 685 2306 καὶ
697 2266 781 2316 τοσαύτης
794 2265 835 2306 εἶναι

134 2334 207 2380 δόξαντα
215 2333 272 2371 αὐτοῖς
280 2333 334 2382 ἀρχῆς
342 2332 401 2378 ἄξιον,-

161 2407 170 2428 0
179 2412 241 2438 auam
247 2395 364 2452 Epistolum]
375 2398 508 2450 Hieronymus
517 2397 606 2437 ordinem
615 2398 705 2452 neglexit,
712 2404 732 2439 et
739 2399 835 2452 Epistolas

134 2470 209 2517 septem
220 2478 330 2504 enumerare
341 2468 448 2514 contentus,
458 2464 567 2514 promiscue
578 2464 651 2506 retulit.
679 2466 704 2505 In
714 2465 784 2505 Codice
794 2465 835 2505 Me-

135 2531 189 2571 diceo
199 2530 272 2571 Graeco
282 2535 346 2570 autem
355 2534 375 2570 et
382 2531 443 2570 veteri
450 2530 539 2571 versione
548 2530 618 2571 Latina
627 2531 658 2572 hic
667 2536 696 2572 est
705 2533 752 2572 ordo
761 2546 765 2571 :
782 2540 802 2570 1⁰
810 2532 835 2571 ad

135 2598 254 2650 Smyrnaeos,
265 2605 286 2635 2⁰
295 2597 319 2636 ad
332 2597 464 2649 Polycarpum,
475 2605 497 2648 3⁰
506 2597 531 2636 ad
544 2597 643 2649 Ephesios,
654 2605 676 2647 4⁰
684 2599 708 2638 ad
720 2598 834 2650 Magnesiae,

135 2672 157 2714 5⁰
166 2665 191 2704 ad
202 2663 374 2716 Philadelphenses,
384 2665 406 2702 6⁰
415 2664 440 2703 ad
451 2663 563 2703 Trallianos.
593 2664 644 2702 Nam
658 2663 746 2716 Epistola
759 2664 783 2703 ad
796 2665 835 2704 Ro-

135 2743 207 2780 manos,
217 2729 262 2782 quia
270 2729 325 2769 Actis
336 2730 425 2783 martyrii
435 2730 534 2783 Ignatiani
548 2730 621 2769 inserta
634 2730 711 2783 legitur,
721 2731 742 2770 in
753 2731 786 2771 illa
795 2732 834 2771 eol·

134 2797 215 2837 lectione
229 2796 298 2836 omissa
313 2801 346 2837 est.
375 2821 384 2839 ι
401 2821 410 2840 a
427 2821 436 2839 a
453 2821 462 2839 a
479 2821 488 2839 a
505 2821 515 2839 a
537 2797 616 2836 Praeter
629 2796 662 2836 has
676 2802 752 2849 septem
761 2798 835 2851 Ignatii

133 2867 164 2901 τοῦ
173 2865 263 2913 θεοφόρα)
274 2862 375 2915 Epistulas,
385 2863 435 2902 solas
449 2862 562 2915 antiquitati
574 2862 683 2914 primitivae
694 2864 785 2917 cognitas,
795 2879 834 2904 non

134 2932 210 2969 tantum
225 2932 302 2969 exstant
314 2929 357 2968 illae
369 2929 447 2969 eaedem
460 2929 559 2981 Epistolae
569 2929 589 2983 (a
603 2942 641 2981 qno
656 2934 675 2970 at
689 2944 727 2982 quo
741 2936 834 2984 tempore,

134 3000 179 3035 ante
188 2994 211 3035 A.
219 2995 240 3035 O.
249 2998 287 3044 580
297 2996 370 3044 saltem,
380 3009 419 3035 non
429 3008 475 3035 sanc
485 2994 567 3049 constat)
578 2995 718 3048 interpolatae,
732 2998 834 3038 sedetiam
