2061 3403
90 288 153 323 Parlrer
160 292 178 322 et

90 333 186 367 Salmasius.

202 160 269 203 xxxiv
369 161 593 212 REOEN'PIORUM
608 162 731 206 JUDIOIA

233 277 311 331 Primo,
332 279 442 323 Sententia
461 279 577 324 decretoria
597 279 681 324 Parkeri
702 284 723 323 et
745 278 849 331 Salmasii,
867 278 903 335 qui

203 349 302 390 statuunt
316 364 388 392 omnes
403 349 511 406 Epistolas
526 349 565 393 sub
580 350 664 394 nomine
679 349 761 407 Ignatii
776 349 850 402 editas,
860 363 903 392 esse

202 416 265 473 plane
280 418 430 475 supposititias,
441 418 530 462 minime
543 419 627 463 ferenda
640 422 685 464 est:
699 423 747 463 tum
761 419 817 476 quod
832 433 903 461 eorum

201 490 329 544 argumenta
339 488 392 531 nihil
402 489 459 531 aliud
470 490 571 533 evincunt
579 505 641 547 quam
651 490 728 547 quoda
738 489 825 533 caeteris
835 491 902 532 statu·

201 555 253 609 itur,
263 572 338 614 nempe
351 573 423 601 omnes
436 561 475 601 aut
489 558 633 616 supposititias
645 574 688 603 esse
701 562 738 602 aut
752 558 901 615 interpolatam

205 628 279 683 (quum
287 624 344 669 e'nim
351 627 419 671 adhuc
426 628 533 672 nescirent
540 628 607 686 qualis
615 644 685 672 revera
691 627 826 685 interpolatio
832 626 902 679 fuerit,

201 694 302 752 quicquid
318 696 360 739 illis
380 695 495 753 displicuit,
513 696 584 755 potuit
601 698 627 741 ad
646 696 817 755 interpolationes
836 695 900 753 perti-

200 767 272 823 nere5)
289 769 337 809 tum
352 766 407 823 quod
421 767 527 810 Parkerus
542 770 629 821 statuat,
642 768 748 811 neminem
762 771 812 810 ante
826 766 900 809 Conci-

200 834 254 878 lium
264 835 384 879 Nicaenum
396 851 469 879 earum
481 837 608 890 meminisse,
619 837 674 895 quod
684 837 815 894 apertissime
824 828 900 879 falsum

201 909 240 948 est.

232 975 335 1029 Secundo,
348 976 427 1032 Ingens
445 975 560 1019 discrimen
576 975 632 1019 inter
641 976 690 1019 Tres
702 975 792 1018 Latinas
805 977 827 1018 et
842 974 900 1017 Duo-

201 1044 270 1089 decim
281 1045 371 1089 Graecas
382 1045 490 1102 Epistolas
503 1049 560 1089 recte
573 1046 705 1090 observatum
719 1048 752 1089 est
758 1062 764 1097 ;
781 1048 803 1088 et
813 1043 901 1087 Latinae

201 1115 294 1171 primum
311 1115 397 1159 emissae
415 1116 441 1158 ab
459 1114 564 1159 universis
581 1115 623 1158 fere
640 1114 714 1158 merito
732 1118 784 1157 sunt
801 1114 899 1171 rejectae:

201 1188 249 1228 tum
260 1185 315 1242 quod
326 1185 409 1228 Graecis
420 1184 518 1228 omnibus
528 1184 607 1228 fuerint
620 1184 746 1241 incognitae,
758 1199 825 1242 neque
836 1184 900 1227 Grae-

200 1254 291 1297 cismum
298 1254 383 1297 omnino
390 1254 506 1307 redoleant,
514 1258 539 1297 ut
547 1269 590 1297 non
597 1254 623 1298 ab
631 1254 757 1311 interprete,
765 1253 802 1297 sed
809 1253 900 1296 Auctore

200 1322 279 1366 Latino
298 1323 409 1366 videantur
428 1322 535 1379 profectae
541 1340 548 1375 ;
568 1325 616 1365 tum
634 1322 690 1379 quod
708 1322 732 1365 in
751 1320 900 1366 vetustissimis

200 1392 307 1448 Vulgatae
324 1391 430 1434 Versionis
448 1390 508 1433 MSS
528 1391 639 1435 Godioibus
659 1406 701 1434 non
717 1390 861 1442 inveniantur,
879 1393 900 1433 et

199 1460 286 1504 seorsim
296 1460 406 1517 aliquando
416 1460 506 1517 scriptae
517 1460 567 1513 sint,
577 1464 598 1503 et
608 1460 663 1503 inter
673 1460 761 1503 Latinos
772 1476 785 1503 a
794 1460 900 1503 Bemardo

199 1534 237 1574 aut
247 1530 419 1573 Pseudo-Dextro
428 1529 524 1587 primum
534 1533 671 1582 memoratae,
687 1532 735 1572 tum
745 1529 835 1586 denique
845 1530 900 1586 quod

198 1600 236 1643 vix
250 1599 327 1643 rationi
340 1603 459 1656 temporum
469 1598 582 1643 videantur
592 1598 714 1652 consentire,
724 1602 763 1642 aut
777 1615 826 1643 cum
838 1596 899 1642 insti-

198 1670 253 1713 tutis
273 1669 355 1726 Ignatii
374 1668 487 1726 quicquam
507 1684 617 1712 commune
636 1669 724 1712 habere:
741 1675 755 1694 “
766 1684 804 1725 pro
824 1668 899 1725 quibus

199 1740 303 1793 “frustra
317 1738 413 1782 nonnulli
425 1753 522 1795 pugnare
535 1738 630 1794 aggressi
645 1742 694 1781 sunt
708 1740 759 1781 ante
771 1738 852 1795 aliquot
862 1754 899 1781 an-

199 1814 214 1834 “
223 1809 285 1862 nos,”
295 1812 320 1851 ut
329 1812 384 1851 recte
391 1807 497 1864 judicavit
507 1808 617 1864 Philippus
628 1807 743 1851 Labbaeus.

187 1896 188 1900 ¹
228 1878 306 1932 Tertio,
315 1879 337 1921 N
337 1894 348 1922 e
358 1878 414 1935 ipsae
424 1878 511 1935 quidem
519 1878 610 1922 Graecae
618 1878 734 1922 Duodecim
744 1895 817 1935 parem
827 1883 898 1923 aucto-

197 1948 284 1992 ritatem
302 1948 340 1991 sibi
356 1947 478 2000 vindicant,
494 1951 516 1991 et
532 1951 589 1990 recte
604 1947 672 2004 posita
687 1948 773 1991 videtur
790 1948 898 1992 distinctio

197 2018 255 2062 inter
266 2018 352 2074 Septem
361 2016 474 2074 Epistolas,
485 2032 538 2073 quae
550 2021 601 2060 sunt
617 2018 643 2061 al>
656 2017 748 2060 Eusebio
764 2020 898 2071 memoratae,

197 2087 324 2144 reliquisque
341 2086 492 2143 antiquissimis
507 2087 605 2130 Patribus
621 2087 740 2143 frequenter
757 2086 861 2140 laudatae,
876 2092 898 2130 et

198 2157 298 2214 Quinque
310 2156 367 2209 alias,
378 2172 429 2213 quae
445 2172 489 2199 non
504 2156 545 2199 nisi
559 2160 608 2213 post
625 2156 704 2213 aliquot
720 2157 803 2199 saecula
816 2157 842 2200 ab
854 2158 898 2201 ullo

198 2227 279 2270 Graeco
294 2226 393 2282 scriptore
408 2225 493 2282 agnitae
508 2229 566 2279 sunt,
577 2230 639 2283 atque
654 2226 700 2269 ideo
712 2227 760 2283 jure
773 2226 808 2269 vel
822 2226 845 2268 in
859 2226 897 2270 du-

197 2296 258 2339 bium
275 2298 383 2347 vocantur,
399 2295 433 2337 vel
453 2294 519 2337 etiam
537 2295 599 2351 plane
619 2294 754 2352 rejiciuntur:
773 2294 836 2351 idque
855 2310 898 2338 non

196 2369 290 2417 tantum,
301 2364 350 2421 quia
359 2363 471 2407 verisimile
484 2379 528 2408 non
538 2368 577 2417 est,
587 2381 620 2409 eas
631 2364 754 2416 Eusebium,
765 2364 783 2406 si
793 2365 837 2421 ejus
847 2380 897 2408 aevo

196 2434 335 2487 exstitissent,
345 2434 409 2476 latere
422 2433 523 2489 potuisse,
534 2437 571 2476 aut
584 2435 610 2478 ab
624 2434 702 2487 eodem,
713 2434 731 2477 si
745 2433 787 2490 ipsi
801 2433 898 2490 cognitae

195 2507 273 2556 essent,
283 2502 391 2559 praeteriri
397 2519 403 2554 ς
419 2503 456 2545 sed
467 2502 538 2556 etiam,
549 2503 598 2560 quia
607 2504 640 2547 vel
653 2503 679 2546 ob
694 2503 782 2546 modum
791 2502 896 2559 loquendi,

195 2575 222 2617 ab
232 2572 357 2617 Eusebianis
371 2573 464 2615 multum
476 2572 616 2629 discrepantes
628 2576 736 2630 apparent,
747 2572 782 2615 vel
792 2572 819 2615 ob
829 2576 895 2616 mate·

194 2644 249 2688 riam
264 2643 377 2696 doctrinae,
392 2641 499 2685 institutis
513 2645 535 2685 et
550 2643 641 2686 moribus
656 2641 778 2699 posterioris
792 2641 896 2685 Ecclesiae

194 2714 263 2771 magis
274 2728 381 2765 consonae,
392 2716 414 2755 et
424 2711 545 2769 Ignatianis
555 2712 645 2756 Eusebio
654 2710 776 2756 memoratis
790 2711 834 2754 sola
847 2710 894 2754 imi-

194 2783 283 2835 tatione,
294 2797 357 2839 eaque
367 2781 431 2825 nimis
442 2781 548 2833 affectata,
559 2781 642 2825 similes.

225 2852 313 2904 Quarto,
322 2852 387 2894 Recte
400 2850 573 2894 animadversum
585 2855 616 2894 est
628 2868 641 2894 a
653 2849 821 2909 quamplurimis,
831 2849 895 2893 etiam

194 2921 241 2965 illas
256 2922 341 2977 Septem
357 2921 515 2978 antiquissimas
532 2923 553 2962 et
568 2921 657 2964 maxime
672 2921 775 2978 genuinas
789 2919 893 2976 Epistolas
