1958 3490
313 247 355 291 AD
370 248 566 302 CORINTHIOS,
576 247 620 292 viii.
788 247 814 290 41

115 377 144 409 ea
155 365 203 410 toto
219 358 294 410 oorole
307 349 418 413 eouoersi
428 361 536 430 fueritis
553 370 576 411 et
593 359 922 421 diaeritis‚'Pater,s0r.ni19.

113 446 234 504 tauquam
242 441 338 506 populo
349 450 433 492 sauoto
445 458 534 491 aurora
545 438 613 490 uobis
620 438 751 506 praebebo,
780 437 816 487 Et

113 516 140 565 in
162 516 210 567 alio
232 518 291 578 loeo,
311 520 345 570 sie
368 519 434 580 dicit,
457 517 602 577 Lanuuini,
625 515 716 567 ruuuoli
739 525 815 575 estote,
825 534 914 568 nentia

114 597 211 663 auferte
222 598 292 648 uoto
303 616 332 649 eu
344 598 477 649 animabus
492 596 579 648 uestris
595 595 627 646 ab
645 594 723 646 oeulis
739 594 815 653 rueis;
824 589 873 612 ‘²⁰'
967 590 968 594 ¹

114 675 231 746 quiescite
246 695 263 727 a
279 677 386 728 malitiis
402 676 496 737 uestris,
512 675 600 726 ebiseite
611 675 702 742 faeere
719 674 815 734 bouuur,

35 789 37 794 -
114 753 226 819 quaerite
244 754 381 822 judicium,
404 756 508 807 liberate
531 771 683 821 oppressam,
700 752 816 820 judicate

109 832 219 899 pupillo,
231 843 253 884 et
264 834 400 902 justifloate
416 833 536 885 oioluara:
556 842 577 883 et
594 831 679 892 uenite,
693 832 815 899 colloqua-

112 929 177 971 ntur,
190 911 252 963 obieit
264 914 405 966 Doueiuus:
424 913 485 964 etsi
495 912 597 980 fuerint
610 920 717 978 peoeata
733 920 815 962 uestra

113 991 186 1056 quasi
199 992 368 1058 pboeuioiuru,
379 993 444 1043 siout
461 992 543 1042 uiuere
558 990 684 1051 dealbabo,
697 1000 719 1041 et
735 991 758 1042 si
768 991 815 1058 su-

113 1069 178 1121 erint
197 1079 224 1120 ut
244 1071 377 1131 ooeoiuuui,
393 1072 457 1122 siout
477 1072 564 1122 tuuuu
581 1069 706 1121 dealbabo.
741 1071 775 1120 Et
791 1070 815 1120 si

111 1149 240 1201 uoliteritis
251 1159 272 1200 et
284 1150 421 1201 audieritis
432 1168 477 1209 rue,
490 1150 554 1200 boua
571 1158 654 1199 terrae
667 1148 798 1199 oouieoletis
805 1170 813 1207 ,-

111 1227 135 1278 si
146 1238 228 1279 auterre
239 1229 376 1289 nolueritis,
385 1247 462 1296 oeque
471 1227 652 1279 eaauolioeritis
660 1247 705 1288 oue,
711 1227 814 1294 pladius

112 1306 240 1358 devorabit
251 1325 309 1358 oos:
329 1326 355 1358 os
367 1307 433 1358 euiru
444 1306 553 1357 Douriui
564 1307 690 1374 loquuturi
702 1316 735 1357 est
746 1308 812 1358 liaeo.

111 1386 205 1436 Volens
232 1387 311 1455 igitur
333 1404 416 1437 omnes
441 1386 543 1437 dilectos
566 1404 623 1436 suos
646 1385 812 1453 poenitentiae

110 1466 242 1533 participes
259 1465 320 1526 fieri,
338 1466 506 1533 omnipotente
526 1483 571 1515 suu
590 1465 718 1516 voluntate
736 1465 811 1516 stabi-

110 1542 171 1593 livit.

110 1718 139 1752 est
148 1727 182 1753 eur
190 1713 237 1753 haee
248 1727 273 1753 ex
282 1713 403 1766 Apoeryphis
412 1727 445 1766 pe·
474 1714 532 1753 niodo
547 1713 616 1766 legisse
632 1713 687 1752 LXX
702 1713 750 1753 Intt.
766 1712 811 1752 lieet

68 1794 69 1797 =
110 1768 147 1807 tite
161 1768 219 1807 fuisse
233 1769 379 1818 existimemus;
400 1770 447 1808 Pro·
474 1767 728 1818 Althohenttubexbtpeo.
749 1767 810 1819 Chry-

109 1822 185 1874 phetiee
208 1836 285 1863 sensum
307 1823 385 1863 exhibet
404 1824 447 1863 Ole·
474 1827 570 1863 soetomus
584 1829 604 1863 et
613 1823 695 1862 aniliue
709 1822 811 1874 proculdu-

109 1891 163 1917 mene
178 1878 242 1918 verbis
260 1879 346 1928 mutetis,
361 1882 384 1918 ut
398 1879 448 1919 vidit
474 1878 507 1917 bio
516 1878 606 1930 legemnt
615 1879 745 1929 διελεγχθῶμειι.
764 1877 811 1917 Ter·

109 1932 204 1973 Potterue.
474 1932 571 1983 tullianus,
590 1934 611 1972 in
632 1932 683 1973 libro
705 1932 769 1984 primo
787 1933 812 1972 erl

138 2001 154 2027 1.
165 1989 287 2038 μελανὼτεραι]
303 1988 336 2028 Sic
345 1988 392 2028 eod.
403 1988 445 2028 MS.
475 1987 567 2037 Uxorem,
579 1986 598 2043 [§
608 1990 629 2039 8]
650 1988 714 2029 Vertite
728 1989 812 2039 dispute-

108 2042 166 2082 Heno
186 2043 269 2082 formum
290 2042 349 2083 habes
371 2044 447 2096 saepius
474 2048 565 2082 uuus-et
574 2044 595 2082 in
604 2043 653 2083 libro
666 2047 736 2095 quarto
745 2047 812 2083 eontra

109 2098 160 2149 apud
178 2097 239 2148 LXX,
258 2101 278 2137 et
296 2099 348 2151 apud
366 2098 445 2138 Strabo·
474 2098 598 2148 Marcionem,
612 2096 630 2153 [§
640 2100 674 2149 14]
690 2099 754 2138 Vertite
767 2112 812 2137 eou-

107 2166 158 2202 nem,
167 2153 261 2204 xvi§12.
473 2154 567 2193 oilieruur.
592 2153 649 2206 Legit
666 2153 773 2206 posteriore
790 2153 811 2192 in

136 2221 154 2257 3.
171 2210 193 2248 ὡς
205 2211 249 2246 λαοῦ
265 2209 329 2259 bylon]
344 2207 391 2248 [bod.
401 2208 445 2249 MS.
473 2208 747 2259 loeotaxtaxtaquOTT.
761 2208 810 2248 Ver-

108 2262 187 2303 exhibet
209 2270 313 2313 ΛΑΩΑΓΙΩ,
332 2277 390 2316 quem
408 2264 446 2303 lee·
474 2263 502 2303 sio
517 2264 601 2316 Vulgata
617 2263 695 2303 exhibet
714 2264 778 2303 Venite
794 2270 811 2303 et

107 2317 181 2358 tionem
199 2318 227 2358 ita
249 2318 383 2370 corrigendum
405 2333 445 2359 esse
472 2319 549 2369 orpuite
576 2333 611 2368 rue,
635 2319 683 2358 dioit
705 2319 808 2358 Doraiuus.

106 2372 198 2413 viderunt
214 2373 297 2414 editores
312 2387 384 2413 omnes.
413 2374 445 2414 Sic
473 2374 520 2414 Ood.
540 2373 597 2414 Alex.
617 2376 644 2412 καὶ
665 2376 713 2412 δεῦτε
736 2376 763 2412 καὶ
785 2376 809 2412 δι-

108 2427 168 2468 Olem.
178 2427 235 2469 Alex.
246 2442 322 2481 quoque
331 2429 378 2468 haee
387 2430 446 2469 verbu
472 2430 586 2480 ελεγχθῶμεν.
606 2428 653 2469 (lod.
664 2429 708 2469 Va.
719 2432 746 2467 καὶ
755 2431 808 2474 δεῦτε,

106 2483 172 2524 laudat
182 2484 264 2536 Puedug.
274 2484 281 2522 i
293 2497 323 2533 10,
335 2498 353 2536 p.
366 2493 403 2533 152
414 2484 443 2524 ed.
471 2485 589 2534 διελεχθῶμεν.

107 2538 179 2579 Potter.
505 2539 529 2578 ib.
554 2537 609 2593 λέγει]
647 2538 765 2578 Golomesius
788 2543 808 2578 et

135 2606 153 2643 9.
172 2591 348 2648 †[be]e)texbt›nso†]
373 2593 406 2633 Ita
425 2608 445 2634 se
472 2593 553 2645 Freyius
565 2595 585 2634 in
596 2598 688 2633 contextu
701 2593 775 2633 addunt
784 2607 808 2632 ex

106 2647 443 2696 habet(todexMStushooin10003
472 2649 527 2688 LXX
543 2653 553 2687 ὁ
569 2650 635 2699 Κύριος,
648 2662 695 2700 ques
711 2662 766 2688 voees
783 2649 807 2687 ad

105 2707 126 2742 u
136 2703 186 2743 Enni.
197 2704 204 2742 i
216 2707 246 2753 18,
256 2706 381 2754 διελεγθῶμενι
396 2705 443 2744 adeo
471 2718 525 2744 orum
540 2704 584 2743 libri
601 2703 692 2743 exhibent
706 2703 771 2743 Fellue
787 2708 808 2744 et

105 2762 128 2797 ut
136 2763 220 2811 utroque
233 2759 254 2798 in
266 2759 308 2798 loeo
317 2759 372 2799 facile
381 2760 443 2799 credi·
472 2759 588 2800 Gallnndiue.

105 2813 167 2853 derim
180 2815 284 2866 legendum
293 2827 333 2854 esse
343 2828 387 2854 eum
397 2815 440 2855 Vnt.
499 2828 529 2865 17.
544 2815 624 2863 ἐστήριξε
632 2829 647 2851 κ.
654 2814 704 2863 nu]
721 2813 807 2853 Effntum

105 2866 153 2907 nod.
171 2871 302 2920 beeteyxtuper,
322 2870 358 2921 [sie
376 2870 441 2923 legen·
469 2869 522 2919 illud,
537 2869 588 2908 Nolo
603 2875 684 2915 mortem
695 2869 806 2920 peeoutoris,

105 2922 157 2962 dum.
173 2924 258 2976 OLER]
285 2924 306 2963 in
324 2925 385 2965 altero
400 2926 443 2965 loeo
470 2925 502 2964 aa.
523 2925 576 2963 Deus
582 2924 693 2976 juramento
702 2924 805 2964 roboravit.
869 2946 872 2956 ι

105 2978 176 3018 omisso
193 2997 210 3030 γ,
230 2980 249 3019 in
268 2979 329 3020 altero
346 2997 364 3030 χ,
382 2985 401 3021 et
420 2995 442 3020 eo
471 2979 614 3020 HEFELIUS.

132 3058 177 3085 VOL.
188 3058 202 3085 1.
558 3058 571 3084 G
