2061 3403
87 874 170 918 Exemplo

87 919 109 952 D.
118 919 173 961 Puuli,

86 974 98 996 α
105 967 173 997 conten·

202 143 244 188 174
447 142 657 187 summensis

201 265 215 292 ‘⁶
227 260 311 333 ἐκείνιρ·
343 258 420 315 καλὸν
443 258 473 327 ἦν
494 262 558 333 αὐτῷ
579 264 599 314 εί
621 261 663 314 οὐκ
682 258 803 328 ἐγεννήθη,
825 256 848 326 ἢ
860 259 901 313 ἕνα

201 355 215 379 “
226 351 276 402 τῶν
293 347 409 402 ἐκλεκτῶν
424 371 471 415 μου
489 346 658 402 σκανδαλίσαι·
677 349 782 416 κρεῖττον
795 343 825 413 ἧν
837 347 901 418 αὐτῷ

201 436 374 503 “tepescebat
393 432 480 501 μόλον,
504 435 541 488 καὶ
567 434 783 500 καταποντισθῆναι
806 435 838 491 εἰς
856 429 901 499 τὴν

200 525 215 550 “
226 517 369 587 θάλασσαν,
389 518 404 587 ἢ
421 520 462 574 ἕνα
478 525 526 575 τῶν
542 523 633 590 μικρῶν
652 542 698 586 μου
714 518 900 573 σκανδαλίσαι.”

199 603 236 660 Τὸ
258 605 356 677 σχίσμα
374 607 440 674 ὑμῶν
456 604 565 664 πολλοὺς
583 604 730 677 διὲστρεψεν,
745 603 854 663 πολλοὺς
868 608 920 665 eles

198 691 300 758 ἀθυμίαν
312 690 409 758 ἔβαλεν,
423 691 533 751 πολλοὺς
545 696 577 750 εἷς
589 690 731 761 δισταγμόν,
743 689 798 750 τοὺς
809 690 900 750 πίνναν

198 777 261 845 ἡμᾶς
272 780 304 835 εἰς
316 776 404 845 λύπην·
423 780 462 832 καὶ
473 779 582 847 ἐπίμονος
594 780 660 845 ὑμῶν
671 778 737 833 ἐστὶν
748 778 763 844 ἡ
776 776 872 836 στοίσις.

237 860 304 918 NlZ'.
325 862 475 929 Ἀναλοίβετε
499 863 543 933 τὴν
562 862 694 932 ἐπιστολὴν
717 869 760 919 τοῦ
783 864 899 934 μακαρίον

200 950 303 1005 Παύλου
318 956 361 1004 τοῦ
372 949 537 1006 Ἀσοστόλοα
578 952 611 1006 Τί
627 956 722 1021 πρῶτον
734 951 824 1018 ὑμῖνέν
836 952 898 1023 ἀρχῇ

198 1106 273 1158 thymio
282 1108 370 1161 legimus,
377 1110 423 1149 Luc.
434 1109 536 1160 xvii‚‘Ex-
563 1110 648 1149 animum
663 1122 719 1149 suum
731 1108 795 1161 potuit
808 1107 898 1148 inducere

198 1162 268 1214 ‘pedit
285 1163 319 1214 illi,
337 1169 360 1205 ut
380 1165 432 1205 mola
454 1165 536 1204 asinaria
562 1165 593 1205 vel
608 1164 704 1216 suspicari,
717 1163 764 1204 lineo
778 1177 803 1203 ex
813 1162 897 1203 Alexan-

198 1216 303 1269 ‘ulligctur
331 1220 356 1259 od
384 1220 455 1260 collum
483 1219 536 1271 ejus'
563 1218 897 1271 drinooneseioquointerpolatore

198 1271 292 1324 Idemque
297 1275 378 1315 verbum
386 1274 408 1314 in
416 1274 453 1314 hoe
463 1274 536 1315 Christi
562 1278 640 1327 sumpte
648 1274 716 1323 fuisse3
728 1273 792 1313 omnio
801 1273 852 1312 enim
861 1273 897 1312 mi·

198 1326 291 1368 Sermone
307 1334 401 1382 usurpent
413 1343 453 1369 non
464 1329 535 1381 pouci3
562 1343 598 1369 nus
607 1334 652 1381 epte
661 1329 712 1381 apud
717 1327 772 1368 Alex.
781 1341 839 1381 quom
845 1328 897 1381 opud
933 1369 935 1373 Α

197 1386 220 1423 ut
230 1382 317 1436 Scriptor
325 1389 420 1425 tmotstus
432 1385 457 1423 de
469 1383 535 1424 (loeus
562 1384 672 1424 Romanum
677 1383 779 1424 cobserent
783 1397 790 1433 3
799 1383 851 1435 quod
858 1383 896 1423 eui-

198 1437 278 1477 Domini
297 1439 317 1478 in
336 1439 456 1492 Cyprianiois
470 1440 533 1491 operi·
561 1439 591 1479 vis
609 1438 709 1488 constabit,
724 1438 758 1491 qui
777 1438 897 1478 Clementem

197 1492 245 1542 bus3
265 1493 352 1534 Hilarius
371 1494 391 1534 in
408 1493 534 1542 Mattbseum,
562 1492 894 1534 eumOlemente-couferet.WOTT.

196 1547 276 1588 *Oenone
288 1551 318 1599 18,
328 1549 421 1589 Paulinus
431 1549 534 1601 Presbyter
561 1548 671 1589 Bernartius
689 1553 747 1600 atque
765 1547 851 1588 Clericus
869 1548 896 1587 al-

197 1602 217 1642 in
227 1603 274 1644 Vita
288 1603 307 1645 S.
318 1604 423 1654 Ambrosii,
432 1609 452 1645 et
463 1604 533 1644 Hiero·
560 1608 625 1644 terum
635 1603 680 1643 hinc
693 1616 729 1656 pro
742 1603 849 1655 suspicione
861 1616 896 1643 sus

198 1671 267 1710 nymus
281 1673 296 1698 ο.
310 1659 441 1708 Jovinisnum,
455 1658 462 1698 i
477 1659 487 1711 ψ
502 1672 533 1709 13,
560 1662 696 1712 argumentum
713 1658 840 1711 arripucrunt,
857 1672 896 1710 quo

198 1712 224 1751 ud
243 1713 312 1754 Ezeeh.
337 1728 390 1767 cspp.
411 1714 450 1764 xvi,
471 1713 534 1753 xxxiii
560 1713 896 1765 testarenturhanooeEpistolsmex

199 1768 265 1817 xxxiv,
280 1769 305 1808 sd
316 1769 374 1809 Mioh.
385 1769 412 1819 iii,
424 1774 444 1809 et
456 1770 481 1808 ad
492 1768 534 1808 Ms—
561 1769 660 1809 Clemente
675 1768 731 1808 Alex.
749 1768 773 1808 ab
787 1768 851 1820 aliquo
867 1768 896 1807 in-

199 1822 276 1863 lscbii
294 1823 469 1864 OOTELERIUS.
560 1824 675 1876 terpolstam
694 1836 738 1863 esse.
771 1823 896 1863 ‘Neminem'

227 1877 252 1916 ib.
263 1880 305 1916 οὐαὶ
311 1883 335 1931 τῷ
344 1877 434 1933 ἀνθρώπῳ]
445 1878 535 1919 Oitentur
562 1879 613 1918 euim
623 1878 686 1928 ‘fore’
695 1878 758 1930 inquit
764 1878 854 1927 Clericus,
862 1878 895 1930 qui

199 1931 246 1971 haec
260 1933 326 1972 eodem
340 1947 351 1972 s
365 1933 464 1973 Clemente
474 1933 534 1972 Alex·
563 1937 618 1974 ‘ase
629 1933 733 1985 impetrare
747 1932 813 1985 possit,
822 1937 845 1972 ut
856 1947 895 1972 ere-

199 1987 286 2037 sndrino,
294 1987 364 2028 Strom.
375 1988 397 2027 iii
409 1985 453 2042 [18]
465 2002 483 2040 p.
495 1989 532 2037 561
562 1989 615 2037 ‘det
624 1992 728 2039 utrumque
739 2000 784 2026 essu
797 1988 836 2027 duo
848 1987 895 2027 haec

199 2041 228 2081 ed.
239 2042 311 2082 Potter.
321 2056 368 2082 voce
382 2056 420 2082 una
430 2043 462 2083 vel
475 2042 535 2082 alters
562 2043 618 2082 ‘locs
640 2042 761 2094 conjunxisse
783 2046 803 2081 et
828 2043 895 2082 eodem

198 2097 268 2137 leviter
274 2097 378 2137 immutate
383 2110 388 2145 3
396 2097 477 2149 legimus
484 2097 536 2136 enim
564 2098 634 2137 ‘modo
641 2097 757 2146 immutasse,
764 2101 797 2136 sut
807 2096 894 2137 Clemen-

198 2152 250 2204 npud
267 2152 337 2204 ipsum,
352 2153 395 2191 οὐαὶ
412 2156 436 2204 τῷ
452 2153 534 2203 ἀνθρώπῳ
561 2155 615 2191 ‘tem
631 2150 687 2191 Alex.
704 2151 772 2191 citasse
790 2151 895 2204 Evangelio

198 2209 260 2260 ἐκείνῳ,
275 2210 330 2257 φησὶν
343 2210 353 2245 ὁ
367 2207 435 2257 Κύριον
449 2209 501 2245 καλὸν
514 2207 534 2254 ἢν
562 2209 600 2245 ‘ex
616 2206 714 2246 Clemente
730 2207 829 2246 Romano?
856 2208 895 2248 Sed

197 2264 249 2314 αὐτῷ,
267 2264 282 2301 εἰ
296 2264 327 2301 οὐκ
341 2261 488 2312 ἐγεννήθη,ἢὲνιι
501 2266 535 2299 τῶν
560 2260 596 2301 hoc
618 2261 703 2313 argutari
721 2266 764 2311 est,'
786 2261 894 2315 talibusque

197 2319 280 2356 ἐκλεκτῶν
288 2334 321 2367 μου
329 2318 448 2356 σκανδαλίσαι·
459 2319 534 2366 κρεῖττον
560 2315 668 2356 fictionibus
677 2329 716 2356 non
729 2330 777 2369 opus
786 2317 850 2359 habeb,
860 2318 893 2369 qul

196 2372 217 2420 ἦν
234 2375 279 2425 αὐτῷ
302 2374 409 2423 περιτεθῆναι
427 2372 487 2419 μὺλον,
507 2371 534 2408 καὶ
560 2371 619 2410 semel
633 2371 773 2421 animadvertit,
790 2376 838 2424 quot
851 2372 893 2412 loca

196 2429 349 2477 κατακοντισθῆναι
367 2428 391 2466 εἷς
408 2427 504 2472 θάλασσαν,
522 2425 533 2473 ἢ
560 2430 580 2465 et
593 2427 688 2478 quomodo
702 2426 790 2467 Clemens
802 2426 857 2467 Alex.
868 2441 893 2467 ex

196 2483 225 2521 ἕνα
238 2489 272 2521 τῶν
281 2485 364 2521 ἐκλεκτῶν
375 2498 408 2530 μου
422 2482 532 2530 διαστρέψω·
560 2480 647 2520 Romano
665 2486 764 2522 mutuatus
782 2481 812 2523 sit.
850 2482 892 2522 Nec

195 2540 216 2575 τὸ
230 2540 264 2588 γὰρ
279 2539 331 2586 ὄνομα
347 2541 378 2576 τοῦ
391 2540 436 2574 θεοῦ
449 2538 533 2585 βλασφη-
559 2536 893 2590 νειιόἰηιρΐοῦαλιὶλθθεῢ,(]ῑὶοᾶΡΓαθ-

195 2596 250 2641 ρεῖτιιι
268 2594 289 2631 δι’
307 2593 374 2632 αὐτούς.
403 2591 476 2631 Vocem
497 2592 533 2628 δια-
560 2590 893 2645 cipueurgetOoustoutiusvulguts

196 2649 273 2698 στρέψαι
297 2647 424 2699 proculdubio
447 2658 472 2684 ex
496 2644 533 2684 hoc
560 2645 606 2684 olim
615 2646 771 2699 fuissequeedsm
779 2648 892 2699 Evangelio-

195 2707 262 2742 nostro
271 2702 346 2754 petivit,
356 2702 408 2755 apud
417 2714 475 2753 quem
483 2699 531 2752 legi·
558 2713 603 2739 rum
616 2702 736 2755 exemplario,
746 2703 766 2741 in
780 2703 848 2755 quibus
862 2716 892 2742 eau

195 2770 238 2797 mus
251 2757 363 2797 immediate
375 2757 501 2808 subjunctum
508 2757 532 2792 Τὸ
559 2755 603 2794 dem
618 2756 651 2795 illu
665 2758 707 2797 locs
722 2758 823 2809 conjuncte
841 2758 891 2810 lege-

195 2814 264 2862 σχίσμα
277 2815 324 2862 ὑμῶν
335 2814 412 2852 πολλοὺς
422 2811 532 2861 διέπρεψεν,
559 2815 631 2860 rentur,
640 2812 734 2864 siquidem
747 2827 786 2852 non
799 2813 861 2852 solum
871 2813 892 2851 ln

195 2870 263 2906 κτλ.
292 2867 355 2906 Nemo
374 2872 439 2907 autem
455 2869 533 2918 praeter
559 2865 639 2905 <liversis
655 2867 734 2907 Petrum
749 2868 796 2907 locis
811 2882 823 2907 a
836 2867 892 2908 (lote-

195 2921 320 2974 Auonymum
345 2919 483 2975 [Bernurdum]
512 2920 532 2959 in
559 2920 607 2960 lerio
624 2922 686 2963 allatis
705 2923 771 2962 ecdem
791 2924 892 2975 conjuncta
