2017 3420
163 212 192 255 58
344 189 347 193 ’
396 210 495 254 INDEX·
510 210 681 280 νιιΙιΒοοιιΜ

162 330 272 381 Ἐρμηνεόειν.
300 329 342 367 Ἐδν
355 331 376 368 δέ
387 330 531 379 τιςἸουδαῖσμδν
556 330 689 381 Ἐτεραγνόμων.
705 331 923 381 τῆςγυναικδςέτερογνά.

191 384 270 435 ἔρμηνείιη
278 386 321 434 ὑμῖν.
332 383 376 436 Igu.
387 384 458 424 Philad.
470 386 487 423 6.
583 401 633 433 μονος
641 384 758 436 ῦπαρχοάσης.
769 384 827 424 olem.
840 384 852 424 I
865 397 894 425 11.

162 441 251 491 Ἐρυθράς.
286 441 309 479 είς
333 440 425 479 θάλασσαν
450 440 528 491 ε’ρυθράν.
556 441 675 491 Ἐτεραδοξεῖν,
699 440 924 490 τοῦςέτερυδοξοῦνταςιίς

191 494 312 545 Olem.151.
584 497 614 543 τὴν
630 497 684 545 χάριν
700 495 757 543 Ἰησοῦ
777 498 859 546 Χριστοῦ.
879 495 922 547 Ign.

158 551 262 601 Ἔρχεσθαι.
281 551 359 598 ἔλθωμεν
368 551 395 589 ἐπὶ
404 551 442 590 τοδς
451 551 529 601 ἔγγιστα.
585 550 661 602 Smyrn.
672 551 691 588 6.

192 604 303 656 Olem.I5.
334 604 367 645 ἕως
382 605 452 643 θανάτου
469 605 529 653 ἦλθον.
557 605 668 656 ΙΕτεροδοξία.
686 605 715 653 Μὴ
724 605 811 644 πλανᾶσθε
820 608 857 644 ταῖς
866 606 922 656 ἕτερο-

191 660 217 700 ib.
245 659 272 700 ε’πί
285 662 304 699 τὸ
315 661 370 710 τέρμα
382 663 412 708 τῆς
425 659 488 699 δυ’σεως
499 661 530 698 ε’λ-
584 661 650 708 δοξίαις,
661 660 706 712 Ign.
717 659 781 711 Magn⁴
792 661 809 699 8.

192 714 268 755 θὼνὶλι.
295 716 373 763 ἔλθωμεν
387 716 414 753 ε’πί
427 716 456 753 τόν
469 716 529 763 εὐκλεῆ
556 715 727 765 Ἐτεροδιδασκιιλεῖν
752 718 772 753 Ol
781 716 867 754 δοκοῦντες
876 715 922 763 ἀξιό-

195 801 211 810 ..
221 773 296 810 ,κανόνα
313 779 331 819 7.
358 770 430 820 ’Ἄνδρες
447 771 489 819 πρὸς
508 786 530 807 σε
584 786 641 809 πιστοι
653 768 738 811 thanna}
753 770 922 821 ἑτεροδιδασκαλοῦν-

192 826 249 873 ἦλθον.
268 838 296 864 12.
330 826 362 862 οὐκ
376 824 427 873 ἦλθεν
441 826 530 876 ε’νκόμπῳ
584 841 616 864 τες.
627 824 664 877 Ign
675 824 739 877 Polyc.
750 838 767 875 3.

192 881 292 927 ἀλαζονείας,
307 880 338 917 16.
368 882 384 918 οί
394 881 426 918 ὑπὸ
440 881 468 917 τδν
479 881 531 929 ζυγόν
556 879 674 930 Ἕτεροκλινής,
699 881 739 919 τοῦς
752 882 770 918 δὲ
783 881 923 930 ἔτεροκλινεῖςῦ-

192 939 222 984 τῆς
229 939 297 986 χιῖριτος
307 966 309 973 .
319 965 321 972 .
332 934 429 973 ,ε’λθάντες.
439 932 464 972 ih.
483 935 529 984 εὑρί-
584 936 684 985 πάρχοντας.
697 934 758 974 Oleln.
768 934 779 973 I
791 947 818 974 ιι.
850 936 875 974 είς
883 935 923 974 τοῦς

192 1006 263 1029 ακουσιν
281 990 331 1027 αὐτόν
341 1018 357 1027 ..
367 988 481 1037 ,ἐληλυθέναι
495 1001 506 1026 2
509 1001 528 1038 5.

583 991 693 1039 ἑτεροκλινεῖς
702 991 813 1039 ὑπάρχοντας.
823 998 855 1040 47.

190 1047 221 1094 τὴν
229 1043 317 1089 βασιλείαν
325 1047 357 1081 τοῦ
369 1047 412 1081 θεοῦ
421 1044 489 1091 μέλλειν
498 1045 528 1093 ἔρ·
553 1044 629 1094 Ἕτερος.
656 1045 690 1082 Καὶ
705 1045 724 1082 έν
739 1045 790 1096 ε’τέραρ
804 1046 852 1096 τόπερ
867 1045 921 1094 λέγει.

191 1101 258 1150 χεσθαι.
269 1111 299 1147 42.
320 1099 345 1138 εἰς
356 1097 441 1146 τοσαύτην
450 1098 529 1136 ἀπόνοιαν

191 1155 279 1205 ἐρχόμεθα.
295 1153 325 1201 46.
370 1154 436 1191 ἔσωσεν
453 1153 529 1192 πολλοὺς

190 1210 250 1249 ἐλθόν.
261 1208 284 1248 II
297 1220 313 1246 2.
349 1209 367 1245 ἐν
380 1211 401 1256 τῇ
415 1209 464 1257 σαρκὶ
477 1207 527 1246 ἐλεό-

191 1265 250 1304 σεσθε.
261 1276 278 1315 9.
304 1264 383 1311 ἔλθωμεν
393 1263 453 1302 πάντες
463 1264 487 1302 εἷς
497 1263 529 1310 τὴν

190 1320 285 1366 βασιλείαν.
294 1317 320 1357 ib.
337 1318 358 1354 ‘0
368 1318 398 1355 οόν
406 1318 428 1365 μὴ
437 1319 528 1367 ἐρχόμενος

190 1375 247 1414 έπίπδ
255 1375 303 1412 αῦτό.
309 1372 353 1425 Igu.
365 1371 413 1424 Eph⁴
425 1382 442 1421 5.
459 1374 482 1411 εἷς
490 1387 527 1410 και-

190 1432 251 1478 νότητα
265 1429 334 1467 ε’λπίδος
350 1427 409 1475 ἦλθον.
428 1426 491 1478 Magn,
508 1439 528 1477 9.
559 1436 560 1439 ’

191 1486 239 1523 κακαὶ
256 1484 334 1522 κολάσεις
352 1486 384 1520 ταῦ
403 1483 483 1527 διαβόλου
501 1482 528 1520 ἐπ’

191 1541 220 1588 έμὲ
229 1539 345 1590 ε’ρχέσθωσαν.
356 1536 411 1576 Rom.
423 1545 441 1585 5.
453 1538 530 1574 ἔλθωσιν

191 1596 219 1633 έπὶ
230 1594 260 1642 τὴν
271 1595 345 1640 ἑνότητα.
360 1591 433 1630 Ρίςίίυό.
446 1604 463 1641 3.
483 1590 529 1630 οίδεν

190 1651 224 1701 γδρ
237 1648 288 1687 πόθεν
298 1649 372 1697 ἔρχεται.
389 1655 406 1697 7,
434 1647 475 1696 πρδς
488 1647 529 1685 τοὺς

190 1706 229 1755 περὶ
248 1703 312 1753 Πέτρον
329 1702 388 1750 ἦλθεν.
413 1700 487 1753 Smyrn.
507 1714 527 1751 3.

189 1761 220 1808 τὴν
228 1760 277 1808 χάριν
313 1757 344 1805 τὴν
353 1757 377 1796 εἷς
386 1757 427 1805 ἡμᾶς
437 1757 528 1794 ε’λθοῦσαν.

136 1828 137 1831 ’
191 1815 209 1852 6.
230 1813 248 1853 δς
257 1814 322 1864 ἔρχεται
331 1811 395 1862 κριτής.
406 1810 469 1862 Polye.
477 1810 526 1849 Phil.

193 1882 209 1907 2.
238 1869 255 1905 ἐν
269 1869 318 1917 σαρκί
335 1867 441 1915 ἐληλυθέναι.
458 1875 475 1915 7.
503 1867 529 1905 εἷς

584 1098 642 1138 Glem.
652 1098 663 1137 I
673 1101 692 1148 8,
706 1099 739 1147 46.
761 1100 803 1137 ἐάτω
817 1100 848 1149 ὑφ’
864 1100 922 1150 ἑτέρου

584 1156 641 1192 ἑαυτὸν
654 1154 782 1204 μαρτυρεῖσθαι.
798 1154 830 1204 38.
865 1154 922 1204 ἕτερός

582 1210 629 1247 ἔστιν
637 1212 646 1246 ό
653 1210 766 1259 ἐπιχορηγῶν.
776 1208 801 1248 ib.
829 1209 884 1259 ἕτεροι
893 1209 921 1246 δε-

582 1264 700 1312 δοκιμασμένοι
713 1263 777 1314 άνδρες.
792 1275 823 1312 44.
857 1265 921 1312 μεταξὺ

583 1319 612 1369 ὑφ’
626 1318 688 1368 ἑτέρων
704 1319 799 1368 ἐλλογίμων
811 1319 881 1369 ἀνδρῶν.
895 1317 921 1358 ib.

582 1374 627 1413 ὅπως
650 1373 719 1423 ἑτέρους
741 1375 862 1424 λυτρόσονται.
888 1382 921 1423 55.

583 1428 649 1479 ἑτέρους
666 1429 763 1478 ε’ψόμισαν.
781 1427 806 1467 ib.
837 1429 888 1479 ἑτέρα
903 1429 921 1467 δὲ

583 1483 640 1534 γραφὴ
648 1484 703 1534 λέγει,
713 1482 737 1521 Π
747 1495 764 1522 2.
782 1483 842 1534 e‘re'pwv
850 1486 922 1522 πολλῶν

584 1539 639 1577 ε’θνῶν.
648 1537 707 1577 Mart.
718 1536 761 1589 Igu.
773 1550 791 1577 2.
813 1539 856 1588 μετὰ
865 1540 885 1576 τδ
894 1541 921 1576 καὶ

584 1593 649 1643 ἑτέρους
657 1593 759 1631 ἀναπείθειν.
769 1592 794 1632 ib.
808 1594 857 1631 οὐδὲν
863 1593 922 1644 ἕτερον

582 1647 704 1687 ποιῶνΜαΥδ.
716 1647 779 1699 Polyc.
790 1656 809 1697 5.
829 1649 853 1687 εἷς
863 1648 921 1699 ἕτερον

583 1703 662 1753 άγρίδιον.
671 1703 684 1741 6
687 1733 691 1741 .
720 1703 744 1740 ὧν
752 1704 772 1740 τό
781 1703 837 1753 ἔτερον
845 1706 920 1748 βασσνι·

583 1759 656 1806 ζόμενον.
665 1757 693 1797 ib.
722 1759 745 1797 είς
757 1758 812 1808 ἔτερον
821 1760 891 1807 χωρίον.
902 1766 920 1807 7.

582 1812 630 1862 ἔτερα
643 1812 711 1851 τούτοις
725 1813 813 1851 ἀκόλουθα.
831 1826 849 1863 9.
882 1815 921 1851 οὔτε

582 1867 639 1917 ἔτερόν
647 1883 684 1906 τινα
693 1868 783 1912 σέβεσθαι.
795 1875 824 1917 17.

190 1927 272 1965 τοσοῦτον
279 1924 395 1972 γενναιότητος
402 1922 461 1960 ἐλθεῖν.
469 1920 526 1960 Mart.
554 1922 660 1970 Ἑτοιμόζειν.
674 1924 696 1959 τὰ
706 1924 821 1971 ἕτοιμαζόμενα
831 1925 869 1962 τοῖς
878 1924 920 1962 ὑπο-

191 1977 256 2029 Polyc.
267 1989 283 2016 2.
290 1978 398 2026 προσφάτως
407 1976 496 2024 ἐληλυθώς.
508 1988 526 2023 4.

190 2035 276 2082 μετανοεῖν
284 2033 311 2069 ἐπὶ
319 2035 343 2083 τῷ
353 2031 456 2078 ἐληλυθέναι.
467 2038 483 2080 7.
498 2033 529 2078 τῆς

190 2090 235 2138 ὥρας
244 2086 326 2134 ἔλθοῦσης
334 2089 367 2124 τοῦ
376 2086 441 2131 ἐξιέναι.
452 2087 469 2124 8.

156 2144 221 2193 Ἔρως.
249 2144 259 2179 ὁ
268 2142 306 2190 ε’μδς
314 2141 357 2190 ἔρως
366 2139 474 2189 ἐσταύρωται.
481 2139 524 2191 Ign.

189 2197 245 2236 Rom.
253 2204 275 2247 7.

582 1976 663 2025 μένουσιν.
678 1976 739 2016 Olem.
751 1975 763 2014 I
773 1986 804 2026 35.
837 1978 920 2025 ἡτοιμασ-

582 2032 628 2079 μένοι
646 2033 669 2071 εἶς
686 2031 776 2081 οἰκοδομὴν
791 2035 839 2069 θεοῦ.
875 2032 919 2084 Igu.

583 2085 631 2137 Eph.
646 2099 663 2136 9.
701 2091 735 2124 τῶν
753 2087 814 2137 θηρίων
830 2091 865 2124 τῶν
883 2089 920 2136 ἐμοὶ

561 2151 565 2160 “
582 2141 713 2189 ἡτοιμασμένων.
730 2141 785 2180 Rom.
802 2150 827 2191 5:
843 2141 888 2180 “ore
902 2143 921 2180 δὲ

582 2196 592 2242 ἡ
606 2198 678 2245 πυρκαϊὰ
694 2196 794 2244 ἡτοιμάσθη.
808 2195 867 2236 Mart.
882 2197 920 2236 Po·
948 2221 950 2225 ν

582 2249 617 2301 lyc.
633 2262 662 2300 13.
690 2252 868 2303 ὁλυκόρπωμα...τῷ
882 2256 920 2304 θεῷ

159 2254 257 2304 Ἰόρωτᾶν.Ἰ
274 2252 351 2295 ἐπεβόων
370 2249 397 2286 καί
413 2247 481 2298 ἠρώτων
497 2250 528 2286 τὸν

582 2305 708 2353 ἡτοιμασμένον.
723 2317 751 2353 14.

188 2308 287 2357 Ἀσιάρχην.
297 2305 354 2344 Mart.
367 2303 430 2355 Polyc.
444 2315 471 2342 12.

156 2363 253 2412 Ἔσχιιτος.
263 2361 349 2410 ’Έσχατοι
362 2359 422 2409 καιροί·
430 2360 490 2396 λοιπὸν
498 2359 524 2395 αἱ·
554 2359 657 2408 Ἔτοιμασία.
683 2363 718 2397 τῶν
731 2362 828 2408 μελλόντων
844 2361 920 2409 άσκησίν

156 2415 158 2421 ⁴
189 2418 292 2467 σχυνθῶμεν.
300 2416 341 2468 Ign,
352 2413 402 2466 Eph.
413 2426 442 2451 11.
454 2415 527 2462 ἔσχατος
582 2430 600 2451 τε
606 2416 632 2451 καὶ
638 2415 741 2463 ἑτοιμασίαν.
747 2414 805 2454 Mart.
813 2415 877 2466 Polyc.
889 2418 919 2455 18.

188 2473 416 2510 δντῶνέκεῖπιστῶν.2ι.
445 2469 526 2517 ὢνέσχα-
552 2468 635 2517 Ἕταιρος.
660 2470 729 2518 ’ἕτοιμοι
739 2470 763 2509 εἷς
773 2473 807 2509 πᾶν
815 2471 865 2521 ἔργον
876 2472 918 2521 ἀγα-

188 2544 218 2567 τος
227 2527 297 2565 ἐκείνων.
308 2524 366 2564 Τυαίί,
380 2537 410 2574 13.
441 2524 525 2572 ὢνέσχα-
582 2524 616 2562 θόν.
636 2523 695 2563 Olem.
713 2524 725 2563 Ῑ
743 2537 759 2563 2.
797 2525 920 2575 θυσιαστήριον

188 2599 217 2621 τος
233 2582 325 2619 αὐτῶνκαὶ
339 2582 422 2629 ἔκτρομα.
437 2577 492 2617 Rom·
507 2590 524 2627 9.
582 2579 646 2627 ἕτοιμόν
654 2581 706 2618 ἐστιν.
716 2579 759 2631 Ign.
770 2579 825 2619 Rom.
837 2593 854 2619 2.
890 2583 918 2618 εὕ-

188 2639 262 2686 ἔσχατος
271 2637 323 2674 αὐτῶν
332 2635 361 2673 όν.
373 2634 449 2686 Smyrn.
463 2646 490 2671 11.
581 2649 632 2682 χομαι
655 2635 714 2683 ἕτοιμά
733 2651 762 2683 μοι
781 2636 873 2685 εῦρεθῆναι.
899 2644 917 2684 5.

155 2693 214 2730 Ἔσω.
233 2692 253 2729 τό
265 2692 298 2737 ἔξω
310 2692 332 2729 ὣς
343 2692 365 2727 τὸ
377 2691 418 2727 ἔσω.
431 2687 489 2727 Olem.
502 2686 525 2725 Π
582 2690 623 2727 θεὸς
646 2689 711 2737 ἕτοιμος
730 2692 753 2730 εἷς
777 2692 797 2728 τὸ
816 2693 918 2741 παρασχεῖν.

191 2760 214 2785 12
226 2745 267 2785 6ου.-
287 2746 336 2794 μέχρι
350 2749 386 2783 τῶν
399 2746 434 2782 ἔσω
448 2746 523 2794 φλεβῶν.
582 2741 698 2795 Smyl'n.11.
728 2745 753 2783 ότι
767 2744 831 2793 ἕτοιμοί
840 2746 882 2783 ἐστε
895 2746 919 2784 εἷς

188 2802 247 2841 Mam
257 2799 319 2851 Polyo.
331 2813 348 2838 2.
582 2797 654 2837 εὐποιίαν
662 2803 700 2852 θεῷ
709 2799 808 2848 ἀνήκουσαν.
817 2799 881 2851 Polyc.
893 2808 912 2849 7.

155 2858 242 2895 Ἕσωθεν.
270 2857 325 2892 Μόνον
333 2871 363 2903 μοι
372 2853 441 2902 δύναμιν
451 2853 525 2891 αἰτεῖσθε
549 2851 606 2892 Ἔτος,
626 2855 713 2905 μονογενὲς
723 2856 800 2904 ὑπάρχον
808 2857 827 2904 ζῇ
839 2856 868 2903 ἔτη
878 2871 918 2893 πεν-

187 2912 252 2949 ἔσωθέν
262 2926 281 2948 τε
291 2912 317 2948 καὶ
329 2910 398 2956 ἔξωθεν.
414 2909 454 2960 Ign.
468 2908 523 2947 Rom.
580 2910 653 2947 τακόαια,
668 2908 730 2949 Olem.
745 2909 756 2948 Ι
772 2918 802 2959 25,
836 2925 918 2949 wrm.

188 2980 206 3016 3.
230 2965 376 3014 πῦρ...ἕσωθε’ν
389 2980 417 3012 μοι
433 2964 487 3015 λέγον.
506 2974 523 3012 7.
580 2968 651 3002 σιοστοῦ
668 2966 718 3004 ἔτους
736 2965 873 3016 πεπληρωμένον.
892 2963 918 3003 ib.

158 3020 233 3070 Ἑταίρα.
247 3021 286 3069 πρὶν
294 3020 412 3070 διαφθαρῶσιν
421 3020 444 3057 είς
453 3019 522 3067 ἑταίρας.
580 3019 635 3057 ἔτεσιν
644 3020 708 3070 ὀλίγοις
715 3021 740 3057 ἔτι
749 3020 850 3069 παραμένων.
858 3019 917 3071 Mart.

187 3075 231 3127 Ign.
242 3074 350 3126 Fragm.vi.
580 3072 622 3125 Ign.
642 3087 656 3112 ι.
687 3075 751 3126 ε’ννάτιρ
769 3075 801 3113 ἔτει
819 3078 847 3123 τῆς
865 3076 918 3113 αὐτοῦ
