2017 3420
183 215 210 258 18

211 337 240 364 12.
262 326 313 374 ἐντῆ
328 326 421 369 ἀναστάσει
436 326 482 374 ὑμῶν
493 325 548 373 παθη-

208 381 243 430 τῆν.
259 379 323 433 Polyc.
336 389 354 431 7.
392 379 434 430 μῆτε
448 381 549 424 ἀνάστασιν,

208 436 251 485 μήτε
264 436 320 488 κρίσιν
333 434 381 475 εἶναι.
396 434 460 487 Polyc.
471 434 520 474 Phil.
531 443 548 485 7.

209 493 233 531 είς
243 491 337 531 ἀνάστασιν
347 493 388 540 ζωῆς
402 491 475 530 αἰωνίαν.
490 490 548 530 Mart.

168 586 169 589 ,
210 545 273 598 Polyc.
286 558 315 595 14.

346 232 351 238 ⁴
423 213 520 257 INDEX
536 212 707 258 VERBORUM

577 325 703 373 ΙΑνεκλολητάς.
731 325 752 362 τδ
763 325 802 373 φὸις
811 325 866 363 ἀὐτοῦ
875 324 945 363 ἀνεκλα-

604 382 660 429 λητάν.
676 378 779 432 Ign.Eph.
793 391 822 430 19.
864 408 865 412 ,

576 436 658 475 Ἀνεκτός.
687 435 702 472 εί
720 436 751 483 μὲν
765 435 813 473 αιίτοί
829 437 877 483 μόνοι
893 437 945 473 ταῦτα

604 492 699 541 ἔπρασσον,
715 490 783 528 ἀνεκτὸν
797 488 822 537 ῆν.
843 488 903 529 Olem.
921 488 945 527 II

607 558 636 585 10.

182 602 314 652 Ἀνασταοροῦν
344 603 377 639 Τδν
395 601 550 651 ἀνασταυρώσαντες
573 599 652 650 Ἀνεμος.
678 601 753 650 Ἀνέμων
767 599 844 648 σταθμοί.
860 598 944 638 elem]

210 658 240 706 τῆν
258 658 299 706 ἐμῆν
315 655 403 706 ἁμαρτίαν.
431 655 488 696 Mart.
506 655 549 708 Ign.

211 724 228 751 2.

182 766 336 817 Ἀναστρέφεσθαι.
361 767 414 805 ὁσίως
422 765 550 816 ἀναστρεφομέ-

210 837 248 860 νονς
255 822 273 860 ἐν
280 822 343 871 καθαρῆ
350 821 419 869 διανοίᾳ.
430 820 489 860 Olem.
498 820 510 859 I
517 832 548 858 21.

210 878 226 914 εἰ
241 877 264 924 μῆ
279 879 299 914 τὸ
314 877 367 915 ὁσίως
381 877 408 914 καὶ
424 876 491 914 δικαίως
509 875 549 913 ἀνα-

210 931 322 981 στρέφεσθαι.
337 929 361 969 ΙΙ
371 938 388 979 5.
417 933 434 968 οἱ
444 931 463 968 ἐν
471 932 550 969 παλαιοῖς

210 987 309 1036 πράγμασιν
333 985 476 1035 ἀναστραφέντες.
505 984 549 1036 Ign.

210 1039 275 1092 Magn.
286 1053 302 1090 9.

183 1096 297 1133 Ἀνατέλλειν.
320 1097 356 1133 τοῖς
365 1094 414 1133 οὖσιν
423 1094 450 1133 ἐπ’
459 1095 510 1143 αὐτὴν
519 1096 550 1141 ζά-

210 1166 235 1190 οις
243 1149 332 1198 ἀνατελλει
341 1152 412 1199 τρόφην.
427 1148 487 1188 Olem.
498 1149 509 1188 I
518 1161 548 1188 2ο.

210 1206 220 1254 ῆ
239 1206 272 1253 ζωὴ
290 1204 337 1252 ῆμῶν
352 1205 438 1242 ἀνέτειλεν
455 1204 476 1241 διΙ
491 1206 548 1244 αάτοῦ.

210 1260 253 1313 Igu.
264 1259 328 1311 Magn.
340 1271 358 1309 9.
386 1258 413 1297 ἵνα
428 1260 452 1298 εἷς
466 1260 517 1297 αὐτὸν
530 1260 549 1296 ά-

211 1315 287 1354 νατείλω.
302 1314 358 1353 Rom.
370 1326 387 1353 2.

183 1370 292 1409 Ἀνατιθέναι.
319 1370 350 1418 τῆν
364 1370 487 1408 κατὰπάντων
501 1369 550 1417 ἐξον.

212 1425 251 1464 σιάν
260 1424 358 1464 ἀνατιθέναι.
373 1423 431 1463 Mart.
441 1423 505 1475 Polyc.
518 1436 534 1462 2.

183 1480 270 1528 Ἀναπολῆ.
296 1479 349 1529 κῆρυξ
362 1482 450 1529 γενόμενος
464 1480 482 1516 ἐν
497 1496 516 1517 τε
530 1481 551 1527 τῇ

211 1537 284 1583 ἀνατολῇ
293 1536 320 1572 καλ
329 1536 373 1582 ἐντῆ
381 1534 435 1573 δύσει.
447 1532 549 1582 01811115.

211 1592 235 1629 εἰς
250 1589 300 1628 δίσιν
314 1590 348 1628 ἀπὸ
366 1589 449 1637 ἀνατολῆς
465 1605 551 1638 μεταπεμ-

211 1646 293 1697 ψάμενος.
308 1643 351 1696 Ign.
362 1643 417 1683 Rom.
430 1657 447 1683 2.

184 1699 297 1739 Ἀνατολικάς.
325 1702 390 1738 ἐντοῖς
403 1699 508 1739 ἀνατολικοίς
521 1701 549 1736 τό-

211 1771 254 1794 ποις.
270 1753 392 1802 Olem.125.

184 1809 272 1858 Ἀνατομῆ.
296 1809 383 1857 ἀνατομαί,
393 1809 490 1859 διαιρέσεις,
499 1824 550 1858 σκορ-

211 1866 273 1913 πισμοὶ
281 1864 350 1902 ἀστέων.
365 1863 408 1916 Igu.
418 1863 474 1902 Rom.
486 1873 504 1913 5.

185 1920 300 1968 Ἀνατρέφειν.
328 1920 346 1957 ἐκ
358 1922 387 1967 τῆς
396 1920 465 1966 ἰκμάδος
474 1949 478 1958 .
486 1950 491 1957 .
499 1948 503 1957 .
512 1919 551 1956 ἀνα-

212 1976 320 2025 τρεφόμενος.
336 1972 415 2013 (ίίθη1.Ῑ
427 1983 457 2022 25.

186 2029 320 2067 Ἀνατνλίσσειν.
348 2029 473 2077 άνατνλίξωμεν
486 2030 507 2066 τά
523 2028 551 2066 ἀπ’

213 2084 267 2134 ἀρχῆς
272 2085 357 2133 γενόμενα.
373 2081 433 2122 Olem⁴
444 2083 455 2121 Ι
465 2095 496 2132 31.

186 2139 292 2188 Ἀναφέρειν.
333 2138 363 2177 τάς
386 2140 485 2188 προσευχάς
506 2139 553 2186 ἡμῶν

213 2192 384 2242 ἀπλῶςάνοφέρειν.
412 2191 472 2231 Olera.
491 2192 514 2231 ΙΙ
534 2205 551 2231 2.

140 2290 142 2293 v
213 2251 244 2286 τοῦ
256 2248 299 2297 ὑπὲρ
312 2247 359 2295 ἡμῶν
369 2248 428 2285 εἀντδν
438 2248 553 2297 ἀνενεγκόντος
567 2296 568 2300 4

213 2306 256 2354 Θεῷ.
271 2302 313 2354 Ign.
325 2300 374 2353 Eph.
385 2315 401 2341 1.
430 2301 553 2352 ἀναφερόμενοι

213 2358 319 2407 εἶςτάὁψη.
336 2370 353 2408 9.
382 2357 420 2404 ῆδέ
429 2357 485 2406 ἀγάπη
494 2357 553 2404 ὁδὸςῆ

212 2413 323 2463 ἀναφέρουσα
332 2413 356 2452 είς
365 2413 413 2450 θεόν.
429 2410 454 2450 ἱί).

185 2469 293 2518 Ἀναχωρείν.
324 2468 386 2505 θᾶττον
400 2467 510 2516 ἀναχωρῆσαι
523 2469 553 2503 τοῦ

213 2525 283 2570 κόσμον,
299 2522 356 2562 Mart.
367 2521 410 2573 Ign.
422 2529 440 2570 5.

186 2577 295 2627 Ἀνοφὸχειν.
324 2579 351 2616 καὶ
366 2578 418 2615 αὐτόν
431 2579 441 2614 ὁ
453 2577 552 2626 Πατὴρ

213 2633 304 2682 ἀναφύξαι.
319 2632 362 2685 Ign.
375 2630 424 2685 Eph.
440 2644 457 2669 2.
486 2630 553 2680 ἀναψά-

213 2703 251 2737 χειν
259 2689 289 2726 τὸν
297 2687 395 2726 ἐπίσκοπον.
410 2685 468 2725 Trall.
482 2698 515 2725 12.

186 2743 274 2793 Ἀνδρείας.
308 2745 384 2793 γυναῖκες
392 2773 396 2782 .
430 2742 553 2780 ἐπετελέσαντο

213 2798 272 2836 πολλὰ
280 2796 351 2848 ἀνδρεῖα
368 2796 428 2836 Olem.
439 2796 450 2834 Ῑ
460 2805 492 2845 55.

187 2852 308 2902 Ἀνδρίζεσθαι.
338 2851 401 2902 Ἴσχυι
419 2852 451 2890 ’καὶ
468 2851 551 2901 ἀνδρίζον.

214 2906 272 2946 Mart.
283 2906 346 2959 Polyc.
358 2920 375 2957 9.

186 2962 315 3012 Ἀνεκδιῆγητος.
344 2963 425 3013 νερτέρων
443 2961 554 3012 ἀνεκδιῆγητα

215 3016 289 3066 κρίματα.
300 3016 360 3056 Olem.
371 3017 382 3056 I
393 3029 423 3055 2ο.
439 3019 459 3055 τὸ
468 3015 515 3066 ὁφος
523 3046 527 3055 .
536 3045 552 3055 ,.

214 3071 390 3122 ἀνεκδιῆγητόνέστιν.
406 3084 436 3120 49.

606 669 636 695 2ο.
666 657 688 696 ὧς
700 658 800 707 κυβερνῆται
809 655 884 703 ἀνέμους.
900 654 943 706 lgm:

605 710 669 762 Polyc.
679 724 695 749 2.
710 712 773 761 οὖρίοις
779 710 846 759 ἀνέμοις
854 724 944 760 προσχρη-

605 768 679 815 σάμενον.
696 765 753 805 Mart.
764 765 807 818 Igu.
818 774 836 814 5.

577 821 718 870 Ἀνεμποδίστως.
746 823 776 859 τὸν
785 822 847 870 κλῆρόν
855 834 888 868 μου
895 819 945 867 ἀνεμ-

604 876 690 915 ποδίστως
699 876 798 921 ἀπολαβεῖν.
810 875 852 927 Ign.
860 873 916 913 Rom.
927 885 943 911 1.

577 930 668 979 Ἀνενδεῆς.
687 930 762 970 ἀνενδεές
774 930 847 979 ποιῆσας
855 931 876 968 τδ
887 930 945 979 φθαρ-

604 987 634 1023 τὸν
643 989 698 1034 σῶμα.
713 985 756 1037 Ign.
767 985 844 1036 Fragm.
854 983 894 1023 viii.

577 1040 718 1089 Ἀνεξιχνίαστος.
746 1039 840 1085 Ἀβὸσσων
848 1056 867 1078 τε
878 1040 945 1088 ἀνεξιχ-

605 1096 671 1133 νίαστα.
687 1093 746 1134 Olem.
757 1094 769 1133 I
780 1107 810 1134 σο.

577 1150 701 1197 Ἀνεπίληπτας
722 1150 836 1198 ἀνεπίληπτον
845 1150 942 1197 μελετᾶν...

604 1206 650 1251 βίον.
665 1204 708 1257 Igu.
722 1204 799 1256 Fragm.
812 1203 844 1243 vii.
873 1204 903 1252 τὴν
916 1203 945 1241 ἀπ’

604 1260 659 1310 ἀρχῆς
665 1260 779 1308 ἀνεπίληπτον
785 1260 876 1299 πολιτείαν.
885 1258 943 1297 Mart.

605 1313 708 1366 Polyc.17.

577 1369 718 1417 Ἀνεπιτῆδεντος.
749 1371 801 1418 μηδὲν
818 1368 946 1416 ἀνεπιτῆδεντον

605 1426 655 1474 ἐχειν.
669 1424 712 1477 Ign.
723 1424 800 1476 Fragm.
811 1423 842 1463 m'i.

577 1479 694 1529 Ἀνέρχεσθαι.
722 1479 831 1528 ’Διέλθωμεν
839 1481 863 1518 εἰς
875 1480 905 1527 τάς
916 1485 944 1528 yf-

606 1537 643 1573 νεάς
652 1537 714 1581 πάσας.
730 1533 839 1584 01211117.

578 1590 677 1640 Ἀνερωτᾶν.
705 1590 827 1640 προσαχθέντα
842 1589 893 1627 αὑτὸν
906 1589 945 1634 ἀνη-

605 1647 652 1694 ρῶτα
674 1648 684 1682 ὁ
706 1643 806 1683 ἀνθὸπατος.
829 1643 887 1683 Mart.
908 1642 945 1681 Po-

605 1699 641 1751 Ιγο.
652 1712 670 1749 9.

578 1755 659 1804 Ἀνέχειν.
705 1754 762 1804 ἀγάπη
784 1754 839 1792 πάντα
861 1753 944 1803 ἀνέχεται.

607 1808 666 1848 Olem.
684 1808 695 1847 I
710 1821 741 1858 49.
769 1811 837 1847 πάντων
851 1809 913 1858 ἀνέχον
928 1810 946 1845 ἐν

606 1866 667 1915 ἀγάπη.
682 1864 725 1915 Igu.
736 1862 800 1914 Polye.
813 1876 829 1902 1.

578 1919 657 1967 Ἀνῆκειν,
681 1920 702 1957 τά
711 1919 821 1967 ἀνῆκοντατῆ
831 1919 894 1969 ἀμώμῳ
904 1922 946 1964 βον-

605 1974 656 2022 λῆσει
670 1975 727 2012 αι’ντοῦ.
745 1972 805 2012 Olem.
820 1972 831 2011 I
846 1982 877 2023 35.
906 1975 946 2023 περί

605 2030 628 2078 μὴ
646 2030 738 2077 ἀνηκόντων
755 2029 780 2067 εἷς
798 2027 888 2079 σωτηρίαν.
913 2037 944 2076 45.

606 2085 636 2132 τῆν
645 2084 727 2122 διακονίαν
735 2083 765 2130 τῆν
774 2084 798 2122 είς
811 2085 831 2121 τδ
845 2086 899 2122 καινὸν
907 2083 947 2131 ἀνῆ-

607 2154 674 2177 κονσαν.
686 2137 728 2189 Ign.
739 2136 812 2176 Philad.
825 2150 841 2176 1.
864 2143 899 2176 τῶν
907 2139 946 2186 ἀνη-

607 2195 669 2230 κόντων
677 2194 701 2231 είς
714 2194 745 2240 τῆν
758 2193 853 2240 ἐκκλησίαν.
869 2192 945 2246 Smyrn.

608 2249 625 2286 8.
654 2244 730 2286 εὐποιίαν
743 2250 781 2298 θεῷ
794 2247 893 2295 ἀνήκουσαν.
908 2248 945 2287 Ρο-

607 2302 642 2354 lyc.
654 2310 671 2352 7.
699 2305 758 2340 πᾶσαν
773 2303 861 2352 οἰκοδομὴν
876 2304 907 2352 τῆν
922 2304 947 2343 είς

607 2359 637 2395 τδν
651 2357 737 2407 Κύριον..
747 2387 751 2396 .
760 2356 859 2405 ἀνήκουσαν.
881 2358 945 2410 Polye.

608 2411 655 2451 Phil.
666 2425 695 2462 13.

580 2465 636 2517 Ἀνὴρ.
665 2467 772 2517 στεργοὸσας
786 2468 890 2516 καθηκόντως
898 2504 900 2506 .
907 2469 947 2508 τοὺς

607 2523 668 2572 ἀνδρας
683 2524 751 2560 ἐαντῶν.
766 2520 826 2562 (ίίθΠι.
837 2523 848 2561 Ι
860 2535 876 2562 1.
904 2523 947 2561 Τοί-

607 2593 643 2617 τοις
658 2581 693 2617 τοῖς
708 2578 789 2628 ἀνδράσιν
803 2580 857 2618 ὁσίως
868 2581 947 2617 πολιτευ-

608 2632 690 2680 σαμένοις.
701 2633 718 2670 6.
743 2634 797 2680 Ζῆλος
805 2633 947 2683 ἀπηλλοτρίωσεν

607 2689 681 2737 γαμετὰς
689 2688 759 2737 ἀνδρῶν,
775 2687 800 2726 ib.
828 2688 888 2738 ἀνδρες
896 2690 947 2727 ἀδελ-

608 2745 644 2792 φοί.
660 2742 719 2781 Olem.
730 2742 741 2781 I
753 2755 783 2791 14,
793 2750 825 2792 37,
835 2756 867 2794 43.
887 2744 947 2794 ἄνδρες

608 2798 695 2847 ἀγαπητοί.
709 2798 738 2836 16.
766 2799 797 2837 τὰς
803 2798 892 2844 ἑξακοσίας
900 2801 947 2848 χιλι-

608 2853 648 2891 άδας
657 2857 690 2891 τῶν
698 2853 768 2903 ἀνδρῶν.
780 2865 811 2902 43.
835 2853 890 2903 ἕτεροι
899 2855 946 2892 δεδω

608 2909 707 2956 κιμασμένοι
715 2908 778 2956 ἀνδρες.
790 2920 821 2956 44.
846 2909 876 2957 ὑφ’
886 2910 948 2959 ἐτέρων

608 2963 703 3013 ἐλλογίμων
712 2963 780 3013 ἀνδρῶν.
793 2962 819 3001 ib.
847 2964 947 3011 ἀποβεβλη-

608 3018 667 3063 μένοος
676 3019 709 3056 ἀπδ
718 3019 772 3056 ὁσίων
780 3018 848 3067 ἀνδρῶν.
870 3027 901 3067 45.
917 3019 946 3056 ἀν-

608 3073 635 3122 δρὶ
644 3073 778 3124 δεδοκιμασμένῳ
787 3072 827 3122 παρ’
836 3075 897 3113 αὐτοῖς.
914 3082 944 3123 47.
