2061 3403
250 167 291 209 148
493 166 515 208 S.
531 164 703 209 anMuNrrs

191 306 193 310 ’
247 281 302 336 ’ίδιαι
323 283 466 353 λειτουργίαι
486 283 607 352 δεδομέναι
625 286 692 350 εἰσίν,
713 284 751 337 καὶ
773 288 821 340 τοῖς
845 285 945 353 ἱερεῦσιν

247 368 332 427 ’ίδιοςό
349 368 423 427 τόπος
440 370 624 441 προστέτακται,
638 372 676 424 καὶ
695 368 802 427 Λευίταις
820 368 875 423 ἴδιαι
893 372 943 423 δια-

247 455 321 509 κονίαι
346 456 477 511 ἐπίκεινται·
507 460 520 512 ὁ
541 456 623 514 λαἰκδς
642 456 767 527 ἅνθρωπος
786 461 835 514 τοῖς
854 461 945 513 λαῖκοῖς

246 540 435 612 προστάγμασιν
454 543 550 597 δέδεται.

135 634 233 711 γῐξζξξῗγὲῃ
284 625 353 683 MA'.
370 626 495 687 Ἕκαστος
515 632 586 698 ὑμῶν,
606 630 712 703 ἀδελφοί,
732 630 757 683 ἐν
776 631 810 702 τῷ
829 629 880 701 ἰδίῳ
900 626 965 691 τοί-5

135 733 176 756 1111111
183 723 222 757 n'au.
246 736 320 782 γματι
331 715 499 786 εὐχαριστείτω
513 719 574 789 Θεῷ,
587 718 612 770 ἐν
626 717 704 787 ἀγαθῇ
722 713 856 783 συνειδήσει
868 712 942 784 ὑποίρ-

245 824 305 872 χων,
319 799 353 868 μὴ
365 804 530 872 παρεκβαίνων
542 802 584 856 τὸν
597 801 727 873 ὡρισμένον
739 804 781 868 τῆς
797 801 944 870 λειτουργίας

246 888 319 942 αὐτοῦ
332 886 427 954 κανόνα,
439 890 465 942 ἐν
477 888 610 956 σεμνότητι.
643 889 681 941 Οὐ
693 892 824 958 πανταχοῦ,
836 887 944 958 ἀδελφοί,

246 1046 336 1086 Pontifex
345 1060 384 1086 non
394 1046 499 1098 Episcopus
509 1051 543 1096 est,
549 1047 582 1086 sed
609 1046 661 1098 quod
670 1046 704 1084 κατ’
711 1045 773 1095 ἐξοχὴν
779 1046 843 1084 Deum
851 1044 944 1085 haberent

246 1101 339 1141 Christus.
368 1101 396 1141 Of.
408 1102 430 1153 ἕξ
441 1103 472 1152 36,
483 1104 514 1151 58.
529 1102 582 1140 LIP-
609 1101 663 1153 quasi
672 1104 734 1151 κλῆρον
741 1114 747 1150 3
761 1105 780 1140 et
789 1103 864 1150 κληρικοί
875 1105 943 1150 essent,

246 1156 312 1196 SIUS.
574 1167 575 1170 ’
608 1156 645 1196 hoc
663 1161 697 1205 est,
715 1156 772 1195 sortis
794 1155 846 1194 illius
868 1155 944 1195 divinae

274 1224 290 1250 α.
306 1211 348 1250 ἴδιος
362 1214 371 1248 ὁ
387 1208 447 1264 τόπος]
467 1211 511 1250 Ηοο
526 1225 582 1250 voca·
608 1211 715 1263 participes.
733 1211 764 1249 Ad
773 1224 839 1250 vocem
848 1224 893 1250 vero
902 1213 944 1250 λαός

244 1265 290 1305 bulo
320 1265 403 1305 officium
427 1265 582 1305 Ecclesiasticum
609 1266 660 1317 quod
678 1266 756 1315 adtinet¹
772 1279 832 1318 quum
849 1265 905 1305 Levis
923 1270 944 1305 et

244 1321 284 1361 sive
300 1320 388 1360 ordinem
404 1320 458 1361 Sacri
473 1320 581 1365 ministerii,
608 1320 703 1359 Aharonis
717 1321 819 1373 posteritas
833 1320 944 1360 eonomine

245 1389 301 1428 saepe
316 1376 409 1415 denotant
424 1376 491 1415 Patres
506 1374 580 1415 Graeci.
608 1389 647 1414 non
656 1376 719 1414 minus
731 1376 874 1415 continerentur
885 1389 943 1428 quam

245 1430 277 1470 Sic
293 1431 379 1483 positum
392 1430 450 1469 hahes
464 1430 514 1469 infra
526 1431 536 1482 ξ
547 1444 580 1479 44.
607 1430 640 1469 alii
650 1430 753 1480 Israelitae,
762 1435 848 1470 attamen
856 1430 943 1482 frequen-

245 1485 277 1526 Sic
286 1486 337 1538 apud
346 1485 445 1538 Ignatium
454 1498 535 1537 quoque,
543 1485 579 1537 Ep.
607 1489 642 1534 ter,
650 1485 943 1537 ubiagitur-desaeris,populus
997 1516 1001 1525 ,

244 1541 269 1579 ad
283 1541 381 1593 Polycarp.
399 1540 408 1591 ξ
427 1554 443 1589 1,
459 1540 484 1579 ad
504 1539 579 1592 Smyrn.
607 1540 941 1593 dicunturreliquaetribusIsraelis.

245 1597 283 1647 §6.
313 1595 366 1635 Oonf.
383 1595 481 1647 Polycarp.
498 1595 523 1634 ad
536 1595 580 1634 Phi·
608 1595 660 1634 Hinc
676 1596 687 1633 Ι
704 1595 755 1635 Sam.
770 1595 805 1634 xxi
822 1604 839 1644 5,
856 1591 880 1637 bu
899 1590 942 1644 nub,

244 1650 290 1703 lipp.
303 1651 313 1701 ξ
326 1664 355 1690 11.
607 1650 662 1702 panis
675 1650 771 1702 profanus,
784 1650 821 1689 hoc
834 1655 869 1693 est.
884 1664 943 1702 panes

272 1719 290 1755 3.
314 1708 371 1745 λοϊκός
393 1703 489 1759 ἅνθρωπος]
516 1705 580 1754 Quum
607 1718 655 1757 quos
670 1705 730 1745 cuivis
745 1708 763 1743 ἐκ
777 1710 807 1744 τοῦ
823 1709 866 1743 λαοῦ
881 1719 942 1745 come-

244 1765 285 1799 tam
299 1774 359 1812 pauca
374 1760 413 1800 sint
429 1760 581 1799 Hellenistarum
607 1761 652 1799 dere
661 1760 721 1810 licuit,
727 1760 774 1800 dicti
783 1764 828 1800 sunt
837 1761 861 1799 ab
866 1759 942 1812 Aquila,

245 1815 363 1854 Judaeorum
371 1815 442 1867 scripta
452 1829 500 1866 quae
509 1816 534 1853 ad
545 1829 580 1854 nos
608 1815 728 1867 Symmacho,
738 1820 758 1855 et
767 1815 903 1864 Theodotione,
912 1817 942 1866 ἅρ-

245 1875 378 1921 pervenerunt,
396 1870 468 1908 mirum
486 1884 525 1908 non
544 1874 579 1919 est,
607 1887 633 1908 τοι
651 1872 711 1909 λαϊκοί.
747 1870 840 1910 Similiter
859 1870 942 1921 spatium

245 1925 287 1964 loca
300 1925 381 1976 proferri
396 1939 435 1963 non
445 1938 506 1976 posse,
516 1939 527 1963 e
539 1925 580 1976 qui·
608 1925 659 1976 quod
675 1925 743 1964 Erech.
759 1925 814 1965 xlviii
830 1934 859 1974 15,
874 1922 898 1968 tri
913 1925 942 1964 di.

245 1980 281 2019 bus
296 1980 368 2031 liqueat
385 1979 496 2019 Sacerdotes
512 1984 532 2019 et
544 1980 580 2018 Le·
607 1980 663 2029 citur,
673 1984 692 2019 et
706 1981 730 2019 ab
741 1979 812 2032 Aquila
823 1994 900 2019 versum
914 1984 943 2020 est

245 2034 295 2073 vitas
307 2034 368 2073 dictos
381 2037 442 2084 κλῆρον
451 2038 470 2072 et
479 2035 567 2083 κληρικοίς
576 2049 579 2072 z
607 2036 689 2082 βέβηλον,
697 2034 822 2086 Symmachus
831 2039 850 2074 et
857 2035 943 2075 Τδουδο-

245 2093 350 2141 potuerunt
359 2093 424 2128 tamen
437 2088 461 2127 iis
472 2089 581 2128 nominibus
607 2089 649 2127 tion
658 2092 717 2127 λαῖκόν
725 2090 869 2129 transtulerunt.
890 2089 942 2129 Hinc

245 2144 317 2196 duplici
324 2144 348 2182 de
354 2157 410 2182 causa
417 2143 514 2194 adpellari.
526 2143 581 2182 Prior
608 2148 627 2182 et
643 2142 719 2195 Aquila,
736 2157 830 2183 novorum
842 2145 943 2184 vocabulo-

245 2199 323 2251 quidem
337 2202 372 2246 est,
382 2198 439 2250 quod,
452 2197 538 2249 quamvis
551 2202 581 2236 to·
608 2211 652 2236 rum
666 2198 759 2244 inventor,
774 2212 830 2251 saepe
843 2213 888 2238 usus
902 2205 943 2240 crat

244 2258 276 2294 tus
294 2254 377 2306 populus
396 2252 497 2291 Hebraeus
519 2252 582 2292 dictus
608 2253 666 2292 verbo
682 2256 750 2303 λαϊκόω,
763 2268 798 2306 pro
812 2268 834 2293 eo
848 2255 900 2306 quod
914 2260 943 2294 est

243 2309 302 2349 fuerit
317 2313 379 2359 κλῆρος
391 2312 422 2346 τοῦ
435 2311 484 2356 θεοῦ,
497 2310 582 2346 attamen
605 2308 696 2358 pac-‹pffuao
711 2308 760 2353 Vide
767 2310 883 2361 Fragmenta
888 2310 940 2350 Vett.

243 2364 336 2417 singulari
348 2363 423 2402 ratione
436 2361 548 2402 Sacerdotes
562 2366 582 2401 et
609 2362 656 2402 lntt.
674 2363 731 2403 Dent.
748 2378 776 2403 xx
792 2366 810 2414 6,
829 2365 891 2404 xxviii
910 2379 942 2415 30,

244 2420 323 2459 Levitae
329 2418 429 2471 potuerint
436 2417 495 2462 etiarn
502 2416 530 2456 sic
538 2416 581 2465 dici,
609 2417 676 2457 Erech.
686 2418 713 2457 vii
727 2432 757 2458 21.
785 2419 838 2458 Hinc
852 2419 942 2459 credibile

244 2488 304 2526 quum
313 2488 345 2513 eos
358 2473 394 2513 sibi
408 2472 519 2512 secrevisset
528 2472 582 2523 quasi
609 2477 642 2521 est,
651 2486 718 2512 vocem
726 2477 784 2514 λαϊκός
790 2474 882 2514 usitatam
891 2475 942 2526 apud

198 2565 200 2567 .
243 2530 359 2581 peculiarem
367 2542 422 2569 suam
431 2532 517 2576 s01aem3
530 2527 582 2578 quod
609 2526 725 2568 Hellenistas
734 2529 747 2567 J
748 2530 824 2578 udaeos,
834 2534 857 2569 ut
870 2530 942 2582 signifi-

244 2584 280 2624 soli
296 2584 356 2623 cultui
371 2581 449 2636 publico
464 2582 502 2621 Dei
517 2595 582 2621 conse·
608 2584 764 2623 careturatribu
771 2585 833 2632 Levis,
841 2589 875 2624 aut
884 2585 943 2624 etiam

244 2639 292 2678 erati
301 2643 364 2679 essent
374 2643 393 2678 et
402 2642 498 2678 vacarent.
513 2637 581 2676 Altera
608 2638 695 2689 prosapia
700 2637 796 2679 Aharouis
803 2640 879 2679 alienus.
895 2640 942 2689 Qui-

244 2708 295 2742 vero‚
304 2695 355 2745 quod
362 2694 415 2733 Deus
424 2707 491 2733 eorum
497 2691 581 2732 vicissim
608 2692 643 2731 bus
650 2693 751 2734 verisimile
760 2695 788 2744 fit,
793 2695 852 2746 jama
861 2695 942 2747 primae-

244 2749 302 2788 fuerit
312 2752 377 2799 κλῆρος,
385 2753 407 2789 ut
416 2749 477 2800 liquet
487 2761 512 2787 ex
517 2746 581 2787 verbis
607 2747 636 2786 vis
650 2748 774 2800 scriptoribus
783 2749 942 2799 Christianorum,

244 2804 309 2852 Mesia,
320 2804 378 2843 Num.
388 2804 436 2844 xviii
447 2817 477 2842 πο,
503 2803 546 2852 Qua
557 2802 581 2841 de
608 2802 641 2853 qui
655 2802 772 2843 ludaeorum
790 2805 942 2844 Hellenistarum

243 2873 304 2908 causa,
319 2863 423 2911 potuerunt
439 2858 511 2911 posteri
527 2857 579 2896 Aha·
608 2870 714 2897 sermonem
726 2860 798 2899 imitati
811 2865 862 2907 sunt,
874 2874 941 2900 vocem

243 2914 295 2953 ronis
309 2917 370 2964 κλῆρος
382 2918 401 2953 et
414 2914 491 2964 κληρικοί
503 2913 546 2962 dici,
558 2926 580 2951 eo
608 2915 664 2952 δαϊκός
673 2914 778 2954 adhibitam
787 2928 827 2967 esse
835 2916 860 2954 cd
869 2914 940 2967 signifi-
