1931 3420
337 259 541 302 FRAGMENTA·
741 261 786 307 2267

87 377 200 429 nitionum,
214 391 258 433 oap.
275 389 308 431 24,
319 392 340 433 p.
357 386 406 434 347.
427 378 456 434 [p.
469 377 511 434 498
526 377 599 420 tomi
614 377 688 421 Clerioi
703 378 735 421 ed.
752 394 784 421 se-

87 445 183 503 cundae]
215 445 265 488 Non
279 445 345 489 ausim
360 460 451 489 asserere
466 461 492 489 ex
503 445 575 489 eodem
588 461 647 503 opero
662 449 784 503 excerptum

86 528 113 558 ex
127 530 168 571 quo
184 513 273 557 Basilius
288 514 381 572 superius
396 515 541 572 fragmentum
556 514 670 572 exscripsit.
699 515 784 572 Nempe

86 583 152 642 quum
164 583 237 627 Basilii
252 584 344 638 oonsilio,
357 600 401 629 non
416 579 474 629 seous
489 588 552 643 atque
563 585 692 642 praeoedens,
707 601 784 642 oppor-

64 664 75 705 5
83 657 163 697 tunum
172 653 368 711 accommodumque
378 658 441 708 esset,
451 654 557 711 probabile
567 658 599 698 est
606 654 708 697 Basilium
715 670 784 712 neque

85 723 138 767 illud
147 722 272 766 omissurum
281 723 351 776 fuisse,
361 723 379 767 si
392 723 472 777 ibidem
482 723 601 767 exstitisset.
617 724 782 768 COUSTANT.

228 1017 274 1067 rx.
317 989 319 993 ’
590 991 635 1068 rx.

125 1111 179 1166 Ἵνα
213 1115 251 1167 καὶ
285 1112 414 1182 γενώμεθα,
479 1113 518 1164 Ut
535 1113 669 1164 existamus
681 1132 727 1182 per
738 1134 781 1165 vo-

82 1206 242 1274 βουληθέντος
266 1208 346 1274 αὐτοῦ,
373 1210 416 1263 οὐκ
444 1195 566 1247 luntatem
585 1196 637 1264 ejus
656 1198 700 1265 qui
717 1198 780 1248 nulii

445 1299 540 1332 eramus
561 1288 619 1332 ente
641 1301 715 1350 quem
737 1284 798 1336 ille,

48 1299 147 1356 1or'r'rser
167 1301 224 1369 πρὶν
241 1300 356 1368 γενέσθαι,
376 1302 416 1355 καὶ

444 1384 488 1416 nos
510 1366 619 1417 faceret:
647 1373 723 1435 atque
748 1375 778 1419 ut

81 1389 201 1459 γευόμενοι
240 1391 416 1460 ἀπολαύσωμεν
477 1452 482 1465 .

80 1486 129 1537 τῶν
148 1483 176 1536 δι,
195 1483 256 1552 ἡμᾶς
273 1485 412 1553 repostum.
444 1457 578 1501 exlstentes
599 1452 710 1503 truamur
735 1453 778 1503 bo-

442 1536 481 1585 nis
500 1542 599 1603 propter
618 1555 661 1587 nos
681 1539 777 1589 creatis.

81 1574 129 1629 Διὰ
148 1574 217 1630 τοῦτό
235 1578 306 1644 ἐσμεν
318 1576 412 1647 ἅνθρω-
443 1622 535 1674 Idcirco
555 1624 663 1675 homines
682 1644 770 1676 sumus

241 1668 247 1686 Ι
771 1667 776 1685 9

79 1690 127 1734 W'
144 1670 182 1722 Καὶ
200 1672 318 1742 ‘deva
329 1669 413 1741 ἔχομεν
442 1714 468 1757 et
478 1710 569 1760 mentis
585 1716 659 1777 atque
672 1711 776 1761 rationis

45 1761 118 1819 ¹5⁸⁰&
143 1759 227 1829 λόγον’
259 1762 313 1831 παρ’
338 1763 411 1815 αὐτοῦ
437 1792 556 1843 ‘beneficio
580 1794 689 1861 ejusdem
712 1814 777 1845 oom-

76 1851 202 1916 ,λαβόνΐὲἒι
439 1881 517 1942 potes,
649 1858 652 1871 r

107 2094 155 2137 Hoe
165 2094 315 2150 Fragmentum
325 2109 350 2137 ex
359 2094 457 2151 Epistola
466 2110 522 2138 nona
532 2095 554 2138 S.
562 2095 675 2139 Clementis
683 2096 775 2140 Romani

76 2164 154 2207 oitatur
171 2164 292 2217 aLeontio,
308 2167 329 2207 et
345 2165 450 2218 Johanne,
465 2181 554 2223 quorum
569 2166 647 2209 Rerum
663 2166 775 2210 Sacrorum

76 2234 151 2277 Libros
171 2233 223 2277 duos
242 2233 307 2277 edidit
322 2234 419 2291 Angelus
435 2234 506 2278 Maius
526 2235 549 2278 in
567 2235 696 2292 Scriptorum
712 2237 773 2280 Vett.

40 2313 66 2338 20
75 2304 138 2347 Nova
153 2303 286 2356 Collectione,
300 2306 352 2347 tom.
363 2303 394 2347 vii
408 2320 429 2360 p.
444 2304 477 2360 84.
508 2304 569 2348 Gonf.
584 2308 635 2348 tom.
648 2306 656 2348 i
670 2322 690 2362 p.
703 2307 731 2361 76
746 2307 773 2349 ad

74 2373 158 2417 oaloem.
188 2373 265 2416 Exstat
284 2388 341 2416 num.
358 2373 429 2430 5T1't.
448 2387 458 2416 1
481 2374 514 2417 De
534 2374 633 2417 Hominis
653 2375 772 2418 creatione,

75 2443 118 2486 Hie
133 2444 191 2486 loeus
205 2442 229 2485 in
244 2442 319 2486 Codice
331 2443 436 2487 Vatioano
450 2443 583 2500 subsequitur
598 2447 660 2500 eaput
675 2458 703 2502 30
718 2445 772 2501 Epi-

73 2513 140 2556 stolae
158 2511 239 2568 prioris.
278 2511 333 2555 Vide
352 2528 416 2569 supra
434 2529 455 2569 p.
475 2526 514 2559 120
537 2513 551 2555 l.
569 2513 581 2555 8
599 2516 620 2556 et
639 2513 669 2556 ibi
688 2517 769 2557 notata.

73 2582 146 2625 Maius
165 2581 263 2638 opinatur
281 2597 329 2625 eum
348 2582 412 2626 fuisse
432 2576 597 2625 desumtum'ex
612 2582 653 2625 illis
667 2583 770 2639 Epistolis

37 2658 63 2698 25
72 2652 96 2695 in
112 2651 187 2708 quibus
205 2651 354 2709 Hieronymus,
370 2652 419 2695 adv.
438 2651 573 2695 Jovinianum
589 2651 597 2693 i
618 2652 629 2708 d
646 2665 679 2704 12,
695 2652 770 2694 laudes

72 2721 211 2778 virginitatis
225 2721 315 2778 legebat,
325 2722 444 2778 ampliores,
459 2724 484 2764 ut
498 2720 587 2774 videtur,
600 2736 662 2777 quam
677 2736 730 2778 quae
745 2721 769 2763 in

72 2790 153 2834 duabus
173 2790 215 2833 illis
238 2790 311 2847 lingua
331 2791 418 2848 Syriaca
437 2790 557 2846 conseriptis
577 2793 693 2843 oeourrunt,
715 2806 769 2848 quas

71 2858 138 2903 edidit
152 2860 288 2903 Wetstenius.
