2017 3420
164 212 206 255 102

191 325 277 375 άδελφοίι
288 338 320 376 33,
340 326 432 374 ὁποιήσας
441 327 488 375 ἡμᾶς.
500 330 531 376 38.

192 380 246 418 πάντα
260 382 308 428 τάξει
321 385 375 420 ποιεῖν
388 383 486 431 ὀφείλομεν.
501 395 532 430 40.

190 438 279 489 ποιοῦντες
298 437 328 475 τίις
345 438 450 487 προσφορὰς
473 439 532 475 αὐτῶν.

192 488 217 529 ib.
246 492 293 540 παρὰ
307 494 328 529 τὸ
342 492 414 539 καθῆκον
424 494 454 539 τῆς
468 492 533 540 βουλίη-

192 560 238 585 σεως
253 546 305 584 αὐτοῦ
318 546 406 585 ποιοῦντές
419 562 440 585 τι.
453 559 484 595 41.
506 547 534 585 ού-

192 615 226 639 τως
244 601 329 649 ἐποίησεν.
355 614 385 651 43.
423 603 451 640 διὰ
469 604 489 639 τὸ
508 603 535 640 καὶ

192 657 231 692 τότε
240 657 353 705 προσκλίσεις
366 658 409 704 ὑμᾶς
422 657 530 705 πεποιῆσθαι.

174 708 178 715 .
194 718 225 760 47.
245 711 302 761 άγάπη
320 713 375 750 πάντα
393 714 438 750 ποιεῖ
457 713 474 749 ἐν
492 714 532 760 ὁμο-

193 767 234 815 νοίη.
246 779 278 817 49.
300 768 315 804 εί
329 768 350 804 τὰ
364 768 489 816 προστάγματα
503 770 533 805 τοῦ

194 824 239 859 θεοῦ
258 822 352 870 ἐποιοῦμεν.
371 830 403 870 50.
431 821 534 869 ποιησαντος

193 878 322 925 τεσσαράκοντα
339 876 407 926 ἡμέρας.
428 872 458 926 53.
489 882 533 915 ποιῶ

193 932 215 969 τὰ
230 932 377 980 προστασσόμενα
392 932 425 969 ὑπὸ
441 935 471 969 τοῦ
487 932 531 979 πλη-

194 985 240 1025 θους.
252 994 284 1034 54.
300 986 450 1034 Τοῦτοὸποιὴσας
488 986 532 1036 μέγα

193 1040 247 1079 κλέος.
258 1040 283 1080 ib.
320 1044 376 1079 Ταῦτα
416 1042 497 1089 ἐποίησαν
505 1043 532 1079 καὶ

192 1095 301 1143 ποιήσουσιν,
315 1094 340 1134 ib.
370 1096 380 1143 ἡ
399 1097 497 1143 νουθέτησις
512 1096 532 1144 ἣν

192 1149 285 1198 ποιούμεθα
301 1151 325 1189 είς
341 1150 432 1199 κ’θιλίηλους.
450 1151 480 1199 56.
515 1153 531 1189 οῖ

192 1205 223 1252 τὴν
237 1207 333 1253 καταβολὴν
346 1209 376 1254 τῆς
392 1207 470 1244 στάσεως
483 1206 531 1254 ποιήμ

193 1275 260 1299 σαντες.
277 1268 309 1309 57.
338 1264 424 1298 Τοσοῦτον
437 1261 467 1299 οὖν
482 1262 531 1300 ἕλεος

192 1314 300 1362 ποιησαντος.
315 1314 338 1353 Π
353 1328 370 1364 3.
399 1315 428 1353 Ἐν
439 1319 462 1367 τῷ
477 1319 532 1354 ποιεῖν

193 1370 204 1406 ἃ
213 1370 264 1418 λέγει.
273 1368 298 1409 ib.
327 1371 425 1419 ποιήσωμεν
431 1371 450 1407 τὸ
460 1370 529 1418 θελημα,

193 1432 211 1473 5.
223 1423 252 1463 Cf.
262 1425 279 1463 6.
305 1426 326 1462 Τί
335 1425 365 1463 οὖν
373 1427 420 1463 ἐστιν
429 1424 532 1472 ποιήσαντας

193 1481 279 1528 ἐπιτυχεῖν
287 1481 353 1524 αὐτῶν,Ι
364 1488 381 1528 5.
399 1484 489 1519 Ποιοῦντες
497 1482 531 1530 γὰρ

192 1535 212 1572 τὸ
222 1534 293 1583 θέλημα.
308 1536 326 1574 6.
355 1535 456 1583 ποιήσαντες
469 1537 489 1573 τὸ
503 1536 530 1572 θέ-

192 1591 238 1637 λημα
247 1593 277 1627 τοῦ
286 1592 359 1639 Πατρός.
375 1592 393 1628 8.
408 1589 437 1629 Of.
448 1602 478 1628 10.
502 1591 531 1628 ἐὰν

192 1648 232 1692 ποιῇ
242 1648 307 1684 σκεῦος.
321 1647 338 1683 8.
367 1643 408 1682 Ἐάν
417 1644 447 1682 ούν
455 1645 530 1692 ποιήσω-

192 1714 224 1747 μεν
241 1700 272 1747 τὴν
287 1700 398 1747 δικαιοσύνην.
417 1706 446 1738 Ῑι.
476 1701 505 1737 ἐὰν
520 1703 530 1737 ὁ

191 1754 248 1803 λέγων
265 1758 312 1802 ποιῇ.
333 1754 377 1806 Ign.
393 1754 441 1806 Eph.
462 1763 491 1803 15.
519 1755 530 1792 ἂ

192 1813 246 1858 σιγῶν
255 1810 274 1846 δὲ
282 1809 377 1857 πεποίηκεν,
388 1809 414 1849 ib.
434 1812 492 1847 Πάντα
501 1810 530 1847 οὖν

191 1867 270 1911 ποιῶμεν.
285 1864 311 1903 ib.
340 1868 349 1901 ὁ
367 1865 430 1915 Κύριος
445 1865 484 1901 άνευ
499 1868 530 1902 τοῦ

144 1949 145 1952 ,
192 1920 260 1968 Πατρός
273 1920 321 1957 οὐδὲν
335 1920 419 1967 ἐποίησεν.
434 1919 499 1970 Magn.
510 1928 528 1968 7.

193 1973 227 2010 ὅσα
255 1977 313 2021 ποιῆτε
343 1975 473 2022 κατευσδωθῖμε,
500 1986 529 2023 13.

193 2028 253 2077 ὥσπερ
262 2032 329 2067 ποιεῖτε.
341 2028 398 2067 Trall.
410 2042 426 2067 2.
443 2028 470 2067 Of.
480 2029 528 2080 Eph.

193 2096 211 2130 4.
247 2082 332 2121 ὃθελετε
347 2087 422 2132 ποιῆσαι.
444 2083 499 2121 Rom.
513 2096 528 2122 1.

192 2139 249 2187 Χωρλς
257 2141 288 2175 τοῦ
297 2138 391 2177 ἐπισκόπου
400 2139 452 2186 μηδὲν
460 2141 528 2178 ποιεῖτε.

192 2191 265 2231 Philad.
283 2201 300 2242 7.
329 2195 349 2230 τὸ
364 2192 407 2230 ίδιον
422 2194 493 2232 ἐποίουν,
511 2196 528 2232 8.

191 2248 258 2297 ἀγάπην
268 2251 328 2286 ποιεῖν.
343 2247 420 2299 Smyrn.
431 2249 448 2286 8.
477 2251 531 2287 καλῶς

191 2303 283 2350 ἐποιήσατε
295 2304 422 2350 ὑποδεξάμενοι,
436 2315 466 2341 10.
495 2305 530 2340 ὥσ-

191 2373 224 2407 περ
240 2360 268 2396 καὶ
285 2361 343 2397 ποιεῖς.
364 2356 427 2409 Polyc.
441 2370 456 2395 1.
491 2360 530 2407 περί

191 2412 256 2450 τούτων
264 2414 332 2459 ὁμιλίαν
340 2417 394 2452 ποιοῦ.
407 2422 425 2461 5.
454 2412 484 2460 τὴν
491 2413 530 2449 ἕνα

192 2483 221 2505 σιν
229 2469 320 2506 ποιεῖσθαι.
331 2467 355 2506 ib.
371 2470 395 2507 εἷς
406 2470 425 2505 τά
435 2469 462 2505 καί
471 2469 531 2506 αὐτοὺς

192 2524 212 2560 τὸ
226 2523 268 2560 αὐτὸ
279 2525 354 2571 ποιῆσαι,
369 2524 387 2561 8.
416 2523 490 2569 ἀνάθεμα
501 2525 530 2569 τῆς

192 2578 282 2624 ἐκκλησίας
308 2578 409 2625 ποιήσαντες
435 2577 528 2626 άνθρωπον.

191 2631 269 2684 Fragm.
279 2632 291 2671 i.
328 2633 402 2672 άνενδεές
415 2632 488 2680 ποιήσας
500 2662 529 2670 ...

191 2687 261 2725 ἐδύνατο
275 2691 325 2725 τοῦτο
340 2691 415 2735 ποιῆσαι,
432 2686 471 2725 viii.
500 2688 531 2723 κᾶν

192 2745 253 2790 σημεῖα
262 2744 307 2790 ποίη.
322 2742 347 2781 ix.
376 2744 405 2780 ἐὰν
415 2747 490 2790 ποιῶμεν
498 2743 528 2778 αύ-

191 2801 221 2834 τοῦ
236 2799 255 2834 τὸ
272 2798 343 2845 θέλημα.
365 2796 428 2848 Polye.
444 2796 493 2835 Phil.
511 2809 527 2835 2.

191 2854 207 2889 οἱ
223 2855 311 2891 ποιοῦντες
326 2854 347 2890 τὰ
362 2853 424 2891 άτοπα.
440 2861 457 2901 5.
486 2851 529 2900 άπερ

191 2907 263 2955 ποιήσω,
278 2908 307 2945 ἐὰν
321 2909 370 2952 λάβω
385 2909 445 2956 καιρόν,
461 2920 491 2957 13.
520 2907 529 2944 ὃ

190 2963 264 3010 ποιήσας
272 2964 381 3012 τὸνούρανόν.
393 2962 450 3001 Mart.
457 2961 500 3014 Ign.
511 2975 527 3000 2.

190 3018 240 3054 οὐδέν
253 3018 310 3066 ἕτερον
323 3017 394 3065 ποιῶνῆ
408 3020 527 3068 προσευχόμε-

190 3088 224 3110 νος.
240 3071 297 3111 Mart.
309 3071 371 3124 Polyv.
383 3082 400 3121 5.
431 3074 455 3109 Ού
469 3072 527 3120 μέλλω

409 212 508 256 INDEX
521 213 693 259 VERBORUM

588 331 647 367 ποιεῖν.
663 330 682 366 8.
710 328 756 377 Πυρί
769 342 790 365 σε
802 327 845 365 ποιῶ
855 327 927 375 δαπανη-

588 384 640 431 θῆναι.
663 395 693 421 11.
729 383 752 430 μὴ
774 383 858 432 πρότερον
877 384 928 419 τοῦτο

588 442 647 477 ποιῶν.
661 450 692 487 Ι3.
708 437 764 475 α’πίσιο
773 437 804 476 τὰς
812 439 870 487 χεῖρας
878 436 927 485 σοιίη-

590 509 628 532 σας.
642 505 672 540 14.
701 493 776 542 καμάρας
792 490 836 531 εἶδος
847 494 927 540 ποιῆσαν.

592 556 624 597 15.
653 549 686 585 Καὶ
703 551 754 585 τοῦτο
769 546 878 595 ποιήσαντος.
896 546 927 584 16.

590 605 661 641 πολλῶν
678 601 803 650 ἐπιθυμούντων
821 605 874 639 τοῦτο
888 617 927 639 ποι-

590 660 636 705 ῆσαι.
649 665 680 707 17.
708 658 738 695 τόν
751 657 822 707 ἐκλογάς
839 660 927 695 ποιοῦντα.

591 725 622 752 20.

560 769 647 806 Ποικίλος.
676 768 736 805 άλλαις
749 767 833 805 ποικίλαις
844 768 928 811 βάσανοις

588 824 724 872 κολαφιζόμενοι.
739 820 796 860 Mart.
808 821 872 873 Polyc.
884 834 902 860 ς.

561 877 632 926 Ποιμήν.
660 877 697 915 ἀντὶ
712 878 753 925 ἐμοῦ
767 877 833 924 ποιμένι
849 880 873 928 τῷ
889 879 927 927 θεῷ

587 936 654 982 χρῆται.
669 932 711 984 Igu.
722 930 777 970 Rom.
789 943 807 980 9.
835 931 878 970 ὅπου
888 932 926 968 δέὁ

587 987 649 1037 ποιμήν
658 987 711 1025 ἐστιν.
725 984 797 1024 Philad.
810 998 827 1024 2.
854 986 925 1035 ποιμένα

586 1045 616 1090 τῆς
629 1043 671 1080 κατὰ
686 1043 716 1090 τὴν
727 1041 823 1088 οἰκουμένην
836 1042 925 1089 καθολικῆς

586 1098 683 1144 ἐκκλησίας.
694 1096 752 1135 Mart.
763 1095 826 1147 Polyc.
836 1108 867 1146 19.

558 1153 645 1201 Ποίμνιαν.
661 1152 773 1201 ἐπαιρομένων
782 1152 810 1189 ἐπὶ
818 1152 838 1188 τὸ
846 1152 924 1198 ποίμνιον

586 1208 641 1245 αὐτοῦ.
657 1205 717 1245 olem.
733 1205 786 1244 116.
822 1205 922 1256 λειτουργή-

586 1277 648 1301 σαντας
664 1262 753 1310 ἀμέμπτως
768 1264 792 1312 τῷ
807 1261 923 1312 ποιμνίῳτοῦ

585 1320 666 1366 Χριστοῦ,
683 1328 715 1364 44.
746 1317 796 1364 μόνον
811 1316 831 1353 τὸ
844 1316 921 1364 ποίμνιον

584 1375 615 1409 τοῦ
632 1375 708 1421 Χριστοῦ
723 1371 825 1420 είρηνενέτω.
843 1379 875 1419 54.
904 1371 922 1407 ἐν

585 1429 608 1477 τῷ
626 1427 697 1477 ποιμνίῳ
714 1429 744 1464 τοῦ
760 1428 836 1473 Χριστοῦ
853 1426 922 1475 μικρούς

585 1483 611 1518 καί
618 1482 720 1531 ἐλλογίμους
727 1480 818 1530 εὑρεθῆναι,
827 1488 859 1529 57.
875 1481 922 1530 κριός

585 1537 667 1583 ἐπίσημος
690 1536 708 1572 ἐκ
734 1536 809 1584 μεγάλου
836 1535 920 1583 ποιμνίου.

585 1590 642 1630 Maru
652 1590 716 1642 Polyc.
726 1602 758 1638 14.

557 1649 609 1684 Ποῖος
618 1646 637 1683 δέ
646 1647 709 1694 κόσμος
719 1645 784 1691 δέξεταί
797 1660 845 1688 τινας
860 1643 919 1683 Clem.

584 1700 595 1738 Ι
606 1702 636 1739 28.
665 1702 683 1737 ἐκ
697 1701 746 1738 ποίας
759 1698 800 1747 ὕλης
813 1698 919 1749 ἐγενήθημεν.

585 1757 617 1805 38.
658 1759 704 1792 ποῖαι
764 1751 869 1802 είσίγλθομεν.
894 1753 919 1793 ib.

584 1814 637 1848 Ποῖον
646 1809 675 1847 οὖν
684 1808 739 1852 αῖνον,·
756 1808 778 1846 Π
791 1820 807 1847 ῐ.
835 1810 875 1857 ποίᾳ
890 1824 920 1847 πε-

583 1864 662 1912 ποιθίησει
671 1864 809 1912 εἶσελευσόμεθα.
821 1864 839 1902 6.
867 1865 922 1902 Ποίαν

587 1916 721 1974 [άντιμισθίαν],·
732 1932 748 1969 9.

557 1977 648 2023 Πολεμεῖν.
676 1976 705 2021 ἐμὲ
721 1975 740 2010 δὲ
753 1976 806 2011 πλέον
821 1970 848 2026 [τὸ
862 1970 919 2026 ζῆλος]

583 2033 659 2077 πολεμεῖ.
675 2029 717 2080 Ign.
728 2028 785 2066 Τυιιίί.
792 2041 809 2076 4.

557 2085 645 2132 Πολέμιος.
674 2084 699 2122 οἷς
713 2086 739 2121 καί
756 2084 836 2132 χρώμεθα
853 2084 919 2130 συμμά-

583 2155 621 2188 χοις
635 2140 678 2189 πρὸς
693 2140 732 2177 τοὺς
746 2138 842 2186 πολεμίους.
860 2136 919 2177 Mart.

584 2193 627 2245 Ign.
639 2206 655 2233 2.

557 2251 641 2296 Πολεμος.
668 2251 743 2297 πόλεμος
761 2249 787 2285 καὶ
803 2248 918 2295 αἲχμαλωσία.

584 2302 643 2343 olem.
651 2302 662 2341 Ῑ
670 2316 688 2353 3.
703 2315 704 2318 ’
714 2303 751 2340 Ἵνα
759 2299 775 2340 τί
785 2332 800 2341 ..
812 2331 815 2340 .
824 2302 919 2351 σχίσματα,

583 2361 657 2406 πόλεμός
665 2375 684 2395 τε
694 2359 711 2395 ἐν
720 2359 769 2406 ὓμῖνς
782 2357 814 2405 46.
842 2360 875 2402 πᾶς
888 2359 919 2395 πό-

584 2416 635 2460 λεμος
653 2416 759 2463 καταργεῖται
777 2410 880 2462 ἐπουρανίων
893 2414 920 2450 καὶ

584 2469 667 2518 ἐπιγείων.
678 2468 719 2518 Igu.
730 2466 778 2519 Eph.
790 2478 819 2516 13.

557 2525 617 2561 Πόλις.
638 2525 692 2571 Ζῆλος
727 2525 786 2561 πόλεις
790 2523 865 2572 μεγάλας
871 2522 918 2559 κατέ-

584 2579 667 2627 στρεψεν.
678 2576 736 2616 Glem.
745 2577 756 2615 I
765 2578 783 2615 6.
807 2578 854 2613 Κατὰ
862 2579 920 2626 χώρας

584 2632 613 2669 οὖν
628 2635 654 2670 καὶ
671 2635 730 2671 πόλεις
747 2632 865 2681 κηρύσσοντες.
886 2644 919 2679 42.

583 2689 646 2725 πολλοὶ
661 2688 769 2737 ἐξεχώρησαν
783 2688 830 2724 ἰδίων
845 2689 918 2725 πόλεων.

584 2750 616 2790 55.
654 2742 672 2779 ἐν
690 2744 800 2793 συγκλεισμῷ
819 2744 872 2788 οὔσης
890 2744 920 2788 τῆς

583 2799 654 2835 πόλεως.
664 2795 689 2836 ib.
718 2799 759 2835 κατὰ
773 2799 823 2835 πόλιν
835 2811 856 2843 με
867 2799 919 2846 προη-

583 2867 620 2901 γον.
630 2850 673 2903 Ign.
684 2851 738 2890 Rom.
750 2864 768 2902 9.
797 2852 902 2901 προσχὼν..
914 2880 918 2889 .

583 2910 603 2953 τῇ
612 2908 708 2956 Σμυρναίων
714 2909 770 2946 πόλει.
780 2905 837 2944 Mart.
845 2905 887 2956 Ign.
899 2918 917 2955 3.

583 2963 600 2998 αἱ
616 2964 645 3009 τῆς
659 2962 718 3001 Ἀσίας
733 2964 797 3000 πολεις.
811 2960 836 2999 ib.
864 2976 919 3010 παρα-

582 3017 646 3065 μείβων
661 3020 721 3056 νόσους
738 3033 757 3054 τε
776 3017 802 3053 καὶ
817 3018 881 3054 πόλεις.
899 3024 917 3063 5.

583 3073 624 3109 κατὰ
633 3075 683 3110 πόλιν
690 3075 748 3119 μένειν.
760 3071 820 3110 Mart.
828 3070 890 3121 Polyc.
899 3078 916 3117 5.
