2017 3420
158 202 239 271 106*
321 232 322 235 ¹
402 201 500 274 INDEX
515 230 688 275 νωκυοιιυιι

160 337 253 386 Προθυμία.
269 337 350 387 ἔνάγαθῂ
359 338 529 388 προθυμίᾳ...ε’ξε-
556 340 671 390 Προπέμπειν.
698 337 829 387 προπέμψασα,
847 337 870 376 ὡς
884 337 922 375 έπέ-

187 395 252 429 τείνατε
264 392 295 430 τὰς
307 394 365 441 χεῖρας
379 394 430 441 ὑμῶν.
444 392 504 432 Clem.
518 393 530 431 I
583 393 638 439 βολεν
646 394 690 440 ὑμῖν,
700 392 763 443 Polyc.
774 390 822 430 Phil.
835 405 852 430 1.

190 458 206 484 2.
236 445 339 494 σπεύσωμεν
352 448 394 494 μετὰ
408 447 530 487 ἐκτενείοςκαλ
557 447 650 498 Προπετης.
681 447 732 495 όλίγα
747 448 833 497 πρόσωπα
848 447 924 495 προπετῆ

174 512 177 517 ”
187 500 285 548 προθυμίας.
295 513 327 550 33.
343 502 391 538 Μετὰ
400 532 403 540 .
412 530 416 540 ,
425 503 530 551 Ιπροθυμίας
584 504 611 540 καλ
621 502 688 548 αὐθάδη.
700 500 758 540 Olem.
770 500 779 538 I
792 512 808 538 1.

188 555 215 591 καὶ
224 561 283 603 χαρᾶς.
294 554 353 593 Mart.
362 554 404 607 Igu.
416 567 433 604 3.
557 557 661 606 Προσάγειν.
689 557 722 592 Καὶ
729 555 858 605 προσαχθέντος
867 553 923 590 αὐτοῦ.

161 609 257 657 Πρόθυμος.
287 608 390 659 ,προθόμους
402 610 446 657 ἡμᾶς
456 608 498 648 εἶναι
507 611 530 649 εἷς
585 609 643 648 Mart.
658 608 721 660 Polyc.
738 622 755 658 9.
805 607 925 658 προσαχθέντα

188 660 304 712 ἀγαθοποιίαν.
316 661 376 702 (ίλθιῑι.
387 664 398 702 Ι
408 676 441 713 34.
584 665 634 702 αὐτόν
643 664 725 713 ἀνηρώτα,
735 663 761 702 ib.

161 716 260 765 Προθόρως.
290 717 381 766 προθύμως
396 719 438 765 μετὰ
454 719 530 765 σπονδῆς
557 718 699 768 Προσαγορεύειν,
742 718 825 766 Ἀβραάμ,
845 718 854 753 ό
872 716 925 764 φίλος

189 770 283 821 ἐπορεύετο.
297 771 356 811 Mart.
368 772 431 823 Polyo.
445 774 462 811 8.
498 774 529 821 μά·
585 772 734 822 προσαγορευθείς.
743 771 803 810 Olem.
811 770 822 808 Ῑ
831 782 860 808 10.
873 771 926 819 φίλος

188 827 241 863 λιστα
250 826 335 864 Ἰουδαίων
343 827 438 877 προθόμως.
452 838 460 864 Ι
464 839 482 875 3.
585 825 715 876 προσηγορεόθη
725 829 755 863 τοῦ
765 827 814 862 Θεοῦ.
828 833 857 874 Ι7.
879 824 925 863 νίοδς

162 880 247 928 Προῖέναι.
269 880 303 918 άπὸ
313 882 418 930 σπλάγχνων
427 880 473 917 ἰδίων
481 886 529 929 προί-
585 881 628 928 ἡμᾶς
636 882 781 930 προσηγόρευσεν.
792 878 814 916 ΙΙ
827 892 842 918 1.
872 879 926 917 Θεοδς

189 933 250 981 έμενος.
262 932 459 985 Olem.F1·agm.vfii.
585 933 717 984 προσαγορεύεις
734 935 847 981 πλανώμενον.
866 931 923 971 Mart.

160 990 271 1036 Προῖστάναι.
286 988 529 1039 ΧρὴτόνπροεστῶταᾸςΠ.
585 988 627 1039 Ign.
649 1001 666 1027 2.
704 987 845 1038 Προσαγορεόετε
863 988 926 1025 πάντας

189 1041 265 1093 Fragm.
276 1041 309 1081 vii.
585 1043 624 1082 τοὺς
633 1044 697 1091 ἁγίους·
707 1043 749 1090 ὑμᾶς
758 1044 774 1079 οἶ
784 1042 816 1079 σὺν
825 1042 864 1089 ἡμῖν
870 1056 925 1089 προσ-

161 1097 289 1144 Προκαθῆοθαι.
316 1097 441 1145 προκαθημένου
454 1101 484 1135 τοῦ
493 1098 529 1134 ε’πι-
585 1097 702 1146 αγορεόουσιν.
712 1096 770 1135 Mart.
781 1095 844 1146 Polye.
858 1106 887 1133 2ο.

189 1152 255 1188 σκόπου
281 1152 305 1189 εἷς
331 1153 383 1188 τόπον
408 1155 456 1189 Θεοῦ,
486 1151 529 1201 Igu.
558 1151 716 1201 Προσβιόζεσθαι,’
739 1148 926 1194 Κᾶναῦτὰδέόκοντα

189 1203 255 1256 Magn.
267 1205 285 1243 6.
316 1205 388 1251 ἑνώθητε
400 1208 424 1255 τῷ
437 1206 529 1255 ἐπισκόπιρ,
585 1205 607 1253 μὴ
615 1205 686 1252 θελήσῃ,
693 1205 726 1254 ἐγὼ
733 1205 869 1254 προσβιάσαμαι.
880 1202 923 1254 Ign.

189 1260 216 1295 καί
230 1261 266 1297 τοῖς
282 1258 418 1308 προκαθημένοις.
434 1258 459 1298 ib.
494 1259 530 1307 ἥτις
585 1258 641 1303 Rom.
659 1268 676 1307 5.
705 1259 816 1297 ἐπεσπάσατο
832 1259 853 1295 τδ
869 1258 926 1306 θηρίον

188 1314 216 1350 καὶ
241 1313 344 1361 προκάθηται
364 1314 382 1349 ἐν
399 1315 445 1364 τόπῳ
466 1313 531 1362 χωρίον
585 1314 740 1362 προσβιοσάμενος.
754 1309 811 1350 Mart.
823 1310 886 1362 Polyc.
898 1323 915 1360 3.

188 1366 278 1414 Ῥωμαίων.
295 1366 353 1405 Rom.
370 1366 429 1406 Inscr.
465 1381 529 1417 προκα-
558 1367 686 1417 Προσβλέπειν.
714 1366 925 1413 Τὸνοόνέπίσκοπονδῆ-

189 1421 250 1468 θημένη
260 1423 289 1468 τῆς
298 1421 368 1470 ἀγάπης,
379 1420 404 1460 ib.
585 1424 616 1458 λον
630 1421 657 1458 ότι
676 1422 699 1459 ὡς
714 1422 765 1459 αὐτόν
780 1421 809 1457 τόν
824 1420 887 1469 Κίριον
901 1421 926 1457 δεῖ

162 1475 272 1522 Προκεῖσθαι.
299 1476 322 1522 μὴ
331 1476 450 1523 αἷχμαλωτίση
460 1476 503 1522 ὑμᾶς
512 1475 531 1511 ἐκ
585 1476 707 1524 προσβλέπειν.
719 1475 761 1526 Ign.
772 1473 821 1525 Eph.
834 1475 852 1511 6.

189 1532 220 1565 τοῦ
225 1529 335 1578 προκειμένου
345 1531 378 1576 ζῆν.
387 1529 431 1580 Ign.
440 1528 489 1580 Eph.
499 1536 529 1577 17.
558 1529 657 1579 Προσδέειν.
673 1532 693 1576 τῇ
703 1530 759 1567 ε’λπίδι
769 1527 926 1577 προσδεδέσθωσαν

189 1583 304 1632 όπεκρίθησάν
327 1598 361 1630 μοι,
388 1583 413 1621 ότι
438 1586 528 1633 πρόκειται.
585 1586 602 1620 αἱ
625 1584 683 1632 ψυχαὶ
711 1584 761 1630 ἡμῶν.
783 1581 842 1621 Clem.
862 1581 873 1619 I
894 1590 924 1631 27.

189 1635 263 1674 Philad.
275 1638 292 1674 8.
585 1638 692 1686 προσδεθείς,
713 1638 772 1686 ὥσπερ
796 1639 846 1686 κριός.
867 1635 924 1675 Mart.

162 1690 299 1741 Προκηρθσσειν.
334 1693 351 1728 οἱ
362 1693 450 1741 προφῆται
462 1694 478 1728 οἱ
487 1707 530 1740 προ·
586 1690 648 1742 Polyc.
662 1703 691 1738 14.
903 1733 908 1740 Ι

174 1745 290 1794 .κηρόξαντες
302 1747 332 1793 τὴν
343 1746 414 1783 έλενσιν
424 1748 455 1782 τοῦ
467 1746 530 1795 Κυρίου
558 1746 672 1796 Προσδεκτός.
701 1746 807 1794 προσδεκτδν
816 1746 887 1783 ε’νὼπιον
895 1747 925 1781 τοῦ

189 1798 374 1850 ἢμῶν.Ρολγο.Ρλ]ἱλ.
387 1800 404 1837 6.
585 1799 746 1846 ποιήσαντοςὴμᾶς,
760 1798 872 1848 Clem.I7.
908 1799 926 1835 ἐν

162 1854 267 1902 Προκρίνειν.
301 1855 376 1891 πίστεώς
388 1854 445 1891 τεκαὶ
459 1854 530 1902 ἀγάπης,
586 1854 637 1902 θυσίᾳ
651 1855 697 1892 πίονι
710 1855 737 1891 καὶ
749 1854 851 1902 προσδεκτῇ.
866 1852 924 1891 Mart.

189 1906 209 1953 ἦς
220 1908 269 1944 οὐδὲν
281 1907 394 1957 προκέκριται.
405 1906 449 1958 Igu.
464 1907 529 1958 Magn.
586 1907 649 1958 Polye.
662 1919 691 1954 14.

192 1972 210 1997 1.
246 1961 305 2000 πίστις
321 1962 348 1999 καὶ
366 1962 427 2010 ἀγάπη,
445 1963 468 1999 ὢν
483 1962 532 1999 οὐδὲν
558 1963 696 2012 Προσδέχεσθαι.
724 1960 751 1998 ἵνα
759 1960 803 2007 ἡμᾶς
811 1960 925 2011 προσδέξηται

189 2014 301 2063 προκέκριται.
313 2014 388 2065 Smyrn.
400 2016 419 2052 6.
586 2014 772 2054 ὧςυίοάς.0]θ111.Ι-Ῑ
782 2027 799 2064 9.
834 2015 897 2064 ἡμέραν
905 2015 925 2060 ἐξ
994 2031 996 2033 ’

162 2069 299 2117 Προλαμβάνειν.
328 2070 355 2105 διὰ
370 2073 420 2106 τοῦτο
434 2069 532 2117 προέλαβον
585 2070 647 2119 ἡμέρας
657 2070 795 2118 προσδεχόμενοι.
811 2081 840 2108 11.
875 2067 925 2107 ε’νοίς

189 2125 293 2171 παρακαλεῖν
301 2125 348 2170 ὑμᾶς.
359 2122 402 2173 Igu.
412 2121 462 2173 Eph.
474 2135 492 2171 3.
584 2122 709 2172 προσδεχθείην
725 2124 795 2162 ἐνώπιόν
810 2139 847 2162 σον.
864 2122 921 2162 Mart.

162 2176 261 2226 Προλέγειν.
277 2177 358 2226 προλέγει
367 2177 400 2226 γάρ
414 2176 456 2224 ἡμῖν.
470 2176 531 2216 (Hem.
586 2177 649 2228 Polye.
664 2189 693 2224 14.

190 2229 242 2279 134.
559 2233 679 2281 Προσδηλοῦν.
716 2232 836 2280 προσδηλώσω
852 2232 891 2277 ὑμῖν
906 2231 925 2279 ἧς

162 2288 249 2333 Προνοεῖν.
286 2287 321 2334 πρὸ
342 2286 405 2323 παντὸς
422 2288 532 2333 προνοοῦντες
585 2284 661 2334 ἠρξάμην
670 2284 769 2333 οἰκονομίαςΙ
779 2284 821 2336 Igu.
832 2284 881 2336 Eph.
893 2298 923 2323 20.

190 2340 263 2387 ἁγνείας.
277 2338 342 2390 Polyc.
353 2337 402 2376 Phil.
414 2346 431 2386 5.
469 2354 530 2388 προνο-
559 2340 668 2388 Προσδοκιῖν.
696 2341 725 2376 τόν
739 2339 782 2388 ὑπὲρ
797 2341 855 2389 καιρόν
868 2355 924 2389 προσ-

190 2396 247 2431 οὓντες
256 2393 282 2430 άεὶ
291 2397 321 2430 τοῦ
330 2395 389 2430 καλοῦ.
401 2393 419 2430 6.
586 2394 632 2430 δόκο.
642 2393 685 2444 Ign.
697 2392 759 2444 Polyc.
772 2405 789 2441 3.

162 2448 241 2495 Πρόνοια,
273 2447 283 2493 ἡ
294 2449 405 2496 μεγαλειότης
415 2448 444 2493 της
453 2446 532 2495 προνοίας
559 2449 669 2496 Προσδυκεῖν.
698 2450 722 2498 τῷ
740 2446 821 2494 πνεόματι
839 2448 862 2485 ὡς
880 2447 925 2484 διδά-

189 2504 220 2537 τοῦ
229 2503 326 2539 Δεσπότου.
338 2499 464 2547 Olem.124.
586 2504 652 2538 σκαλον
671 2502 721 2538 αιἰτδν
738 2502 859 2550 προσεδόκουν.
881 2500 924 2552 Igu.

162 2556 300 2604 Προοδοιπορείν.
329 2555 439 2604 Μακάριοιοῖ
452 2554 531 2603 προοδοι-
587 2553 651 2605 Magn.
663 2568 680 2604 9.

188 2609 294 2658 πορίησαντες
309 2609 429 2658 πρεσβύτεροι.
445 2607 531 2646 Olem.I
559 2610 697 2658 Προσέρχεσθιιι.
732 2612 768 2647 τοῖς
781 2609 925 2658 προσερχομένοις

190 2675 222 2709 44.
587 2664 690 2712 αότῴόπλῇ
704 2664 772 2711 διανοίη.
795 2661 853 2701 Olem.
866 2662 878 2700 I
893 2675 924 2712 23.

162 2718 295 2765 Προοδοιπόρος.
324 2718 347 2755 ὧς
360 2718 484 2766 προοδοιπόρον
498 2719 532 2753 τῶν
586 2717 713 2765 Προσέλθωμεν
725 2717 755 2754 οόν
765 2717 810 2767 αὐτῷ
823 2718 841 2754 ἐν
850 2719 926 2764 ὁσιότητι

189 2773 274 2820 ἁμαρτιῶν
282 2770 334 2818 ἡμῶν.
345 2769 405 2809 Olem.
415 2769 438 2807 Π
450 2782 481 2808 10.
586 2770 650 2818 ψυχῆς.
663 2783 693 2820 29.
727 2771 789 2809 ἀόκνως
803 2770 927 2820 προσέλθωμεν

162 2828 246 2873 Προορᾶν.
279 2829 357 2874 προορῶν
371 2826 402 2863 τὰς
417 2824 484 2873 ἐνέδρας
500 2826 531 2861 τοῦ
586 2827 610 2874 τῷ
621 2824 702 2872 θελήματι
713 2826 769 2862 αὐτοῦ.
785 2837 816 2873 33.
849 2827 926 2873 προσελ-

189 2879 278 2923 διαβολου,
289 2878 333 2929 Ign.
343 2878 401 2918 Trall.
413 2879 431 2915 8.
586 2878 621 2914 θεῖν
644 2881 715 2917 ἑκόντας.
741 2877 798 2916 Mam
821 2877 884 2929 Polyc.
906 2891 924 2926 4.

161 2933 265 2980 Προορίζειν.
309 2936 330 2979 τῇ
355 2932 473 2982 προωρισμένη
496 2933 530 2980 πρὸ
585 2934 704 2980 προσελθόντα
714 2934 759 2983 αὐτῷ
768 2933 881 2981 κομφέκτορα.
894 2945 923 2971 10.

188 2986 266 3023 αἰώνων.
282 3015 285 3024 .
302 2987 403 3034 .ε’κκλησίᾳ.
419 2985 462 3037 Ign.
479 2985 528 3036 Eph.
558 2985 695 3035 Προσεόχεσθαι.
724 2988 756 3024 Καὶ
768 2987 811 3035 ὑπὲρ
821 2987 855 3024 τῶν
867 2987 926 3024 ἄλλων

189 3038 248 3078 Inscr.
586 3040 605 3076 δὲ
621 3040 713 3089 ἀνθρώπων
727 3040 838 3079 ἀδιαλείπτως
851 3040 925 3088 προσκό-
