2017 3420
173 222 202 263 42

413 218 510 261 INDEX
525 217 699 262 VERBORUM

201 331 258 377 ὄνομα.
281 329 354 369 Philad.
377 343 407 369 10.
449 331 476 368 καὶ
494 330 541 377 ὑμεῖς
568 330 640 379 Δμόμος.
664 325 938 376 τὸντῆςπίστεωςβέβοιονδρό-
988 328 991 330 “

201 384 337 433 δοξασθήσεσθε.
352 384 378 424 ib.
416 385 496 432 Δοξάζων
508 383 541 431 Ἰη-

201 444 245 478 σοῦν
253 443 335 490 Χριστόν.
343 439 421 491 Smyru.
433 452 448 477 1.
476 438 540 486 δοξάσῃ

202 495 248 542 ὑμῶν
256 496 287 543 τὴν
297 495 357 532 άοκνον
367 495 439 545 ἀγάπην.
452 493 510 544 Polyc
520 500 539 542 7.

200 548 227 587 ’ίνα
245 549 341 597 δοξάσθητε
364 550 424 599 αἶωνίιρ
451 550 500 599 ἔργῳ.
520 549 539 585 8.

201 604 230 641 ἐὰν
239 605 334 653 πάσχωμεν
344 634 360 642 ,.
369 632 373 642 .
381 604 477 651 δοξάζωμεν
485 603 540 640 αὐτόν.

202 657 265 709 Polye.
292 656 342 696 Phil.
362 659 381 696 8.
424 659 489 707 εύλογῶ
514 672 540 700 σε,

202 713 267 759 δοξάζω
291 729 317 750 σε.
341 712 399 751 Mart.
421 711 484 763 Polyc.
509 723 539 759 14.

202 768 269 814 δοξάζει
280 769 310 805 τὸν
322 769 366 805 Θεὸν
379 768 406 804 καὶ
419 767 493 816 Πατέρα.
510 778 540 815 19.

201 820 229 859 ’ίνα
242 822 269 859 καί
283 823 342 859 ἐκείνοι
357 822 450 868 δοξάζωσιν
464 822 494 858 τὸν
507 819 540 857 Κύ-

201 891 243 925 ριον,
255 888 285 914 20.

174 932 225 979 Δόρυ.
254 930 264 976 ἡ
278 930 334 978 ιίγάπη
348 931 370 968 ὧς
385 930 432 979 δόρυ.
449 925 491 979 Igu.
504 927 539 966 Ρο-

201 983 265 1034 1γο.6.

174 1040 233 1076 Δόσις.
263 1040 272 1074 ὁ
285 1040 374 1087 γινώσκων
385 1038 415 1085 τὴν
429 1041 459 1074 τοῦ
473 1038 540 1085 Πατρός

200 1093 254 1129 δόσιν.
271 1090 330 1130 Olem.
347 1091 422 1143 Fragm.
439 1090 479 1130 viii.
520 1093 540 1128 τὸ

197 1146 259 1196 Ἂγιον
276 1146 345 1194 Πνεῦμά
361 1147 409 1183 ἐστιν
423 1146 433 1193 ἡ
448 1147 497 1184 δόσις
511 1147 540 1182 αύ-

199 1198 273 1239 τοῦθ).

173 1254 234 1304 Δοτίηρ.
247 1256 277 1291 τδν
286 1256 329 1292 θεόν
342 1255 371 1292 τόν
380 1255 442 1303 δοτῆρα
454 1258 488 1291 τῶν
497 1254 538 1303 άγα-

200 1309 239 1347 θῶν.
250 1307 307 1347 Mart.
319 1308 361 1359 Ign.
373 1316 391 1357 7.

172 1364 251 1400 Δουλεία.
289 1363 355 1411 Ἰωσὴφ
396 1362 447 1411 μέχρι
463 1362 540 1400 δουλείας

199 1418 287 1455 εἰσελθεῖν.
307 1416 367 1456 Olem.
387 1416 398 1454 Ῑ
417 1428 435 1463 4.
476 1417 539 1454 πολλοὶ

199 1472 269 1510 ἑαυτούς
287 1472 386 1521 παρέδωκαν
409 1471 433 1509 είς
456 1471 538 1508 δουλείαν.

172 1579 266 1618 Δουλεύειν.
298 1584 331 1617 τῶν
345 1580 397 1618 ὁσίως
411 1579 456 1629 αύτῷ
470 1579 538 1616 δουλευ-

200 1635 271 1672 σάντων.
292 1633 351 1672 Olem.
364 1633 375 1671 I
389 1634 419 1671 26.
457 1632 538 1683 ἐπορεύθη

198 1690 242 1737 πρὸς
255 1689 319 1733 Λαβδν,
336 1689 363 1725 καὶ
381 1686 487 1725 ἐδούλευσεν.
506 1699 538 1735 31.

198 1743 216 1779 ἐν
226 1772 242 1781 ..
251 1770 255 1779 .
263 1743 326 1793 ἀμώμῳ
335 1743 417 1792 προθέσει
429 1741 539 1779 δουλεύοντος

198 1799 222 1847 τῷ
239 1799 281 1847 θεῷ.
303 1805 335 1845 45.
367 1797 385 1833 ἐν
399 1796 464 1845 καθάρᾳ
479 1796 538 1844 καρδίᾳ

199 1849 318 1898 δουλεύσωμεν
326 1853 349 1901 τῷ
361 1854 405 1901 θεῷ.
416 1848 438 1886 Π
450 1862 479 1888 11.
509 1850 537 1886 ἐὰν

199 1905 217 1941 δέ
231 1905 253 1952 μὴ
268 1905 391 1952 δουλεύσομεν.
407 1903 432 1942 ib.
470 1905 493 1942 είς
508 1904 536 1940 δό-

199 1958 230 2003 ξαν
236 1962 281 1995 θεοῦ
290 1960 343 1996 πλέον
350 1957 481 1996 δονλευέτωσιιν.
492 1956 536 2008 Ign.

199 2011 263 2063 Polye.
284 2027 302 2059 4.
352 2014 372 2049 τό
396 2011 481 2049 δουλεύειν
503 2015 538 2050 τοῖς

198 2067 233 2103 κατ’
248 2065 342 2113 ἐπιστήμην
354 2066 442 2114 άρχουσιν.
459 2066 535 2116 Fragm.

197 2118 223 2158 iv.
259 2120 363 2157 δονλεύσατε
372 2124 396 2170 τῷ
405 2123 443 2169 θεῷ
453 2121 470 2157 ἐν
479 2122 535 2170 φόβῳ.

198 2173 262 2225 Polye.
276 2173 325 2211 Phil.
338 2185 354 2211 2.
385 2172 442 2211 Οὕτως
456 2174 486 2211 οῦν
499 2174 537 2210 δου-

196 2228 286 2275 λεύσωμεν
304 2229 349 2278 αὐτῷ
372 2229 414 2275 μετὰ
435 2229 497 2275 φόβου.
519 2228 537 2265 6.

196 2281 312 2332 Ὀγδοηκοντα
327 2282 355 2318 καὶ
371 2281 390 2327 ἐξ
405 2283 433 2328 ἐτη
448 2283 482 2330 ἐχω
498 2282 536 2318 δου-

196 2336 251 2373 λεύων
259 2338 311 2387 αὐτῷ.
322 2334 380 2374 Mart.
391 2334 454 2385 Polyc.
465 2347 482 2384 9.

169 2390 231 2437 Δούλη.
261 2390 333 2429 δούλους
341 2391 368 2426 καὶ
377 2389 439 2427 δούλας
445 2390 468 2436 μὴ
476 2391 536 2437 ὑπερη-

195 2446 250 2493 φάνει.
261 2445 303 2495 Ign.
314 2443 377 2494 Polyc.
389 2457 407 2491 4.

169 2501 239 2537 Δοῦλος.
271 2499 440 2547 στενοχωρουμένους
454 2497 494 2535 τούς
507 2500 537 2533 τοῦ

196 2556 240 2589 θεοῦ
251 2552 328 2591 δούλους.
343 2551 403 2590 (ίίθιη.
419 2551 494 2602 Fragm.
508 2549 535 2588 iii.

195 2607 229 2655 ἐγὼ
244 2607 262 2643 δέ
280 2607 331 2655 μέχρι
349 2610 379 2643 νῦν
397 2608 464 2644 δοῦλος.
493 2604 535 2655 Ign.

195 2659 251 2698 Rom.
262 2672 279 2707 4.
316 2659 387 2699 δούλους
400 2661 427 2697 καὶ
439 2659 501 2698 δούλας
513 2659 535 2706 μὴ

194 2715 304 2763 ὑπερηφάνει.
317 2712 381 2764 Polye.
392 2727 410 2761 4.
443 2714 465 2761 μὴ
477 2714 535 2750 δοῦλοι

194 2769 287 2816 εὑρεθῶσιν
296 2768 389 2815 ἐπιθυμίας.
399 2768 424 2806 ib.
459 2768 492 2805 άπὸ
501 2770 535 2803 τῶν

194 2821 260 2859 δούλων
274 2825 304 2859 τοῦ
318 2825 368 2859 θεοῦ.
384 2821 442 2860 Mart.
458 2822 500 2873 Igu.
517 2832 534 2857 2.

193 2875 228 2912 άπύ
240 2879 273 2912 τῶν
282 2876 329 2913 ίδίων
341 2875 413 2914 δούλων.
427 2876 484 2914 Mart.
497 2874 533 2912 Po·

193 2928 229 2978 Ιγο.
239 2941 270 2967 20.

167 2984 217 3029 Δρᾶν.
246 2984 293 3021 Τίνες
304 2983 334 3020 οῦν
342 2985 358 3020 οἱ
367 2987 419 3020 ταῦτα
430 2984 534 3032 δράσαντες,-

194 3034 254 3074 clem.
266 3037 273 3074 1
285 3046 315 3085 45.
360 3085 362 3088 .

594 398 633 432 μον.
647 381 708 422 Olem.
721 381 731 419 I
742 381 760 419 6.
797 382 827 419 τδν
837 382 939 430 τεταγμένον

596 439 624 476 ὑπ’
639 439 691 475 αὐτοῦ
706 437 773 486 δρόμον.
788 447 820 474 20:
855 436 937 485 προσθεί-

596 508 623 530 νοι
632 496 656 544 τῷ
669 492 726 542 δράμκρ
737 506 776 528 σου.
790 490 833 542 Igu.
844 481 907 541 Polyo.
921 502 938 528 1.

595 549 705 585 τελειώσαντι
730 546 794 595 δρύμον
818 546 836 583 ἐν
860 548 937 595 Χριστῷ.

595 600 737 652 Μαιοίςοψ

569 655 689 706 Δροσίζεσθοι.
713 656 740 692 διά
749 656 779 702 τῆς
791 654 882 701 ἐκκλησίας
892 655 939 702 ὑμῶν

595 710 713 760 δροσισθῆναι.
723 710 766 761 Igu.
777 707 841 760 Magn.
853 720 884 756 14.

569 764 625 803 Δύειν.
660 766 718 802 Καλόν
730 766 750 802 ἰδ
764 765 812 801 δῦναι
824 764 859 801 άπδ
872 765 938 812 κόσμον

595 822 639 869 πρὸς
648 821 697 857 θεόν.
708 819 750 870 Ign.
761 817 818 857 Rom.
829 830 846 856 2.

569 874 647 921 Δύναμις.
676 875 692 910 οί
701 873 809 918 διστάζοντες
818 873 858 922 περὶ
868 874 899 920 τῆς
907 875 938 909 τοῦ

596 931 641 965 θεοῦ
650 929 742 975 δυνάμεως.
752 926 813 965 Olem.
824 928 833 965 l
845 938 876 964 11.
902 927 937 964 ἐνέ-

595 984 663 1019 κλεισεν
682 985 702 1029 τῇ
727 984 787 1019 ἑαυτοῦ
811 982 884 1028 δυνάμει.
905 993 936 1030 33.

595 1035 664 1084 δύναμις
672 1037 731 1074 αὐτοῦ.
742 1035 819 1086 Fragm.
828 1034 867 1075 viii.
896 1051 937 1073 συν-

594 1090 658 1138 ῄνεσαν
669 1091 687 1127 ἐν
699 1091 768 1138 δυνάμει
782 1092 840 1139 Ἰησοῦ
853 1093 936 1139 Χριστοῦ.

596 1145 638 1196 Ign.
650 1143 700 1195 Eph.
716 1156 746 1182 11.
782 1148 799 1183 οἱ
815 1146 892 1191 δυνάμεις
907 1148 937 1182 τοῦ

595 1202 666 1237 Σατανᾶ.
680 1211 689 1236 Ι
693 1211 710 1247 3.
745 1199 763 1236 ἐν
775 1200 843 1248 δυνάμει
855 1197 936 1237 πίστεως.

597 1266 627 1301 14.
662 1255 704 1291 κατὰ
719 1252 788 1301 δύναμιν
804 1256 848 1292 θεοῦ
862 1255 936 1303 Πατρός.

594 1306 660 1359 Magn.
679 1320 696 1356 3.
740 1308 783 1355 ἡδὲ
797 1310 871 1358 πραότης
885 1309 937 1345 αὐτοῦ

594 1361 670 1410 δύναμις.
683 1360 741 1400 Trall.
752 1375 769 1411 3.
804 1363 873 1409 δύναμιν
884 1363 936 1399 αἰτεῖ·

594 1417 626 1453 σθε
636 1416 701 1454 ἔσωθέν
709 1432 728 1454 τε
737 1417 764 1454 καὶ
773 1418 841 1464 ἔξωθεν.
850 1415 907 1454 Rom.
918 1429 935 1465 3.

594 1473 631 1508 υἱόν
640 1474 685 1508 θεοῦ
696 1472 738 1508 κατὰ
750 1471 816 1520 θέλημα
829 1472 856 1508 καὶ
867 1470 937 1518 δύναμιν

595 1529 645 1562 θεοῦ.
658 1523 735 1575 Smyrn.
752 1537 768 1563 1.
799 1525 893 1576 Ἔρρωσθέ
907 1540 936 1573 μοι

594 1579 613 1615 ἐν
621 1580 690 1628 δυνάμει
699 1579 802 1628 Πνεύματος.
818 1592 845 1629 13.
874 1582 884 1616 ὁ
893 1581 936 1617 θεὸς

594 1633 673 1683 ἄγγε’λων
685 1635 712 1670 καὶ
723 1636 815 1682 δυνάμεων.
829 1634 888 1672 Mart.
899 1634 936 1671 Po·

593 1687 674 1738 lyc.14.

566 1741 660 1781 Δύνασθαι.
689 1743 748 1792 καίπερ
762 1743 858 1790 δυνάμενος.
873 1741 934 1780 Olem.

594 1796 602 1833 I
622 1797 653 1834 16.
684 1797 701 1833 τί
719 1797 777 1847 άγάπη
793 1798 834 1846 άγνὴ
850 1798 897 1845 παρὰ
911 1799 936 1847 τῷ

592 1854 630 1887 θεῶ
640 1850 714 1888 δύναται.
727 1863 757 1889 21.
787 1853 805 1888 ἐν
811 1853 858 1899 λόγω
867 1850 936 1888 δύναται

592 1905 635 1941 αύτά
646 1905 771 1954 καταστρέψαι.
783 1913 815 1955 27.
853 1905 879 1943 τίς
889 1905 935 1953 ἡμῶν

592 1958 661 1996 δύναται
673 1961 741 2009 φυγεῖν.
755 1961 785 1998 28.
814 1960 854 2008 δίχα
865 1963 899 1996 τῶν
907 1960 935 2008 μι-

592 2017 637 2062 κρῶν
646 2015 665 2050 ού
675 2012 753 2051 δύνανται
763 2011 810 2051 εἶναι.
822 2021 853 2062 37.
875 2017 892 2050 τί
901 2016 935 2063 γὰρ

591 2066 660 2104 δύναται
674 2068 745 2114 θνητόςς
763 2080 795 2117 39.
826 2067 852 2105 τίς
862 2067 935 2105 Ιδύνιιται

592 2120 721 2170 ἐξηγήσασθαι,Ι
743 2133 776 2170 49.
810 2123 835 2158 01¹>
851 2122 935 2170 δυνάμεθα

592 2174 622 2212 οῦν
630 2179 664 2212 τῶν
673 2174 703 2211 δύο
712 2176 763 2223 φίλοι
772 2173 819 2213 εἶναι.
830 2175 850 2213 Π
861 2177 879 2214 6,
914 2176 935 2213 El

593 2229 611 2264 δέ
618 2230 646 2265 καὶ
653 2231 669 2266 οἱ
675 2232 750 2267 τοιοῦτον
757 2229 816 2266 δίκαιοι
823 2230 843 2266 οὒ
850 2229 934 2267 δύνανται.
956 2261 959 2268 .

592 2281 617 2319 ib.
652 2284 667 2319 εἰ
678 2283 700 2330 μὴ
714 2284 799 2330 δυνάμεθα
810 2284 883 2322 ἅπαντες
894 2300 934 2322 στε-

592 2337 695 2385 φανωθῆναι.
712 2344 731 2385 7.
780 2338 835 2375 ούκέτι
851 2339 935 2386 δυνάμεθα

592 2391 627 2427 ἐκεῖ
642 2391 808 2441 ἐξομολογήσασθαι.
824 2394 842 2430 8.
873 2391 900 2429 ἵνα

592 2445 657 2492 δυνηθῶ
666 2445 740 2493 μαθητὴς
747 2443 795 2484 εἶναι.
804 2446 845 2497 Igu.
854 2445 904 2497 Eph.
917 2459 933 2484 1.

591 2498 601 2545 ἡ
611 2499 692 2547 δυναμένη
701 2501 744 2547 ῦμῦς
752 2502 854 2544 βασανίσαι.
866 2502 884 2539 8.
912 2502 934 2539 τὰ

590 2554 693 2600 πνευματικὰ
710 2556 797 2603 πράσσειν
812 2556 832 2592 ού
850 2554 933 2592 δύνανται.

573 2648 575 2654 ¹
590 2604 615 2644 ib.
644 2608 712 2653 άληθῶς
724 2609 793 2645 δύναται
806 2610 876 2652 καὶτῆς
889 2610 933 2656 ἡαυ·

589 2662 628 2708 χίας
637 2662 690 2698 αὐτοῦ
699 2662 771 2699 άκούειν.
783 2671 814 2710 15.
843 2662 852 2699 δ
862 2663 933 2711 δυνήσε-

590 2730 617 2750 ται
626 2716 669 2762 ὑμᾶς
677 2717 752 2765 μερίσαι.
763 2715 828 2767 Magn.
840 2717 859 2754 6.
897 2723 934 2756 πῶς

589 2768 636 2815 ἡμεῖς
650 2771 758 2818 δυνησόμεθα
772 2773 822 2818 ζῆσαι
835 2772 889 2820 χωρίς
901 2774 931 2809 αύ-

589 2825 624 2858 τού.
642 2836 659 2872 9.
694 2825 785 2871 δυνάμενος
800 2826 874 2875 γράφειν
890 2827 948 2875 ὑπὲρ.

589 2876 655 2915 τούτου.
671 2876 727 2915 Trall.
740 2892 759 2928 3.
788 2880 817 2926 Μὴ
829 2880 850 2916 ού
862 2879 933 2927 δύνωμαι

590 2930 610 2965 τὰ
622 2931 713 2981 ἐπουράνια
725 2933 794 2982 γράψαι
801 2949 807 2975 ‚-
822 2941 840 2981 5.
869 2934 890 2970 οῦ
902 2935 931 2971 δυ-

590 2984 665 3030 νηθέντες
677 2988 761 3035 χωρῆσαι.
772 2985 798 3024 ib.
826 2987 853 3024 καὶ
860 2987 931 3035 δυνάμε-

589 3052 616 3075 νος
625 3039 647 3075 τά
655 3040 750 3089 ἐπουράνια.
759 3039 786 3078 ib.
829 3041 853 3077 Ού
863 3040 932 3079 δύναται
