1931 3420
261 268 298 312 ΕΤ
318 261 543 314 ΕΟΒΜΠΙιΑΡιῑΙΜ.

44 383 130 432 Μακάριος
138 380 181 430 ἀνὴρ
189 382 200 417 ἀ
208 382 302 430 γινώσκων.
310 379 387 433 Fragm.

43 435 83 476 viii.
117 437 143 474 καλ
161 437 178 473 οί
195 434 231 473 κατ’
250 435 302 485 ἀνδρα
319 435 338 473 δὲ
356 451 387 485 χο-

43 494 73 543 ρὸς
88 491 164 541 γίνεσθε.
185 489 228 542 Ign.
248 489 297 541 Eph.
315 502 334 538 4.
362 490 389 529 ὅτι

43 549 60 585 οί
78 545 114 584 κατ’
132 546 185 595 ἀνδρα
202 548 248 593 κοινῇ
266 546 334 585 πάντες.
355 557 386 585 20.

43 604 60 640 ol
79 601 114 639 κατ’
132 600 185 650 ἀνδρα
202 600 288 648 ἀλλήλους
305 601 386 652 ἀγαπᾶτε.

43 655 101 695 Trall.
111 667 142 705 13.
163 656 210 706 παρά
223 655 283 705 ἀνδρὸς
296 656 388 706 περιτομὴν

43 713 118 761 ἔχοντος.
128 708 202 749 Philad.
213 710 230 748 6.
254 710 314 760 ἀνδρὸς
322 726 386 760 μεμαρ-

42 767 140 816 τυρημένον.
154 777 184 804 11.
206 765 254 815 ἀνδρί
268 767 345 818 ἔκλεκτῷ.
359 765 386 805 ib

43 823 64 859 τά
77 820 150 870 ἡμέτερα
165 825 199 858 τῶν
212 820 248 859 κατΙ
261 820 314 870 ἀνδρα
331 821 385 869 παθη-

42 891 93 924 ρατα.
106 874 182 927 Smyrn.
193 883 213 924 5.
236 875 276 914 τοῦς
289 875 324 914 κατ’
334 876 387 926 ἀνδρα

43 931 70 968 καὶ
87 933 133 979 καινῇ
150 932 220 970 πάντας.
239 942 269 968 12.
297 932 333 969 τοῖς
350 931 385 969 κατ’

42 986 94 1035 ἀνάρα
105 1014 110 1024 .
121 1013 126 1023 .
137 987 207 1023 .’λάλει.
219 984 283 1037 Polye.
296 998 312 1025 1.
339 985 386 1037 ’ἀνὴρ

43 1041 63 1078 δέ
75 1056 101 1080 τις
114 1041 167 1090 ἀγιος.
181 1039 258 1092 Fragm.
270 1039 289 1079 ii.
319 1043 386 1080 Μόνους
406 1049 408 1053 “

42 1096 104 1145 ἀνδρας
126 1096 166 1134 τοῦς
188 1094 281 1146 ὁμοζῦγαυς
301 1093 348 1135 εἶναι.
367 1108 385 1136 v.

42 1149 151 1200 οτεργοῦσιις
172 1151 212 1190 τοῦς
234 1152 298 1188 εἀυτών
317 1150 384 1201 ἀνδρας.

42 1203 108 1256 Polyc.
130 1204 179 1244 Phil.
199 1218 217 1254 4.
245 1205 286 1256 ἀνὴρ
308 1205 329 1253 ἢν
351 1209 386 1245 τοϊς

41 1263 95 1299 πᾶσιν
107 1260 228 1300 ἀποσταλικός.
243 1259 301 1299 Mam
312 1259 355 1312 Ign.
371 1274 384 1300 1.

41 1318 118 1353 τοιοῦτον
131 1315 231 1366 πρεσβῦτην
245 1315 303 1366 ἀνδρα.
327 1314 384 1355 Mart.

42 1368 106 1421 Polye.
118 1378 135 1420 η.

14 1424 171 1475 ΙΑνθρωπιιρέσκειν.
200 1426 225 1463 Οὐ
239 1425 272 1475 γὰρ
286 1425 333 1463 θέλω
347 1426 386 1474 ὑμῖν

41 1480 210 1530 ἀνθρωπαρεσκῆσιιι.
224 1479 267 1531 Igu.
278 1479 333 1519 Rom.
345 1492 362 1518 2.

14 1534 128 1584 Ἀνθρώπινας.
157 1534 198 1584 δίχα
216 1536 336 1584 προσκλίσεως
354 1535 383 1573 ἀν-

41 1588 129 1639 θρωπίνης.
150 1588 209 1629 Olem.
228 1588 240 1628 Ι
259 1603 291 1639 50.
321 1589 385 1630 Οίτινες

40 1646 138 1695 παράγουσι
150 1647 218 1695 φόβους
231 1644 384 1694 ἀνθρωπίνους.Ιῖ

44 1711 73 1737 10.
83 1698 162 1748 τοιαθτην
171 1699 260 1748 συνήθειαν
270 1729 274 1738 .
286 1729 291 1738 .
301 1729 305 1738 .
317 1701 347 1737 οάκ
355 1701 384 1737 ἀν-

41 1753 126 1803 θρωπίνην
146 1754 204 1792 οὖσαν.
227 1754 270 1807 Igu.
295 1753 344 1806 Eph.
365 1765 382 1804 5.

40 1809 74 1847 ἀπὸ
88 1810 151 1859 σαρκὸς
164 1810 269 1860 ἀνθρωπίνης
282 1811 312 1847 οὐκ
324 1811 383 1860 ἔγνων.

41 1862 145 1913 Philad.7.

13 1917 130 1968 Ἀνθρωπίνως.
158 1922 202 1957 θεοῦ
214 1919 321 1969 ἀνθρωπίνως
330 1922 383 1969 φανε-

40 1976 127 2023 ρουμένου.
137 1973 182 2026 Ign.
191 1972 240 2025 Eph.
252 1986 280 2024 19.

12 2026 170 2079 Ἀνθρωπάμαρφος.
196 2029 230 2067 ἀπὸ
239 2033 273 2066 τών
281 2029 342 2079 θηρίων
351 2034 385 2068 τῶν

40 2084 196 2134 ἀνθρωπομόρφων.
207 2083 250 2134 Igu.
261 2083 337 2136 Smym.
349 2098 366 2132 4.

9 2136 111 2188 Ἄνθρωπος.
135 2141 188 2177 πάσιν
204 2139 299 2188 ἀνθρώποις
314 2140 383 2190 ἀξιαγά-

39 2209 93 2241 πητον
111 2194 169 2242 ὄνομα.
190 2191 249 2233 olem.
269 2193 281 2233 Ι
304 2207 318 2234 1.
347 2196 384 2233 ε’πι-

39 2249 94 2295 δῶμεν
109 2249 179 2288 ἑαυτοὺς
197 2251 233 2288 τοῖς
249 2248 333 2297 θελήμασι
351 2254 385 2289 τών

39 2303 137 2353 ἀνθρώπων.
150 2316 180 2352 14.
203 2305 234 2352 τὴν
247 2304 337 2353 πανπλήθη
353 2305 383 2343 ἀν·

39 2359 114 2408 θρώποις
127 2374 146 2396 τε
156 2361 184 2396 καὶ
193 2360 254 2409 θηρσὶν
263 2387 267 2397 .
278 2388 283 2398 .
295 2389 300 2398 .
310 2359 382 2410 τροφίην.

41 2425 71 2452 20.
95 2413 174 2452 Ὠκεανὸς
182 2414 277 2464 ἀνθρώποις
285 2414 382 2464 ἀπέραντος.

39 2466 65 2507 ib.
96 2469 137 2507 τοῦς
158 2471 202 2519 πρὸς
225 2471 267 2517 ζωῆς
289 2470 384 2518 ἀνθρώποις

38 2523 105 2571 μαζοῦς.
129 2522 155 2562 ib.
192 2526 266 2562 Μᾶλλον
290 2525 384 2574 ἀνθρώποις

39 2579 116 2628 ἄφροσι.
124 2607 129 2618 .
137 2580 283 2629 ,προσκιίιίιωμενΙ
293 2592 324 2618 21.
338 2595 383 2627 πορι-

38 2633 109 2684 μεηεθές
138 2634 179 2671 κατά
209 2635 287 2682 διάνοιαν,
318 2635 382 2684 ἀνθρω-

38 2704 77 2727 πον.
88 2700 121 2738 33.
149 2691 159 2726 ὁ
172 2690 230 2727 λαῖκάς
243 2689 338 2739 ἄνθρωπος.
347 2702 382 2737 -40.

39 2745 98 2781 Καλὸν
115 2744 149 2793 γάρ
170 2744 254 2796 ἀνθρώπῳ
273 2745 382 2794 ἐξομολογεῖ-

39 2799 86 2837 σθαι.
103 2807 134 2847 51.
162 2802 296 2848 προσκυνοῦντες
306 2830 310 2838 .
322 2828 327 2838 .
338 2828 342 2837 .
352 2800 383 2849 ἀρ.

38 2868 92 2904 γυρον
105 2854 131 2891 καί
145 2855 215 2902 χαλκόν,
230 2854 272 2904 ἔργα
285 2855 382 2904 ἀνθρώπων.

39 2906 62 2946 Π
74 2921 89 2947 1.
119 2909 145 2946 καί
159 2909 179 2945 οῦ
193 2909 219 2945 δεῖ
232 2910 274 2956 ἡμᾶς
288 2910 383 2959 φοβεῖσθαι

38 2964 78 3002 τοὺς
94 2963 193 3013 ἀνθρώπους
209 2966 277 3011 μᾶλλον
292 2965 338 3002 ἀλλὰ
353 2966 383 3002 τάν

39 3020 87 3057 θεόν.
99 3030 118 3066 4.
146 3018 176 3055 οὐκ
189 3019 237 3056 ἔστιν
250 3020 305 3069 εὑρεῖν
317 3020 381 3069 ἀνθρω-

38 3088 76 3127 πον.
99 3075 134 3111 10.
156 3072 166 3120 ἦ
186 3074 210 3112 εἰς
228 3075 272 3112 θεὸν
293 3075 382 3124 ἀνθρώπου

39 3128 102 3178 ἀγάπη.
112 3127 188 3180 Fragm.
199 3127 213 3168 i.
231 3130 263 3167 Διά
271 3132 321 3167 τοῦτο
330 3130 382 3177 ἐσμὲν

759 269 784 312 19

442 381 531 430 ἅνθρωποι.
541 379 568 419 ix.
592 380 625 417 Καὶ
634 379 677 428 ῦπίρ
685 383 719 417 τών
727 379 786 417 ἀλλων

442 435 461 473 δὲ
477 436 570 485 ἀνθρώπων
583 434 694 473 ἀδιαλείπτως
709 432 784 484 προσεθ-

441 490 501 539 χεσθε.
511 489 555 542 Ign.
565 487 615 541 Eph.
630 501 658 527 10.
678 489 702 527 είς
710 489 740 526 τὸν
748 503 784 526 και-

442 548 470 584 νὸν
483 545 571 595 ἀνθρώπου
581 544 649 592 Ἰησοῦν
661 546 741 594 Χριστόν.
752 554 783 581 20.

441 605 465 653 τῷ
474 602 505 652 υἱῷ
513 600 608 650 ἀνθρώπου.
618 598 644 638 ib.
671 600 692 636 οῦ
703 599 745 636 κατά
756 598 785 635 ἀν-

441 656 510 706 θρωπαν
523 657 589 702 ζῶντες.
604 653 661 693 Trall.
674 665 691 692 2.
718 653 783 702 ἀνθρω-

440 726 473 750 πος
486 713 531 748 θεοῦ
544 711 610 757 ἔσομαι.
625 708 681 748 Rom.
696 708 714 746 6.
742 709 784 746 κατά

440 766 539 816 ἀνθρώπους
557 767 591 813 (ἣν.
607 766 624 803 8.
653 765 683 802 οῦκ
700 762 731 812 ἀφ’
745 765 784 801 έαυ-

440 824 477 865 τοῦ,
495 820 535 858 οῦδὲ
554 820 575 858 δι’
593 819 690 870 ἀνθρώπων.
709 816 783 857 Ρλίίαά.

443 888 460 915 J.
487 877 539 924 μόνον
556 876 631 923 ἀνόροτα
648 875 746 925 ἀνθρώπων.
766 874 783 912 6.

440 932 463 971 ὡς
476 930 565 981 ἅνθρωπος
580 931 604 969 είς
619 930 680 968 ἕνωσιν
694 944 784 979 κατηρτισ-

439 986 494 1035 μένος.
513 988 532 1025 8.
559 988 591 1024 τοῦ
611 983 677 1023 τελείου
695 984 784 1033 ἀνθρώπου

439 1041 534 1091 γενομένου.
545 1040 623 1092 Smym.
633 1052 652 1088 4.
671 1040 746 1088 ἀνάθερα
754 1041 785 1087 τῆς

440 1096 530 1144 ἐκκλησίας
558 1095 660 1144 ποιήσαντες
686 1095 783 1144 ἀνθρώπου.

440 1150 515 1203 Fragm.
532 1149 545 1190 i.
573 1155 623 1199 σάηια
637 1150 738 1199 ἀμοιοπαθές
753 1149 783 1187 ἀν-

440 1206 518 1256 θρώποις.
528 1205 567 1245 viii.
594 1206 621 1244 διὰ
630 1206 649 1243 δὲ
658 1208 688 1243 τοῦ
697 1205 782 1254 δευτέρου,

440 1261 466 1299 ἀτι
475 1262 502 1299 καί
510 1261 605 1312 ἀνθρωπος.
612 1259 638 1308 ἀί).
662 1260 704 1298 κατά
712 1262 783 1309 πρόσω·

439 1331 472 1354 πον
489 1320 523 1354 τών
540 1318 579 1354 τότε
601 1315 698 1365 ἀνθρώπων.
717 1314 781 1366 Polyc.

440 1369 487 1410 Phil.
498 1382 518 1420 3.
547 1373 569 1411 ὣς
578 1374 634 1409 θεοῦ.
643 1399 648 1409 .
656 1400 660 1409 .
668 1371 746 1413 διάκονοι,
756 1371 783 1408 καὶ

439 1427 469 1464 οὐκ
478 1426 575 1477 ἀνθρώπων.
587 1438 604 1477 5.
623 1425 694 1464 ι’νώπιον
702 1429 747 1463 θεοῦ
756 1426 783 1463 καί

438 1481 537 1531 ἀνθρώπων.
551 1481 570 1519 6.
597 1479 657 1520 οἵτινες
669 1480 783 1519 ἀποπλανῶσι

438 1536 495 1575 κενοῦς
512 1536 615 1586 ἀνθρώπους.
631 1534 657 1574 ib.
685 1534 734 1585 οἵπερ
750 1551 782 1585 μη-

438 1591 472 1629 κέτι
492 1591 582 1641 ἅνθρωποι.
601 1589 660 1629 Mart.
679 1588 743 1642 Polyc.
764 1603 782 1629 2.

438 1647 454 1683 αί
464 1649 494 1684 τοῦ
502 1647 556 1696 πυρὸς
564 1645 654 1695 ἀνθρώπαι.
666 1654 693 1694 15.

411 1699 540 1739 Ἀνθυπατεθειν.
568 1699 712 1738 ἀνθυπατεύοντος
730 1705 782 1750 Στρα-

438 1755 475 1793 τίου
484 1756 577 1806 Κοῦράτου.
586 1754 644 1793 Mart.
655 1754 721 1806 Polyc.
733 1766 765 1793 21.

410 1809 515 1850 Ἀνθῦπατοα
544 1810 650 1858 Βουλομένου
663 1811 697 1860 ηάρ
708 1813 739 1847 τοῦ
753 1809 782 1847 ἀν-

438 1865 514 1903 θυπάτου
527 1866 591 1904 πείθειν
604 1866 661 1903 αὐτόν.
675 1864 733 1904 Mart.
744 1864 781 1903 Po·

438 1918 473 1971 lyc.
490 1933 508 1970 3.
535 1923 599 1958 Τοῦτον
615 1923 625 1958 ὁ
643 1920 782 1959 ἀνθύπατος...

438 1976 505 2013 ἔπεισεν
514 1976 583 2023 ἀμθσαι.
595 1988 614 2022 4.
641 1975 718 2025 ἀνηρώτα
731 1977 741 2012 ἀ
753 1975 782 2013 ἀν-

438 2030 518 2069 θύπατος.
529 2041 547 2080 9·
569 2029 677 2081 Ἐηκειμέναυ
686 2031 705 2068 δὲ
713 2033 744 2068 τοῦ
753 2030 782 2068 ἀν-

438 2086 520 2123 θυπάτου.
530 2084 556 2124 ib.
570 2084 591 2122 ‘0
600 2084 695 2124 ἀνθύπατος
703 2086 742 2134 ἔφη.
752 2097 781 2125 10.

437 2140 458 2177 '0
473 2141 492 2178 ἀὲ
507 2139 602 2179 ἀνθῦπατος
616 2142 660 2190 πρὸς
674 2142 725 2178 αῦτάν
739 2138 781 2179 εἶπε.

441 2207 471 2234 11.
499 2196 529 2233 τὸν
537 2194 632 2234 ἀνθύπατον
640 2196 723 2243 ἐκστῆναι.
736 2207 765 2233 12.

410 2250 467 2288 Ἀνιΐιν.
495 2251 550 2301 ῦηίεια
572 2250 626 2288 πλέον
643 2249 701 2298 ἠνίασε
724 2252 781 2289 νόσου.

439 2303 500 2344 ΟΙοιιι.
510 2304 586 2356 Fragm.
596 2303 621 2344 iv.

410 2360 508 2398 Ἀνιστάναι.
545 2362 563 2397 ἐκ
590 2364 652 2409 νεκρῶν
678 2359 781 2407 ἀναστήσας.

438 2413 497 2454 Olem.
509 2414 520 2452 I
531 2426 562 2463 24,
588 2416 676 2452 ἀνίσταται
685 2415 744 2465 ἡμέρα.
754 2413 780 2453 ib.

437 2471 448 2517 ἡ
456 2471 565 2519 ρεηολειάτης
576 2472 606 2517 τῆς
618 2470 708 2518 προνοίας.
717 2499 721 2508 .
732 2498 736 2508 .
744 2470 779 2507 ἀνί-

438 2540 500 2572 στησιν
508 2526 555 2562 αάτά.
564 2523 589 2562 ib.
618 2524 645 2561 ὅτι
658 2523 699 2571 αῦτη
711 2524 722 2572 ἡ
734 2525 781 2574 σάρξ

437 2581 457 2617 οὐ
471 2583 548 2628 κρίνεται,
562 2579 601 2616 ab&
614 2579 707 2616 ἀνίσταται.
722 2578 746 2617 ΙΙ
761 2592 778 2629 9.

437 2635 455 2672 ἐν
468 2632 493 2673 οἷς
506 2635 571 2684 γένοιτό
584 2649 613 2683 μοι
626 2633 723 2682 ἀναστῆναι.
734 2632 778 2685 Ign.

438 2688 486 2741 Eph.
505 2701 533 2727 11.
563 2688 681 2737 ἀνοστίηιτομαι
699 2689 717 2725 έν
734 2691 780 2741 αὐτῷ

437 2743 532 2794 ε’λεῦθερας.
546 2742 601 2781 Rom.
613 2756 632 2791 4.
659 2744 689 2780 τὸν
702 2743 723 2781 δι’
737 2744 780 2793 ἡμᾶς

435 2799 536 2837 ἀναστάντα.
548 2799 565 2837 6.
594 2799 616 2837 ὡς
625 2799 653 2835 καὶ
661 2798 728 2846 ἀληθῶς
739 2800 778 2837 ἀνέ-

437 2869 501 2902 στησεν
513 2855 578 2891 ἔαυτόν.
593 2851 670 2904 Smyrn.
682 2866 700 2892 2.
729 2856 779 2893 Συνέ-

436 2911 489 2958 φερεν
507 2908 526 2945 δὲ
544 2909 600 2947 αὐτοῖς
617 2908 689 2957 ἀγαπᾶν,
708 2908 735 2947 ἵνα
752 2913 780 2949 καί

436 2965 538 3002 ἀναστῶσιν.
555 2975 572 3013 7.
600 2963 621 3000 δι’
637 2963 680 3011 ἡμᾶς
697 2964 731 3002 ὑπὸ
749 2970 780 3004 τοῦ

436 3021 479 3056 θεοῦ
488 3019 588 3056 ἀναστάντα.
598 3016 662 3069 Polyc.
673 3017 722 3058 Phil.
733 3032 751 3069 9.

408 3074 486 3120 Ἀνάητος.
514 3074 609 3124 ἀνθρώποις
617 3074 685 3124 ἀφροσι
693 3079 721 3114 καὶ
730 3076 779 3123 ἀνοη.

435 3144 470 3168 τοις
477 3157 481 3165 .
489 3157 493 3167 .
500 3157 504 3165 .
511 3130 645 3179 πρασκόιίνωμεν.
652 3128 713 3169 Olem.
723 3128 734 3167 Ι
745 3145 775 3169 21.

501 3197 512 3222 (ί
523 3197 532 3221 2
