1958 3490
208 223 209 226 ’
267 226 306 269 DE
323 227 346 270 S.
362 227 483 272 IGNAEII
497 221 669 271 urlsrouls(
740 226 806 269 xxxiii

105 340 187 399 Ignatii
201 356 310 400 nunquam
323 344 422 388 declinat.
453 344 524 387 Semel
538 346 624 386 tantum
638 342 676 392 ait,
690 343 806 399 “Epistola

104 417 118 437 “
128 410 155 454 ad
164 410 317 469 Antiochenses
332 413 384 457 viris
399 413 465 457 doctis
480 428 525 456 non
540 411 623 455 videtur
637 410 742 469 legitima,
757 412 806 469 quia

104 479 154 523 “ab
169 480 301 539 Hieronymo
317 498 361 527 non
379 485 479 526 annotata
495 481 520 525 in
534 496 597 524 censu
609 481 705 538 Operum
717 481 804 538 Ignatii,

103 555 118 576 “
127 549 219 608 ipsisque
229 551 279 596 adeo
289 552 402 596 Veteribus
412 552 440 595 sit
449 550 582 608 incognita.”

132 619 209 664 Daniel
230 621 329 666 Heinsius
354 622 382 666 ad
405 622 492 665 Novum
512 621 680 673 Testamentum,
700 619 804 678 Epistulas
813 632 899 666 Heinsius.

103 689 203 746 quasdam
214 706 285 735 earum
298 707 350 749 quae
364 692 432 735 editae
445 694 502 744 sunt,
514 690 597 748 Ignatii
609 705 683 733 revera
696 690 759 734 fuisse
771 690 803 733 in·
815 677 862 719 '⁶³³'

103 758 165 812 dicat,
176 759 228 803 alias
238 775 281 804 non
289 760 358 804 item„
377 760 481 805 Gerendus
492 760 586 803 Joannes
596 759 692 812 Vossius,
703 759 729 802 de
738 759 804 803 natali
812 766 834 818 (A
839 767 857 800 J.
864 766 903 799 Vos-

102 843 157 871 anno
171 828 259 882 Christi,
270 833 319 873 sect.
329 843 367 886 41,
378 829 444 873 “Alii
458 829 586 886 respondent
600 828 684 886 Ignatii
698 828 803 886 Epistolas
811 821 861 898 lth

72 910 73 914 ’
103 904 170 942 “esse
191 898 340 955 supposititias,
361 914 400 943 neo
419 898 457 942 ulli
476 901 527 942 ante
547 898 665 942 Nicaenum
687 898 804 941 Concilium

103 973 117 994 “
127 971 260 1028 memoratas.
289 968 351 1012 Itane
367 969 432 1012 vero?
454 968 521 1012 Quasi
538 983 581 1011 non
596 966 717 1011 meminerit
733 982 803 1011 earum

102 1042 117 1063 “
127 1029 227 1081 Irenaeus
246 1038 282 1081 lib.
298 1054 313 1082 v
334 1053 380 1095 cap.
400 1038 434 1091 28,
454 1040 475 1081 et
494 1053 520 1081 eo
539 1037 645 1094 antiquior
664 1035 746 1093 ipsique
765 1052 803 1094 par

102 1112 117 1132 “
127 1106 213 1164 Ignatio
229 1107 363 1166 Polyearpus,
379 1107 435 1165 apud
450 1107 573 1160 Eusebium,
587 1106 623 1150 lib.
634 1106 658 1149 iii
673 1106 721 1162 cap,
732 1106 765 1163 36,
778 1109 803 1148 ut

102 1181 116 1202 “
126 1175 151 1220 de
161 1175 255 1234 Origene
264 1180 351 1230 taceam,
362 1177 400 1234 qui
413 1175 514 1234 quiddam
529 1176 578 1220 inde
592 1175 686 1229 adducit,
698 1174 777 1219 Homil.
789 1176 802 1218 6

102 1250 116 1271 “
125 1245 148 1288 in
157 1245 262 1289 Lueam.’'

129 1315 204 1358 Petrus
224 1318 295 1360 autem
315 1315 434 1359 Halloixius
454 1315 538 1359 Jesuita
559 1331 602 1359 non
620 1317 708 1358 tantum
730 1325 886 1360 omnesHalloix.

102 1384 192 1428 Graecas
206 1384 309 1441 genuinas
322 1388 345 1428 et
358 1399 469 1441 germanas
478 1399 524 1428 esse
534 1399 617 1441 operose
627 1383 738 1428 contendit
743 1401 749 1437 3
765 1384 801 1428 sed
810 1369 859 1415 1⁶39·

100 1454 158 1497 etde
171 1453 240 1498 tribus
251 1454 332 1498 Latinis
346 1453 379 1497 ita
389 1454 492 1512 judicium
507 1469 570 1497 suum
583 1454 674 1511 profert:
694 1458 708 1480 “
715 1453 760 1497 Nec
770 1453 800 1498 ita

101 1526 193 1567 “certae
208 1527 265 1578 sunt,
274 1527 300 1567 ut
313 1523 456 1567 indubitatam
468 1523 533 1567 fidem
548 1524 603 1581 apud
617 1538 691 1566 omnes
706 1539 799 1567 merean-

101 1597 115 1618 “
124 1595 166 1646 tur,
176 1608 216 1637 nec
226 1593 257 1636 ita
266 1593 363 1645 incertae,
374 1597 399 1636 ut
409 1607 491 1637 omnem
504 1592 617 1650 perdantf’
646 1592 718 1636 Aliter
728 1596 799 1636 tamen

100 1659 216 1718 Dionysius
236 1661 340 1715 Petavius,
361 1661 411 1704 licet
430 1661 523 1719 ejusdem
543 1661 628 1705 ordinis,
662 1661 893 1715 “constat”aaau.

100 1730 176 1787 inquit,
185 1737 200 1757 “
206 1746 278 1775 omnes
289 1730 371 1788 Ignatii
380 1730 485 1788 Epistulas
497 1731 634 1788 interpolatas
644 1729 716 1774 fuisse.
741 1731 798 1775 Nam

99 1800 222 1858 “pleraque
239 1816 265 1844 ex
283 1800 324 1844 illis
342 1800 391 1843 loca
407 1800 433 1843 ab
450 1800 552 1857 Antiquis
569 1799 660 1854 laudata,
678 1799 713 1843 vel
730 1800 752 1843 in
769 1801 798 1844 eis

100 1874 114 1894 “
123 1869 210 1913 minime
220 1869 357 1926 reperiuntur,
368 1870 402 1913 vel
413 1869 476 1927 longe
488 1870 551 1913 aliter
561 1869 697 1927 concepta”.'’

127 1939 156 1981 Et
166 1938 257 1996 denique
266 1939 327 1982 Walo
337 1938 478 1983 Messalinus:
494 1939 575 1997 “Apud
587 1955 620 1983 me
632 1941 716 1983 constat
726 1955 797 1983 ornnes
806 1952 858 1985 Walo
869 1952 912 1985 Mes-

99 2012 113 2034 “
123 2007 168 2051 illas
179 2008 262 2065 Ignatii
271 2008 377 2065 Epistulas
391 2009 535 2066 supposititias
547 2025 598 2063 esse,
607 2010 642 2053 vel
655 2012 712 2053 certe
725 2010 797 2053 multis
805 1996 911 2074 ΞᾚῙζζὲἱὲξ

99 2081 113 2103 “
123 2076 172 2120 louis
187 2076 322 2135 interpolatas
328 2077 351 2131 3³²
367 2081 390 2121 et
404 2078 473 2136 aliqua
486 2078 569 2131 recitat,
583 2094 635 2136 quae
649 2078 725 2121 “satis
740 2079 857 2128 euin-1041.

98 2150 113 2171 “
123 2146 196 2200 cunt,”
214 2147 290 2205 inquit,
308 2154 322 2174 “
332 2163 376 2191 non
395 2163 454 2205 posse
473 2147 528 2191 illud
548 2149 607 2205 Opus
626 2147 717 2191 Auctori
736 2163 798 2205 quem

99 2217 238 2260 “ementitur
252 2217 363 2261 adscribi.'’
393 2218 426 2261 Ao
440 2233 518 2271 rursus,
530 2223 545 2245 “
552 2218 658 2275 Epistolae
673 2217 722 2261 illae
737 2222 798 2262 natae

98 2290 112 2311 “
122 2288 144 2328 et
153 2286 273 2344 suppositae
283 2287 390 2341 videntur,
400 2286 454 2331 circa
465 2287 553 2331 initium
562 2291 599 2331 aut
609 2287 704 2331 medium
714 2289 797 2332 secundi

98 2359 112 2380 “
122 2355 198 2398 saeculi
204 2373 211 2408 ,·
228 2371 268 2412 quo
276 2359 370 2414 ternpore
377 2356 457 2414 primus
467 2357 581 2414 singularis
589 2357 728 2414 Episcopatus
736 2373 798 2415 supra

98 2428 112 2449 “
123 2424 296 2483 Presbyteratum
305 2426 439 2470 introductus
449 2426 502 2470 est.'’

127 2494 175 2537 Huc
190 2510 257 2552 usque
267 2495 367 2539 Virorum
382 2495 491 2539 doctorum
503 2495 591 2553 judicia,
607 2496 650 2540 sive
667 2497 797 2553 conjecturae

96 2563 166 2618 potius
181 2579 304 2621 progressae
319 2569 378 2619 sunt,
394 2566 444 2608 dum
458 2565 531 2609 Editio
547 2582 591 2609 una
605 2567 693 2618 Graeca,
708 2566 757 2609 licet
772 2581 797 2609 ex

97 2631 177 2676 duobus
198 2633 257 2676 MSS
278 2634 438 2692 exemplaribus,
458 2638 479 2679 et
500 2650 544 2678 una
564 2635 627 2678 etiam
646 2636 796 2692 Interpretatio

97 2700 174 2745 Latina
190 2704 267 2758 Vetus,
283 2704 314 2747 illi
329 2704 382 2748 satis
398 2707 446 2761 apte
461 2705 596 2762 respondens,
612 2709 649 2748 aut
664 2705 692 2748 ab
709 2705 754 2748 aliis
770 2705 797 2749 ad

97 2770 186 2816 Graecos
202 2773 249 2817 illos
262 2774 347 2818 Codices
363 2774 482 2827 reformata,
495 2777 599 2818 exstaret:
615 2774 640 2817 de
655 2774 732 2832 quibus
747 2791 795 2819 con-

93 2839 186 2895 jecturis,
198 2843 300 2887 nonnulla
309 2846 385 2887 notatu
395 2858 437 2886 non
447 2843 537 2900 indigna
544 2843 613 2887 visum
623 2846 655 2887 est
665 2844 781 2889 observare.

118 2950 207 2993 ”[Aliter,
222 2955 260 2995 pout
272 2953 335 2986 Usserii
348 2952 445 2991 editionem,
456 2953 540 2997 judicavit
553 2952 637 2987 Petarius.
661 2953 706 2986 Vide
718 2954 766 2994 infra,
779 2967 796 2999 p.

96 3005 164 3046 xxxviii,
173 3009 191 3040 et
199 3007 243 3041 conf.
252 3008 273 3041 de
281 3007 325 3041 Eccl.
334 3007 439 3047 Hierarchia,
449 3008 458 3040 I
466 3008 477 3040 ii
489 3009 521 3051 14]

125 3072 171 3102 VOL.
182 3075 198 3104 1.
528 3079 540 3105 θ
