2061 3403
192 170 257 214 xxxvi
363 171 584 216 REGEN'PIORUM
599 172 613 214 J
615 170 725 215 UDIOIA
758 135 762 144 ν

192 287 292 331 Editiorre
313 288 394 332 Graeca
413 293 451 332 aut
470 289 565 346 Vulgata
583 287 685 332 Versione
706 291 758 330 tunc
779 288 892 344 repertum,

193 358 266 401 eodem
283 358 347 415 plane
365 358 435 412 modo,
453 373 494 415 quo
511 374 524 401 a
539 358 667 402 Theodoreto
685 357 800 414 productus
817 356 892 407 iuerat,

193 427 299 478 laudasse3
316 428 475 485 circumspicere
485 428 559 486 coepit,
569 444 621 471 num
634 428 688 471 forte
701 426 725 469 in
734 425 815 483 Anglia
824 441 893 469 exem·
907 485 908 488 Ἴ

192 498 238 554 plar
251 497 339 555 aliquod
352 498 457 542 Latinum
468 498 535 542 adhuc
548 498 670 542 delitescens
682 496 768 554 reperiri
779 499 857 553 posset,
867 511 893 539 ex

193 582 233 624 quo
244 582 282 610 sua
291 570 336 610 tres
345 567 378 610 illi
387 568 489 625 Theologi
498 568 617 620 hauserunt,
628 570 649 610 et
658 567 705 610 loca
714 566 794 624 reliqua
804 582 817 609 a
826 566 892 609 Theo-

192 637 265 680 doreto
273 636 362 694 aliisque
370 637 462 695 antiquis
469 637 565 682 Patribus
573 637 642 690 citata,
649 636 735 693 integra
742 638 892 693 comparerent.

194 707 273 759 Quum,
284 722 339 760 ecce,
350 707 415 751 libros
425 707 477 751 duos
487 707 545 750 MSS
555 710 628 750 nactus
638 709 677 759 est,
688 705 794 762 epublica
802 703 892 761 collegii

194 776 288 820 Gonvilli
305 780 328 819 ct
345 776 392 820 Caii
408 778 464 834 apud
480 776 662 833 Cantabrigienses
678 778 762 819 nostros
777 781 863 828 unumP,
881 789 892 817 e

192 948 309 988 arausicano,
317 948 363 980 hune
374 948 392 980 'm
404 948 473 981 modum
483 949 574 982 recitatam.
597 952 607 967 ‘⁶
615 948 723 981 Considerate
731 946 804 990 qualiter
811 945 893 989 [Anthro-

194 1006 205 1021 “
213 1003 308 1047 pomorphi]
315 1015 326 1036 a
334 1004 451 1037 communione
462 1007 479 1037 et
490 1004 564 1039 orations
571 1005 670 1038 Sanctorum
679 1004 772 1044 receduut3
782 1004 851 1046 propter
859 1012 893 1034 non

193 1061 205 1078 “
212 1058 289 1092 confiteri
296 1058 421 1092 Eucharistiam
432 1070 499 1092 carnem
510 1070 544 1093 esse
556 1059 708 1102 Salvatoris,qua1n
716 1059 768 1091 Pater
778 1068 808 1091 sua
819 1056 893 1100 benigni-

194 1116 248 1147 “tate
259 1114 373 1147 resuscitavit.
397 1115 533 1148 Oontradiceutes
544 1115 583 1148 huic
594 1115 643 1155 dono,
655 1116 780 1158 perscrutantes
792 1112 891 1146 moriuntur.

194 1172 206 1188 ‘¹
213 1170 278 1203 Decens
286 1172 312 1203 est
320 1181 330 1202 a
338 1169 401 1203 talibus
409 1170 491 1210 recedere,
500 1173 517 1204 et
528 1182 558 1204 nec
569 1170 679 1204 communiter
689 1181 721 1203 nec
732 1180 806 1203 seorsum
817 1180 855 1202 cunr
869 1168 893 1202 cis

194 1228 205 1245 ¹‘
212 1225 274 1268 loqui.”
285 1225 368 1259 USSER.

213 1283 221 1305 Ρ
234 1281 254 1313 In
266 1284 283 1321 4ο
295 1279 332 1323 756,
344 1280 365 1322 56
377 1280 430 1314 Oatal.
444 1280 489 1314 MSS
499 1282 551 1324 Augl.
561 1289 597 1326 395,
606 1281 650 1314 vell
659 1280 742 1324 37Gatal.
756 1280 797 1314 0011.
811 1280 889 1321 Gaieusis,

192 1335 239 1378 cujus
247 1335 295 1370 Libri
302 1335 364 1369 titulus
371 1335 395 1368 sic
403 1346 420 1368 se
428 1335 489 1369 habet:

213 1389 263 1423 Liber
270 1389 384 1432 Epistolccaa
391 1389 408 1422 S.
416 1389 504 1430 entrecii,
513 1390 589 1433 Episcopi
598 1394 612 1423 ct
621 1389 697 1424 Doctocis
707 1389 766 1424 canani
774 1390 800 1431 81,
809 1393 824 1423 ct
831 1387 894 1431 Episto-

191 1445 246 1479 lncaca
257 1445 274 1477 S.
287 1444 368 1488 Dionysii
380 1445 463 1488 Martyris
475 1445 551 1480 aaran
563 1456 633 1486 naccae,
646 1450 661 1479 ct
673 1445 785 1488 Epistoiaran
797 1445 814 1478 S.
829 1443 894 1487 Ipaatii

191 1500 267 1543 Episcopi
280 1505 295 1534 ct
306 1500 390 1543 Macran
402 1511 468 1534 nanae
481 1509 506 1544 17.
529 1502 606 1535 Dasatac
616 1501 697 1535 coamenti
709 1500 798 1535 Librarius
811 1500 893 1534 Sociorum

192 1556 260 1600 calceya
266 1556 409 1591 Araaaaciationis
416 1558 437 1590 B.
443 1557 510 1591 Maias
516 1557 536 1590 ia
544 1556 651 1600 Oantcica'pia
655 1567 687 1599 per
692 1556 795 1600 anistraas
805 1556 894 1591 Wnitaan

193 1612 252 1651 croac,
261 1612 322 1646 Sacm
334 1612 429 1655 theolopinc
440 1612 553 1656 Pccfcssocan,
565 1612 646 1656 pacatiana
655 1611 721 1646 Sosiam
734 1611 805 1655 cjasdca
819 1611 892 1654 collecti,

191 1679 235 1702 arato
242 1667 313 1701 Donati
322 1677 370 1710 1444,
378 1668 398 1701 in
402 1668 444 1711 sesto
452 1668 469 1701 S.
476 1668 556 1711 Rapacis.

234 1722 322 1765 Epistolae
329 1722 346 1755 S.
357 1722 421 1765 ignatii
428 1723 451 1755 ibi
458 1722 489 1755 hoc
496 1723 554 1756 ordine
561 1725 654 1757 occurrunt.

215 1788 228 1811 r.
242 1778 344 1821 Smyrnaeis.

214 1843 229 1866 2.
242 1833 339 1876 Smyrnaeis
347 1844 357 1865 a
364 1832 430 1865 Troade
438 1832 534 1878 Polycarpo.

214 1899 229 1931 3.
242 1888 326 1934 Ephesiis.

214 1956 229 1985 4.
242 1943 342 1985 Magnesiis.

214 2008 230 2040 5.
243 1998 380 2041 Philadelphicis.

214 2055 229 2088 6.
243 2054 329 2087 Trallesiis
337 2054 395 2087 Asiae.

214 2119 230 2153 7.
242 2109 319 2153 Epistola
327 2109 394 2143 Mariae
402 2109 498 2153 Proselytae
506 2109 652 2143 Ghassaobolorum
662 2109 685 2142 ad
692 2109 784 2152 Ignatium,
792 2109 893 2153 Episcopum

192 2165 298 2200 Antiochiae.
523 2196 524 2199 ,

214 2222 229 2254 8.
242 2220 336 2263 Responsio
344 2219 409 2262 Ignatii
416 2220 481 2254 Mariae
489 2220 584 2264 Proselytae
592 2231 640 2263 super
648 2220 707 2253 eadem
715 2220 796 2263 Epistola.

213 2287 228 2319 9.
241 2275 369 2308 Tharsensibus.

187 2335 188 2338 ’
215 2342 240 2366 ro.
253 2331 372 2365 Antiochenis.

216 2399 240 2421 rr.
252 2387 311 2429 Erum,
320 2386 396 2419 Diacouo
404 2386 488 2420 Ecclesiae
495 2387 644 2420 Autiochenorum.

214 2453 240 2477 ra.
253 2442 359 2486 Martyrium
370 2441 387 2475 S.
396 2442 466 2485 ignaru,
475 2442 552 2486 Episcopi
559 2443 659 2476 Antiochiae
671 2442 736 2486 Syriae.
748 2442 801 2485 Epist.
812 2444 841 2477 xii.
865 2445 892 2478 Sic

192 2501 236 2533 enim
244 2499 268 2532 ibi
275 2497 377 2542 appellatur.
795 2495 798 2504 ³

214 2567 219 2587 r
225 2565 241 2597 3.
252 2554 340 2587 Romanis.

212 2610 282 2653 Scripsit
289 2610 353 2643 Beatos
358 2608 437 2652 carrarias
442 2608 531 2642 Ssaicaceis
538 2620 550 2642 a
555 2609 621 2651 ihcasic,
627 2609 720 2651 Polpcacpo
728 2620 739 2642 a
745 2609 813 2651 Transis,
818 2610 893 2653 Ephesiis

191 2677 202 2699 a
216 2667 292 2708 Sscspaaa,
307 2664 401 2708 Mapaasiis
416 2675 427 2697 a
440 2664 517 2707 Salpina,
531 2664 661 2707 Philansaatas
676 2675 688 2697 a
704 2664 772 2705 noane,
790 2665 868 2699 cantata
883 2677 894 2699 a

191 2722 266 2764 Sapinia
281 2720 351 2754 Mariae
364 2721 459 2764 Pcosciptac
472 2720 493 2752 aa
505 2719 598 2761 Antiochia,
612 2719 718 2753 Tarsensibns
731 2731 743 2752 a
754 2720 892 2764 Philippensibus,

191 2776 296 2811 Antiochensis
308 2788 319 2810 n
327 2776 473 2819 Phiiippoasibns:
485 2776 536 2809 Ecoai
544 2775 617 2809 Diaccno
628 2787 639 2809 a
645 2775 784 2818 Philippensidns,
793 2777 873 2811 ilarionis
883 2789 894 2811 a

191 2833 215 2867 S,
225 2857 229 2865 .
238 2857 255 2865 ..
268 2832 357 2877 [Sncpsrsa],
371 2832 476 2876 Metapa-iasa
488 2831 545 2865 Sacrati
557 2831 622 2874 [piratii
635 2842 671 2865 canr
685 2831 759 2874 Epistola
771 2833 795 2866 ad
807 2834 893 2876 hacanos,

191 2889 252 2932 scripta
259 2889 279 2921 nh
287 2889 324 2932 ipso
331 2889 355 2921 ad
361 2890 443 2932 popalaar
450 2889 564 2922 Itonaaaoraaa.
872 2902 874 2905 ·

216 2955 240 2985 14.
253 2944 265 2976 J
267 2944 317 2976 oanni
325 2944 451 2987 Evangelistae.
