1931 3420
276 240 313 285 ΕΤ
328 241 554 285 FORMULARUM.

36 351 98 400 Βουλή.
113 352 174 399 μεστοί
181 366 199 388 τε
205 351 254 390 ὁσίας
259 353 330 399 βουλῆς.
342 350 401 391 Olem.

62 406 116 445 12..
136 406 185 444 οὐδὲν
203 405 275 454 λέληθεν
290 407 320 454 τήν
337 408 404 455 βουλήν

9 487 11 491 -
62 463 119 500 αὐτοῦ.
136 468 166 510 27.

36 517 121 565 Βοάλημα.
150 518 174 567 τῷ
183 520 330 568 παντοκρατορικῲ
339 515 403 564 βουλή-

61 587 101 621 ματι
115 572 177 609 αὐτοῦὲ
194 569 253 610 Clem.
272 571 314 610 I8.
344 572 403 610 εἷς.τὸ

39 663 40 666 ,
61 626 169 677 μακράθυμον
189 627 240 664 αὐτοῦ
263 626 347 674 βούλημα.
372 639 400 677 19.

61 684 81 719 τδ
98 681 176 731 ἀκέραιον
189 683 219 729 τῆς
236 680 332 731 πραΰτητος
348 683 403 719 αὐτῶν

61 736 146 784 βούλημα.
163 748 193 775 21.
218 736 298 786 ἐξαίφνης
312 737 401 785 τελειωθή-

62 788 111 830 σεται
120 792 140 828 τὸ
149 790 228 839 βοθλημα
241 793 296 830 αὐτοῦ.
314 803 345 841 23.
370 793 402 841 ἐπὶ

61 848 91 884 τὸν
103 846 177 895 ἀσφαλῆ
192 849 222 884 τοῦ
236 848 279 884 ἰδίου
293 846 402 895 βουλήματος

61 900 144 949 θεμέλιον.
160 912 190 950 33.

35 955 124 1004 Βοίλησις.
161 959 208 1003 τῇη
220 957 296 1008 ιε’νδόξῳ
317 956 401 1005 βουλήσει

61 1012 119 1050 αι’ποῦ.
137 1009 196 1050 Olem.
211 1011 253 1061 I-9.
283 1012 304 1049 τὰ
320 1010 401 1059 ἀνήκοντα

60 1069 81 1114 τῇ
102 1066 166 1116 ἀμώμῳ
188 1066 272 1115 βουλήσει
285 1067 347 1105 αὐτοῦ.
368 1075 399 1116 35.

39 1158 40 1161 ,
60 1124 81 1168 τῇ
97 1121 182 1171 ὑπερτάτη
197 1122 249 1159 αὐτοῦ
263 1121 351 1169 βουλήσει.
368 1134 399 1169 40.

60 1177 107 1226 παρὰ
125 1177 145 1213 τὸ
163 1177 234 1225 καθῆκον
251 1179 281 1225 τῆς
300 1176 401 1225 βουλήσεως

60 1232 117 1268 αὐτοῦ.
133 1243 169 1281 41.

34 1288 122 1336 Βραβεῖον.
143 1288 228 1334 ὑπομονῆς
236 1289 323 1336 βραβεῖον.
339 1285 398 1326 olem.

60 1340 71 1378 Ι
81 1348 98 1389 5.
114 1342 197 1390 βραβεῖον
206 1341 329 1391 ἀναντίρρητον.
340 1341 397 1380 Mart.

61 1395 167 1447 Polyc.17.

34 1452 106 1501 Βράδιον
118 1479 149 1490 .,.
162 1451 270 1501 ἐπιστροφήν
287 1452 398 1499 πεποιηκέναι.

60 1504 169 1550 Olem.l1.

33 1560 130 1610 Βραδίνειν.
155 1597 156 1601 ,
176 1561 232 1598 Ἀλλά
254 1562 271 1598 τί
293 1561 398 1609 βραδύνεις;

60 1614 118 1654 Mart.
129 1615 192 1667 Polyc.
204 1628 235 1653 11.

33 1670 125 1719 Βραδάτης.
154 1673 170 1708 οἱ
188 1671 219 1718 μέν
236 1675 339 1720 στρατιῶται
356 1673 399 1721 ὑπὲρ

59 1728 89 1774 τῆς
103 1725 209 1776 βραδύτητας
223 1727 318 1774 ἤσχαλλον.
340 1725 397 1766 Mart.

59 1780 130 1833 Ign.¹5.

33 1839 99 1885 Βρῶμα.
129 1837 149 1873 οὐ
158 1836 191 1885 γάρ
202 1836 297 1885 βρωμάτων
306 1837 333 1873 καὶ
342 1840 399 1874 ποτῶν

17 1929 19 1935 ,
59 1891 187 1929 εἶσὶνδιάκονοι.
195 1889 298 1941 Ign.Trall.
307 1903 324 1929 2.
337 1893 399 1941 βρῶμα

59 1947 172 1995 γενησόμενον
180 1946 246 1995 θηρίων.
257 1944 314 1985 Mart.
325 1945 367 1997 Igu.
380 1958 397 1984 2.

33 1999 85 2039 Βύειν.
100 2001 185 2046 βάσαντες
192 2001 213 2037 τά
220 2001 259 2038 ὦτα.
271 1999 312 2052 Ign.
322 2000 370 2052 Eph.
379 2014 397 2051 9.

32 2056 112 2101 Βυθίζειν.
128 2054 258 2102 ἐβοθίσθησαν
270 2056 294 2094 εἷς
307 2056 399 2094 θάλασσαν

15 2138 17 2141 .
58 2110 134 2159 ἐρυθρόν,
151 2109 210 2149 Olem.
221 2109 232 2147 Ι
242 2118 273 2159 51.

32 2167 96 2212 Βωμός.
127 2167 155 2204 ἐπὶ
173 2167 202 2203 τδν
221 2168 251 2203 τοῦ
267 2165 316 2213 ἡλίου
334 2169 397 2214 βωμόν.

58 2219 118 2260 olem.
129 2220 140 2258 Ι
151 2230 183 2269 25.

31 2278 98 2322 Γαμεῖν.
126 2277 192 2326 Πρέπει
205 2275 224 2313 δέ
236 2278 272 2314 τοῖς
283 2279 358 2326 γαμοῦσι
371 2278 398 2313 καὶ

58 2333 94 2370 ταῖς
109 2332 227 2384 γαμουμέναις.
241 2329 283 2382 Ign.
299 2330 362 2382 Polyc.
378 2339 395 2380 5.

58 2388 97 2425 Τοίς
104 2386 147 2426 νέοις
156 2387 236 2436 ἐπίτρεπε
244 2388 309 2435 γαμεῖν.
319 2385 395 2438 Fragm.

57 2452 82 2479 Vl·

31 2495 111 2543 Γαμέτης,
139 2498 193 2543 Ζῆλος
208 2496 350 2545 ἀπηλλοτρίωσεν
364 2511 395 2545 γο-

57 2552 108 2597 μετάς
117 2551 186 2601 ἀνδρῶν.
202 2549 261 2589 Olem.
272 2550 283 2588 I
293 2550 310 2588 6.

31 2604 91 2652 Γάμος.
105 2605 132 2644 ἵνα
141 2608 151 2643 ὁ
160 2608 214 2656 γάμος
222 2604 233 2654 ᾖ
242 2607 284 2643 κατὰ
293 2607 342 2644 θεόν.
352 2604 395 2657 Igu.

58 2658 151 2712 Polye.⁴5.

31 2713 95 2761 Γέμειν.
130 2715 206 2763 τοιαίκτης
226 2714 291 2764 ἀχλύος
310 2714 396 2765 γέμοντες.

58 2768 118 2809 Olem.
138 2770 160 2808 Π
181 2764 197 2808 1.
237 2771 291 2809 Εἰδὼς
309 2770 335 2807 θτι
353 2773 397 2807 θεοῦ

57 2824 122 2873 γέμετε.
136 2825 178 2877 Igu.
190 2824 255 2876 Magn.
268 2837 299 2873 14.

30 2881 87 2918 Γενεά.
116 2883 146 2929 τῆς
160 2883 219 2931 γενεᾶς
234 2881 280 2929 ἡμῶν
295 2881 316 2917 τά
330 2881 397 2929 γενναῖα

57 2935 177 2985 ὑποδείγματα.
193 2934 252 2974 Glem.
268 2935 278 2973 I
293 2944 310 2984 5.
339 2933 396 2972 Ἀνέλ-

57 2990 114 3038 θωμεν
132 2992 156 3030 είς
174 2991 204 3030 τάς
222 2991 281 3041 γενεάς
296 2991 358 3028 πάσας.
378 2996 395 3038 7.

57 3045 75 3082 ἐν
83 3049 132 3094 γενεᾷ
141 3047 168 3083 καὶ
176 3049 230 3095 γενεᾷ.
241 3044 266 3084 ib.
290 3047 314 3084 είς
323 3045 394 3093 σημείω-

57 3115 86 3137 σιν
94 3102 158 3139 πάσαις
171 3103 207 3139 ταῖς
220 3103 289 3150 γενεαῖς.
307 3112 336 3137 11.
365 3103 395 3136 τάς

770 244 796 286 31

457 354 491 401 πρὸ
506 352 553 399 ήμῶν
569 353 632 401 γενεάς.
651 363 680 401 19.
708 355 729 399 Αἱ
743 359 798 402 γενεαὶ

457 409 512 444 πᾶσαι
525 406 558 444 ἀπὸ
567 406 626 454 Ἀδάμ.
643 414 675 455 50.
703 405 718 458 ᾧ
731 407 741 455 ή
755 408 798 455 δόξα

440 499 442 503 ,
459 490 475 499 ..
485 490 489 499 .
500 462 533 498 ἀπδ
547 463 606 510 γενεᾶς
621 462 645 500 εἷς
654 463 722 511 γενεάν.
739 461 796 512 Mart.

457 515 520 567 Polyc.
533 527 563 555 21.

430 570 522 610 Γενέθλιος.
549 571 580 618 τήν
592 574 623 608 τοῦ
638 572 731 621 μαρτυρίου
745 573 797 610 αὐτοῦ

447 625 519 676 ,ἡμέραν
525 626 616 676 γενέθλιον.
628 625 685 665 Mart.
693 625 756 677 Polyc.
766 628 795 666 18.

430 684 511 720 Γενναῖος.
545 682 566 718 τά
587 684 654 730 γενναῖα
677 682 796 732 ὑποδείγματα.

457 734 517 774 Olem.
531 734 542 774 Ι
556 745 573 785 5.
601 737 621 773 τὸ
637 739 712 785 γενναῖον
726 739 756 784 τῆς
768 739 797 776 πί-

433 828 435 831 .
456 807 511 830 στεως
529 792 580 828 αὐτοῦ
598 791 653 830 κλέος.
674 790 698 829 ib.
730 793 797 837 ἔλαβον

455 846 506 896 γέρας
520 849 601 896 γενναῖον.
617 847 634 885 6.
671 843 707 884 εἶτα
721 850 797 897 γενναῖος

455 903 550 951 γενόμενος.
563 910 597 950 25.
632 903 661 940 Τίς
679 901 709 939 οὖν
723 903 741 939 ἐν
758 903 797 951 ὑμῖν

454 959 543 1006 γενναῖος;
564 965 595 1005 54.
636 959 646 993 ό
668 959 743 1006 γενναῖος
765 961 796 995 τοῦ

455 1015 531 1061 Χριστοῦ
540 1013 648 1061 στρατιώτης.
659 1010 716 1050 Mart.
725 1011 768 1063 Igu.
777 1025 794 1051 2.

453 1067 524 1117 γενναίῳ
540 1069 618 1116 μάρτυρι.
637 1074 655 1116 7.
690 1071 758 1116 γενναῖα
773 1069 795 1105 τὰ

453 1120 541 1171 μαρτύρια.
560 1121 698 1176 Μυ11.ΡοΙγο.
719 1134 735 1161 2.
771 1125 795 1160 Τὸ

453 1177 487 1226 γὰρ
500 1179 577 1226 γενναῖον
592 1178 651 1216 αὐτῶν.
671 1176 696 1216 ib.
725 1177 745 1214 Ι0
760 1179 794 1228 γάρ

453 1234 569 1281 γενναιότατος
578 1234 682 1282 Γερμανικός.
698 1244 716 1281 3.
745 1255 746 1258 ¹
766 1258 767 1262 =

426 1288 527 1334 Γενναιάτης.
555 1287 598 1326 Τοδς
607 1287 626 1324 δέ
635 1288 662 1324 καὶ
675 1288 699 1326 εἷς
711 1291 795 1337 τοσοῦτον

452 1344 568 1391 γενναιότητος
581 1343 642 1388 ἐλθεῖν.
658 1341 716 1381 Mart.
727 1342 792 1394 Polyc.

454 1408 471 1434 2.
500 1397 530 1444 τήν
544 1398 651 1446 γενναιότητα
702 1401 737 1436 τῶν
750 1404 793 1448 Χρι-

453 1455 529 1490 στιανῶν.
545 1463 563 1500 3.

407 1519 408 1523 ¹
426 1508 490 1544 Γεννᾶν.
519 1507 589 1554 σκώληξ
598 1521 624 1545 τις
632 1509 714 1556 γεννᾶται.
730 1505 792 1547 Olem.

452 1560 505 1609 125.
532 1563 573 1610 πρὶν
585 1561 628 1609 ἡμᾶς
641 1562 743 1611 γεννηθῆναι.
759 1564 790 1612 38.

452 1615 471 1655 δς
487 1615 566 1665 ἐγεννήθη
582 1617 609 1653 καὶ
627 1617 728 1665 ἐβαπτίσθη.
749 1617 792 1669 Ign.

452 1669 501 1721 Eph.
514 1672 549 1709 ⁷18.
585 1670 604 1710 δς
619 1671 686 1718 ἀληθῶς
704 1672 790 1722 ἐγεννήθη.

452 1724 509 1764 Trall.
526 1738 544 1775 9.
575 1728 606 1764 τὰς
620 1728 709 1776 γεννώσας
728 1729 793 1777 καμπδν

451 1782 574 1830 θανατηφόρον.
591 1793 621 1818 11.
654 1782 721 1831 κεφαλή
739 1784 792 1833 χωρίς

451 1836 547 1885 γεννηθῆναι
556 1836 596 1873 ἀνευ
606 1838 668 1884 μελῶν.
684 1835 709 1875 ib.

424 1892 507 1938 Γέννησις.
544 1892 711 1941 πεπληροφορήσθαι
734 1893 753 1929 ἐν
771 1896 792 1941 τῇ

451 1945 534 1995 γεννήσει.
549 1945 592 1997 Ign.
602 1945 667 1997 Magn.
679 1959 708 1985 11.

424 2002 508 2049 Γεννητός.
530 1999 560 2039 Είς
569 2001 626 2051 ἰατρός
635 2002 682 2039 ἐστιν
693 2031 722 2041 .,.
733 2018 791 2053 γεννη-

451 2057 481 2094 τὸς
489 2057 516 2093 καὶ
524 2055 618 2106 ἀγέννητος.
633 2056 676 2107 Ign.
687 2056 735 2108 Eph.
748 2065 765 2107 7.

424 2110 479 2149 Γένος.
514 2112 533 2148 ἐκ
541 2112 600 2161 γένους
612 2112 672 2156 Δαβίδ.
687 2110 730 2163 Igu.
741 2111 790 2164 Eph.

453 2178 484 2214 20,
494 2165 551 2204 Trall.
563 2179 580 2216 9,
591 2165 667 2217 Smyrn.
678 2178 694 2205 1.
712 2171 743 2205 τοῦ
753 2169 790 2205 θεο-

451 2222 514 2269 φιλοῦς
525 2250 554 2260 .,.
565 2221 624 2271 γένους
637 2226 670 2259 τῶν
679 2228 789 2271 Χριστιανῶν.

451 2274 508 2315 Mart.
520 2275 583 2327 Polye.
595 2288 613 2325 3.
642 2278 669 2314 καί
684 2279 746 2316 παντὸς
760 2281 791 2315 τοῦ

449 2331 509 2380 γένους
518 2335 552 2368 τῶν
561 2332 632 2369 δίκαιον.
646 2343 675 2379 14.
699 2334 709 2368 ὁ
718 2332 789 2370 ἀντικεί-

428 2416 429 2419 ,
449 2401 499 2434 μενος
508 2389 532 2437 τῷ
540 2386 586 2435 γένει
594 2390 629 2423 τῶν
638 2386 709 2424 δικαίων.
723 2394 753 2436 17.
763 2416 764 2419 ¹

422 2440 479 2489 Γέρας.
502 2441 567 2485 ἔλαβον
575 2440 627 2490 γέρας
635 2443 715 2490 γενναῖον.
727 2440 788 2480 Olem.

424 2549 509 2588 Γεάεσθαι.
527 2551 557 2597 τής
565 2549 649 2587 ἀθανάτου
658 2552 738 2597 γνώσεως
746 2551 798 2600 ἡμᾶς

449 2602 626 2654 γεύσασθαιθίυω.
640 2604 651 2642 Ι
665 2605 696 2653 36.
725 2605 746 2644 οδ
760 2607 790 2644 ἐὰν

449 2659 532 2709 γείσηταί
540 2674 570 2697 τις.
585 2658 627 2710 Igu.
638 2658 695 2698 Trall.
708 2672 738 2698 11.
748 2698 749 2701 ,

425 2717 510 2763 Γεωργεῖν.
530 2714 600 2752 άστινας
608 2715 629 2751 οὐ
637 2717 710 2764 γεωργεῖ
716 2715 788 2763 Ἰησοῦς.

451 2768 493 2820 Ign.
504 2767 576 2807 Philad.
588 2780 605 2817 3.

424 2826 451 2872 Γῆ.
472 2824 542 2871 ἐξῆλθεν
551 2824 569 2861 ἐκ
578 2826 608 2870 τῆς
616 2825 647 2873 γῆς
656 2824 717 2862 αὐτοῦ.Ὶι
728 2823 788 2865 Olem.

450 2877 502 2916 Ilo.
530 2877 576 2917 ὅπως
588 2879 789 2928 γήνόλίγην.,.κατο-

449 2935 509 2971 λιπών,
519 2932 544 2971 ib.
560 2935 570 2969 ὁ
579 2934 664 2982 βασιλεὺς
671 2937 700 2982 τῆς
708 2952 746 2986 γης,
759 2950 789 2976 12.

450 2990 473 3036 Γῆ
482 2990 597 3038 κυοφοροῦσα.
610 3001 641 3027 20.
655 2990 719 3034 ἔβαλεν
727 2993 752 3031 εἷς
760 2994 791 3042 τήν

449 3045 485 3092 γῆν.
503 3055 533 3091 24.
562 3044 609 3081 άτινα
622 3044 711 3087 πέπτωκεν
722 3048 747 3086 είς
760 3049 791 3096 τήν

448 3100 480 3148 γήν
489 3099 537 3148 ξηρά.
549 3097 574 3137 ib.
604 3099 712 3150 ἐξεχώρησεν
720 3105 750 3150 τῆς
758 3105 789 3153 γῆς
820 3115 822 3117 ·
