1931 3420
305 236 342 279 ΕΤ
357 236 583 282 FORMULARUM.
711 253 713 257 ·
799 240 827 285 91

95 370 129 393 των
147 355 247 403 έωρόκαμεν.
267 351 290 391 Π
308 363 338 390 11.
372 354 436 393 πόντος

95 413 140 458 ὁρῶν
153 409 231 447 εὐνοϊκῶς
244 407 360 454 διακειμένους.
375 406 434 447 Mart.

490 356 508 392 δέ
527 357 571 407 αιἰτῷ
590 356 682 404 ὀφείλομεν
697 354 751 402 ὁσισ;
772 354 794 393 Π
811 368 826 393 1.

489 410 531 460 ἔργα
540 411 608 459 ἔχοντες
616 408 660 448 ὁσια.
672 410 690 449 6.

95 464 140 515 Ign.
154 474 171 510 4.
201 463 315 510 ἐπευχόμενον
329 462 367 510 ήμῖν
381 464 435 513 έωρῶ-
461 463 546 513 Ὁσιότητ.
574 465 593 501 έν
601 465 676 511 ὁσιότητι
686 465 750 514 ψυχῆς.
766 462 825 503 Clem.

94 517 238 567 μεν...Ἰγνάτιον.
250 523 267 565 7.

65 573 144 623 Ὅρασις.
160 570 238 618 τοιαύτης
250 570 315 620 ἀχλόος
325 570 405 620 γέμοντες
416 573 435 610 έν

93 631 114 675 τῇ
124 627 190 675 ὁρόσει.
201 624 263 665 Olem.
274 624 296 663 ΙΙ
306 637 324 663 1.

488 518 498 556 Ι
515 531 545 569 29.
573 520 592 556 έν
610 520 686 565 ὁσιότητι
704 518 776 567 κᾱρδίας.
794 530 825 567 32.

488 572 615 626 κατευθῦναντες
634 574 665 620 τήν
683 574 753 621 πορείαν
772 573 827 610 αῦτῶν

487 628 506 665 ἐν
515 630 595 675 ὁσιότητι,
606 629 638 675 48.

66 683 143 732 Ὅρατός.
172 683 225 731 ὁρατά
237 696 256 718 τε
268 681 295 718 καὶ
304 681 372 729 ἀόρατα.
388 681 432 733 Ign.
460 680 528 721 Ὀσίως.
557 683 638 730 ἀνδράσιν
654 680 707 721 ὁσίως
724 683 826 719 πολιτευσο-

94 735 153 775 Trall.
164 743 183 784 5.
212 735 271 782 Μηθέν
283 751 305 783 με
319 736 387 783 ζηλώσῃ
401 740 435 774 τῶν

94 794 166 840 ὁρατῶν.
190 788 247 828 Rom.
267 798 284 839 5.
319 792 336 827 οἱ
352 790 434 839 ἀρχοντες

94 845 153 896 ὁρατοί
165 860 184 882 τε
197 846 224 882 καὶ
236 845 310 894 ἀόρατοι.
326 843 403 895 Smyrn.
414 846 433 884 6.

94 901 124 938 τὸν
138 900 215 949 ἀόρατον,
230 900 259 937 τὸν
273 899 295 936 δι’
311 900 353 948 ήμᾶς
367 902 432 950 ὁρατόν.

93 953 157 1005 Polyc.
170 966 189 1004 3.

90 1078 125 1101 των
138 1064 192 1101 θυσία
205 1064 274 1113 εὑρεθω.
288 1062 331 1115 Igu.
344 1063 400 1103 Rom.
411 1079 430 1112 4.

90 1119 111 1156 τὰ
124 1119 167 1167 πρδς
180 1118 211 1165 τήν
221 1120 276 1167 πυρόν
287 1118 386 1167 ἡρμοσμένα
399 1119 428 1168 ὁρ-

94 1188 142 1222 γανα.
157 1171 216 1211 Mart.
227 1171 289 1224 Polyc.
301 1185 331 1223 13.

488 737 548 785 μένοις.
565 735 626 776 Olem.
641 735 652 774 I
666 736 684 773 6.
711 738 747 775 τοῖς
761 737 826 784 φοβου-

488 793 544 839 μένοις
557 793 588 829 τὸν
601 792 644 829 θεὸν
658 792 715 829 ὁσίως.
730 801 760 828 21.
788 791 828 829 τοῦς

488 846 506 883 έν
513 848 558 898 αὐτῷ
567 846 620 885 ὁσίως
627 845 790 894 ἀναστρεφομένους.
800 843 824 883 ib.

488 905 522 939 τῶν
530 901 583 939 ὁσίως
594 902 638 952 σῦτῲ
649 901 782 938 δουλευσόντων.
795 899 826 937 26.

488 955 540 995 ὁσίως
554 957 609 994 πάντα
622 956 644 992 τὰ
657 957 735 1004 γινόμενα
748 955 766 992 έν
779 954 827 991 εῦδο-

487 1010 539 1058 κήσει.
561 1023 591 1059 40.
630 1011 669 1048 τοῦς
690 1008 782 1057 ἀμέμπτως
799 1011 826 1046 καλ

487 1066 539 1104 ὁσίως
547 1067 691 1115 προσενεγκόντας
699 1065 721 1102 τὰ
730 1065 780 1113 δῶρα.
791 1075 825 1111 44.

488 1121 503 1157 εἰ
518 1120 541 1168 μή
555 1122 575 1158 τὸ
591 1121 643 1158 ὁσίως
659 1120 686 1156 καὶ
701 1119 768 1157 δικαίως
786 1118 825 1156 ἀνα-

488 1175 600 1224 στρέφεσθαι.
611 1172 634 1212 Π
644 1183 661 1222 5.

65 1226 124 1277 Ὁρμή.
153 1227 337 1278 ἀποθέμενοι...ὁργός.
350 1226 433 1267 olem]
459 1229 522 1276 Ὀαμή.
545 1226 825 1277 ἀπδτήςὸσμήςέλεγχθήσεσθε.

95 1294 124 1330 13.
153 1283 197 1331 πρδς
209 1282 240 1320 τδς
253 1283 306 1332 ἀργός
319 1284 375 1320 αὐτῶν
386 1284 433 1331 ὑμεῖς

487 1282 529 1334 Ign.
540 1282 606 1334 Magn.
613 1295 645 1321 ιο.

92 1338 156 1384 πραεῖς.
176 1336 219 1387 Ign.
234 1335 284 1387 Eph.
298 1349 327 1375 10.
358 1335 384 1374 Ἦ
398 1338 432 1388 γὰρ
456 1337 516 1377 “om
537 1336 825 1384 όσαὸΔεσπότηςέπιτελεῖνέκέ-

91 1391 122 1438 τήν
137 1390 237 1439 μέλλουσαν
253 1392 305 1441 όρηήν
321 1392 430 1441 φοβηθῶμεν.

94 1457 124 1483 11.
149 1445 185 1494 ΔΟῦ
205 1446 224 1482 δέ
240 1448 324 1495 μερισμός
340 1447 387 1484 ε’στιν
405 1448 432 1484 καὶ

92 1499 139 1549 ἀργή.
154 1498 228 1538 Philad.
240 1501 257 1538 8.
286 1501 388 1549 ἀπεχόμενοι
400 1502 432 1539 πά-

93 1570 126 1600 αης
135 1555 191 1604 ἀργῆς.
207 1553 270 1605 Polyc.
281 1554 331 1593 Phil.
343 1556 360 1594 6.

65 1608 142 1658 Ὀρίζειν.
170 1608 270 1659 ὡρισμένοις
284 1613 352 1660 καιροῖς.
369 1608 430 1649 Olem.

92 1662 147 1710 140.
176 1664 227 1702 αὐτὸς
241 1665 303 1712 ῶρισεν
314 1668 334 1712 τῇ
348 1666 431 1714 ῦπερτότῃ

91 1718 143 1755 αὐτοῦ
152 1717 242 1765 βουλήσει.
252 1717 276 1757 ib.
299 1721 329 1756 τὸν
338 1719 432 1769 ὡρισμένον

91 1774 120 1819 τῆς
131 1774 237 1822 λειτουργίας
250 1775 302 1811 αὐτοῦ
316 1776 381 1812 κανόνα.
397 1786 429 1821 41.

89 1828 105 1864 οἶ
123 1827 214 1865 ε’πίσκοποι
227 1829 269 1865 κατὰ
282 1829 304 1865 τιλ
317 1828 381 1877 πέρατα
394 1831 429 1877 ὁρι-

89 1881 163 1919 σθέντος.
175 1881 218 1932 Ign.
229 1880 279 1932 Eph.
290 1894 308 1932 3.

61 1933 151 1983 Ὁρισμός.
180 1937 303 1982 ἐξελίσσουσιν
319 1938 358 1975 τοῦς
376 1937 430 1974 ἐπιτε-

78 1990 184 2039 ταγμένους
198 1992 254 2029 αὐτοῖς
267 1990 353 2040 ὁρισμσίις.
370 1989 429 2029 Olem.

88 2042 100 2081 Ι
115 2056 146 2082 20.

58 2095 126 2147 Ὅρκος.
156 2099 242 2147 ε’λόλησεν
251 2100 288 2148 μεθ)
298 2099 353 2149 ὁρκου.
369 2098 429 2138 Olem.

57 2204 134 2256 Ὄρνεον.
157 2207 266 2257 ”ορνεον,..ὁ
284 2210 429 2258 πρασονομόζετοι

88 2263 150 2310 Φοίνιξ.
171 2261 230 2302 Olem.
246 2262 258 2301 I
273 2272 304 2311 25.
334 2264 354 2300 δι’
370 2264 428 2313 ἀρνέου

87 2317 171 2355 δείκνυσιν
181 2318 223 2365 ήμίν.
236 2318 266 2356 26.

56 2367 116 2419 Ὄρος.
145 2374 188 2420 πρὸς
201 2372 219 2409 έν
230 2377 264 2410 τῶν
273 2372 330 2422 ἀρέων.
347 2371 406 2411 Olem.
417 2371 428 2409 Ι

90 2437 120 2464 10.
150 2427 239 2466 Μωῦσέως
251 2428 285 2477 γὰρ
298 2428 392 2471 ἀναβάντος
405 2427 429 2465 εἷς

87 2481 161 2529 τὸόρος.
173 2490 203 2530 53.

21 2568 23 2573 ,
60 2533 152 2583 Ὀρφανός,
180 2536 199 2572 οῦ
213 2536 252 2584 περὶ
266 2536 348 2584 ὀρφανοῦ,
357 2536 377 2572 οῦ
389 2536 428 2583 περὶ

87 2589 194 2637 θλιβομένου,
212 2589 255 2641 Ign.
271 2588 346 2641 Smyrn.
358 2589 375 2626 6.
403 2590 426 2636 μή

87 2644 188 2691 ἀμελοῦντες
200 2645 279 2694 χήρας,ή
293 2646 375 2694 ὀρφανοῦ.
390 2643 426 2681 Ρο-

86 2697 123 2749 lyc.
134 2697 183 2743 Phil.
195 2700 212 2737 6.

57 2749 123 2791 Ὅσιος.
158 2755 219 2801 μεσταί
241 2770 260 2791 τε
283 2755 332 2792 ὁσίας
354 2754 425 2800 βουλῆς.

87 2806 148 2846 Olem.
164 2807 175 2845 I
190 2821 207 2846 2.
241 2808 289 2846 ὁσιου
299 2838 302 2847 .
314 2838 318 2847 ,
330 2809 425 2854 ,ὑπηκόους

86 2861 129 2909 ἡμᾶς
142 2865 208 2910 μᾶλλον
218 2863 302 2913 γενέσθαι.
316 2875 345 2910 14.
374 2862 425 2899 δικαί-

86 2932 116 2955 ους
126 2918 277 2965 ἀποβεβλημένους
288 2918 322 2956 ἀπὸ
335 2917 387 2954 ὁσίων
395 2917 424 2953 ἀν·

486 1395 553 1430 λευσεν.
569 1391 628 1432 Olem.
641 1391 652 1429 I
665 1403 695 1438 40.
725 1391 762 1442 ὁσιρ
775 1391 825 1429 πλεί-

486 1462 524 1486 ονος
544 1447 669 1494 κατηξιῶθημεν
685 1447 770 1495 γνώσεως.
791 1457 822 1493 41.

486 1501 523 1552 ὅσῳ
532 1502 578 1539 δοκεῖ
585 1503 652 1549 μᾶλλον
660 1501 721 1547 μείζων
729 1498 775 1538 εἶναι.
791 1501 824 1547 48.

483 1554 531 1593 ’Ὅσα
552 1556 581 1594 οῦν
598 1555 700 1604 πορέβημεν.
721 1566 753 1602 51.
790 1554 825 1592 ὁσα

486 1610 572 1659 ὑπέμεινεν
578 1610 596 1647 Ἰ.
602 1617 623 1647 X.
630 1609 694 1647 παθεῖν.
706 1607 729 1646 Π
738 1622 753 1647 1.
770 1608 824 1647 ’Ὅσοι

485 1665 519 1714 γάρ
534 1668 578 1702 θεοῦ
592 1664 640 1702 εἰσίν,
656 1662 699 1714 Ign.
714 1662 789 1702 Philad.
805 1676 822 1713 3.

485 1718 524 1756 ὁσοι
533 1719 553 1756 όν
562 1718 694 1767 μετανοήσαντες
703 1719 784 1756 ἔλθωσιν.
794 1716 820 1756 ib.

484 1773 539 1812 ὁλλας
550 1774 592 1812 ὁσσς
604 1771 671 1821 εἴχομεν
679 1772 719 1821 παρ’
729 1773 771 1821 ἡμῖν.
787 1771 823 1811 Ρο-

483 1827 519 1878 lyc.
530 1827 578 1866 Phil.
588 1840 617 1877 13.

455 1882 532 1921 Ὀστέον.
560 1883 603 1921 ὅπου
614 1882 635 1919 τὰ
646 1882 691 1918 ὀστᾶ
699 1884 730 1919 τοῦ
739 1896 823 1931 προγεγο-

485 1939 537 1976 νότος.
554 1936 613 1975 Olem.
627 1935 638 1973 I
653 1943 683 1984 25.
719 1937 824 1983 σκορπισμοὶ

485 1992 555 2029 ἀστέων.
575 1990 618 2042 Ign.
633 1990 689 2029 Rom.
705 1998 722 2038 5.
754 1989 824 2037 δοκιμώ-

484 2062 525 2095 τερα
543 2047 585 2094 ῦπέρ
603 2046 676 2095 χρυσίον
693 2046 742 2083 ἀστά.
765 2043 821 2083 Mart.

485 2099 548 2152 Polyo.
560 2102 589 2138 18.

456 2156 542 2204 Οὸράνιος.
557 2156 608 2205 ἀρτον
617 2155 699 2203 οῦράνιον.
709 2152 753 2204 Igu.
764 2153 821 2191 Rom.

484 2218 501 2259 7.
530 2210 554 2248 εἶς
566 2210 596 2256 τήν
605 2210 683 2257 οὐράνιον
692 2209 783 2253 βασιλείου
792 2208 821 2244 αῦ-

483 2268 517 2302 ιοῦ,
533 2263 592 2301 Mart.
602 2262 668 2313 Polyc.
680 2274 717 2304 22.¹

456 2320 534 2368 Οὐρανός.
563 2320 584 2354 Οἱ
594 2319 661 2367 οὐρανοὶ
670 2320 690 2362 τῇ
701 2315 782 2362 διοικήσει
791 2317 821 2352 αό-

482 2376 512 2410 ταῦ
535 2374 650 2419 σαλευόμενοι.
675 2369 733 2408 Olem.
758 2369 768 2407 I
788 2382 819 2408 20.

482 2427 562 2475 οὐρανοὺς
582 2424 677 2474 ἐστήρισεν.
697 2436 728 2473 33.
767 2424 820 2461 ἀτενί-

425 2522 427 2524 ‚
482 2483 531 2527 ζομεν
540 2481 563 2518 εἷς
574 2481 595 2516 τὰ
606 2479 644 2527 ῦήνη
653 2482 686 2516 τῶν
695 2480 773 2528 οὐρανῶν.
786 2479 818 2527 36.

480 2535 545 2583 Ἀστήρ
560 2535 578 2571 ἐν
591 2535 656 2583 οὐρανῷ
670 2534 755 2581 έλομφεν.
775 2532 817 2583 Igu.

481 2588 530 2639 Eph.
543 2601 572 2637 19.
601 2589 628 2624 καὶ
641 2588 668 2625 ἐπὶ
679 2590 711 2636 γῆς
723 2588 750 2624 καὶ
763 2588 781 2624 ἐν
791 2589 819 2624 αιἰ-

479 2647 528 2694 ρανῷ.
543 2642 618 2692 Smyrn.
630 2653 661 2679 11.
689 2644 699 2678 ὁ
708 2641 781 2688 ποιήσας
790 2643 820 2679 τὸν

479 2699 553 2746 οὐρανόν.
569 2696 627 2735 Mart.
643 2696 685 2747 Ign.
701 2707 718 2733 2.
750 2696 773 2734 ὡς
789 2697 818 2733 οῦ-

478 2756 529 2802 ρανοῡ
545 2751 614 2798 μέλλων
629 2750 781 2797 ἐπιλαμβάνεσθαι,
800 2764 817 2799 4.

479 2807 528 2855 φωνή
537 2806 556 2852 ἐξ
565 2806 643 2854 οιίρονοῦ.
654 2803 710 2843 Mart.
722 2803 786 2854 Polyc.
797 2817 817 2855 9.

479 2860 580 2909 ἀναβλέψας
589 2861 612 2898 εἷς
621 2861 651 2896 τὸν
659 2860 736 2908 οῦρανόν.
752 2858 779 2897 ib.
799 2864 819 2900 et

481 2927 510 2962 14.

86 2971 135 3019 δρῶν.
156 2980 186 3020 45.
223 2974 241 3009 έν
258 2973 299 3020 ὁσίᾳ
317 2974 344 3010 καὶ
362 2972 424 3021 ἀμώμῳ
452 2972 516 3019 Οὸριος.
545 2970 608 3018 οῦρίοις
622 2968 689 3016 ἀνέμοις
703 2969 819 3018 προσχρησά-

86 3026 168 3074 προθέσει
176 3025 290 3065 δουλεύοντας.
306 3026 331 3065 ib.
360 3026 387 3062 διὸ
396 3027 425 3071 τῆς

478 3040 531 3071 μενοι.
546 3022 604 3062 Mam
614 3022 657 3073 Igu.
669 3031 686 3070 5.

86 3080 135 3118 ὁσίας
153 3081 228 3120 παιδείας
244 3081 300 3118 αὐτοῦ.
316 3081 347 3128 56.
377 3082 424 3117 πόσα
452 3079 490 3117 Οῦς.
519 3077 603 3123 βῦσιιντες
617 3078 638 3115 τά
652 3078 690 3116 ὦτα.
711 3077 755 3129 Igu.
768 3076 817 3128 Eph.

478 3146 519 3171 1112
