2061 3403
117 583 194 627 Oumpia·

116 638 155 669 nus,
167 629 213 669 1581.

116 682 213 725 Whitaker‚

142 726 189 762 1606,

232 173 298 218 xxviii
404 156 625 243 RECENTIORUM
641 177 767 222 JUDIOIA

232 291 283 335 Post
301 308 366 350 quem
381 295 455 338 Petrus
470 295 575 350 canisius,
589 294 738 348 ineruditus,
753 294 779 337 ad
793 291 934 337 confirmatio-

232 376 281 404 nem
297 362 434 418 Oatechismi,
449 364 572 409 testimonio
587 365 668 423 Ignatii
686 381 713 409 ex
727 363 799 408 Veteri
815 363 935 419 Interprete

233 431 357 476 ereberrime
369 433 443 477 utitur.

262 500 422 546 Centuriatores
439 506 460 546 et
476 504 599 558 Calvinum,
615 504 671 562 quod
689 503 798 560 Ignatium
813 505 859 545 tam
875 498 935 558 parvi

232 570 356 626 penderent,
372 573 498 631 perstringit
514 590 557 618 una
572 574 677 618 sententia
693 573 826 630 Campianus,
844 571 934 615 Ratione

233 639 322 684 Quinta.
354 642 454 686 Defendit
469 644 545 687 statim
561 644 673 688 Calvinum
684 642 827 695 Whitakenrs,
844 644 867 685 et
882 639 933 697 Epi-

232 709 295 753 stolas
316 716 331 737 “
345 712 443 756 obscurae
467 713 585 771 dubiaeque
609 713 674 757 fidei”
695 728 739 756 esse
762 714 829 764 notat,
853 717 868 737 “
879 709 934 767 quod

232 783 246 804 “
255 778 327 835 plures
337 779 424 837 Ignatio
438 797 495 826 nunc
510 783 660 836 adscribantur,
672 782 698 826 de
709 782 783 839 quibus
793 779 897 824 Eusebius
912 781 934 821 et

231 853 245 873 “
256 847 402 907 Hieronymus
412 866 454 894 non
464 852 612 906 meminerunt,
623 856 643 896 et
654 851 712 909 quod
721 853 764 909 ejus
774 850 880 908 quoddam
889 848 933 892 dic-

231 923 245 943 “
254 921 302 961 tum
317 919 393 962 recitet
409 921 561 979 Hieronymus,
571 922 667 979 aliudque
677 921 825 974 Theodoretus,
839 918 896 977 quod
910 918 933 961 in

231 986 301 1031 “istis
317 1004 371 1045 quae
386 990 562 1034 circumferuntur
575 992 675 1049 Epistolis
691 1007 793 1048 nusquam
807 988 932 1047 reperitur.”

230 1057 262 1100 Ac
276 1057 407 1102 Bellarmino
422 1060 557 1116 respondens,
572 1076 597 1104 ex
607 1061 725 1105 Duodecim
735 1060 815 1117 Ignatii
829 1057 932 1116 Epistolis

231 1126 311 1170 Graece
326 1129 457 1172 exstantibus
468 1130 557 1186 Septem
571 1133 654 1174 tantum
670 1134 794 1174 memoratas
803 1128 896 1173 Eusebio
911 1131 933 1171 et

231 1195 364 1253 Hieronymo
374 1197 524 1241 animadvertit
529 1216 536 1251 ,¹
553 1205 567 1225 “
575 1200 600 1243 de
610 1200 709 1257 quibus,'’
719 1200 794 1257 inquit,
805 1206 818 1226 “
826 1198 879 1256 quid
889 1201 931 1241 sta·

231 1270 245 1291 “
255 1268 349 1318 tuamus,
360 1281 403 1309 non
417 1266 466 1310 satis
482 1271 579 1311 constat:
595 1272 679 1312 constat
693 1272 764 1312 autem
774 1268 873 1324 Quinque
888 1282 931 1310 esse

230 1340 244 1360 “
254 1334 299 1377 sine
310 1334 375 1378 dubio
385 1335 465 1392 spurias
475 1339 498 1379 et
509 1337 658 1381 adulterinas.”
687 1338 763 1381 Eidem
773 1338 889 1394 Campiano
899 1352 930 1379 re-

229 1404 335 1460 spondens
346 1404 471 1448 Laurentius
483 1406 622 1460 Humfredus,
636 1410 699 1451 notat
715 1413 729 1434 “
736 1407 931 1464 Magdeburgenses

229 1473 421 1516 “moderatissima
440 1474 535 1518 oratione
554 1477 716 1532 prudentissime
732 1476 843 1529 monuisse,
859 1475 931 1519 haberi

229 1548 243 1568 “
253 1543 357 1599 quaedam
367 1542 389 1586 in
400 1543 455 1587 hisee
465 1544 575 1601 Epistolis,
586 1562 637 1603 quae
647 1546 676 1589 ad
686 1546 787 1589 deformes
802 1562 880 1589 naevos
895 1545 930 1588 de-

229 1605 331 1656 “clinare
347 1612 445 1656 videntur
450 1632 456 1666 ;
472 1617 495 1657 et
511 1615 612 1671 quaedam
626 1615 742 1672 obrepsisse
756 1615 797 1658 illis
811 1614 931 1658 adulterina

229 1688 242 1709 “
252 1698 294 1726 non
305 1683 405 1726 ferenda'’
416 1684 505 1727 asserit:
521 1685 600 1742 aliquid
613 1685 641 1728 eis
655 1689 767 1737 resectum,
778 1685 857 1742 aliquid
872 1701 929 1728 assu-

228 1755 274 1795 tum
288 1767 335 1795 esse
350 1756 466 1796 autumans.

257 1821 349 1864 Interim
366 1822 491 1865 reverendus
509 1823 622 1866 admodum
636 1824 767 1880 Whitgiftus
784 1824 806 1866 in
823 1824 929 1868 Ecclesiae

182 1896 185 1904 “
228 1894 311 1934 nostrae
327 1892 471 1935 controversiis
482 1893 569 1948 ignatio
584 1894 675 1936 multum
689 1894 795 1937 tribuebat
800 1912 807 1947 ,-
823 1894 928 1937 et'Sclris-

110 2520 199 2553 Batonius.

228 1960 354 2004 maticorum
364 1962 491 2018 coryphaeus
502 1963 593 2006 Thomas
603 1964 760 2020 Oartwriglrtus
773 1965 866 2021 ejusdem
880 1981 928 2008 auo-

227 2030 337 2073 toritatem
348 2029 468 2087 defugiebat
474 2049 481 2083 5
498 2035 520 2074 et
531 2032 641 2075 Calvinum
655 2032 715 2089 sequi
727 2034 836 2089 professus,
847 2034 929 2091 aliaque

227 2102 356 2156 argumenta
366 2115 391 2142 ex
401 2100 483 2156 proprio
494 2116 551 2157 penu
561 2102 704 2158 suppeditans,
715 2103 805 2159 negabat
820 2107 928 2147 auctorem

227 2168 372 2225 Epistolarum
389 2168 451 2211 fuisse
468 2169 532 2211 illum
547 2170 697 2226 Apostolorum
713 2171 851 2227 discipulum:
873 2173 929 2229 quod

227 2241 249 2280 et
261 2238 306 2294 ejus
322 2252 418 2293 sequaces
430 2238 504 2290 fecere,
515 2239 595 2295 quoties
610 2240 690 2296 aliquid
705 2240 755 2297 ipsis
770 2242 876 2299 objectum
889 2247 928 2295 est,

227 2305 260 2349 oui
277 2306 402 2362 respondere
422 2306 482 2349 aliter
500 2322 544 2349 non
562 2312 689 2363 potuerunt3
710 2310 789 2366 quoties
809 2315 882 2354 autem
901 2312 928 2354 ad

227 2375 386 2432 Presbyterium
401 2376 567 2419 confirmandum
582 2377 659 2435 aliquid
674 2380 741 2422 facere
755 2380 872 2433 videbatur,
884 2382 927 2438 ejus

226 2445 352 2489 auctoritate
366 2445 455 2488 libenter
463 2446 623 2504 frequenterque
632 2449 753 2492 utebantur.

254 2517 309 2558 Tum
320 2531 370 2558 vero
380 2515 542 2558 eminentissimi
557 2517 596 2559 duo
608 2518 735 2572 Cardinales,
747 2520 849 2563 Baronius
864 2524 927 2577 atque

225 2586 374 2637 Bellarminus,
385 2585 416 2628 ita
421 2585 554 2642 judicabant.
584 2587 687 2631 Baronius
703 2593 762 2632 caute
776 2590 870 2646 primum
885 2591 926 2633 dis-

225 2656 306 2714 tinguit
317 2656 374 2699 inter
381 2655 486 2712 Epistolas
495 2655 572 2699 Latine
581 2660 666 2701 tantum
676 2663 789 2712 exstantes,
797 2665 818 2703 ct
828 2676 863 2702 eas
874 2676 927 2716 quae

226 2724 303 2767 Graece
320 2723 384 2766 ctiam
399 2723 534 2780 prodierant:
553 2724 628 2780 priores
643 2727 723 2769 nullius
737 2728 868 2770 auctoritatis
883 2744 926 2771 esse

225 2792 306 2844 innnit;
324 2792 446 2848 posteriores
457 2807 531 2835 omnes
541 2791 601 2835 avide
613 2794 754 2850 amplectitur,
764 2795 895 2851 incorruptas
906 2800 927 2838 et

225 2862 319 2918 integras
330 2877 373 2904 esse
383 2862 516 2918 pronunciat,
528 2877 601 2918 easque
611 2863 669 2906 miris
680 2865 740 2907 effert
749 2865 851 2908 laudibus.
876 2866 926 2908 Non

226 2931 281 2974 enim
292 2932 379 2987 Septem
390 2934 473 2974 tantum
484 2931 576 2974 Eusebio
587 2933 689 2989 cognitas,
701 2935 737 2977 scd
747 2938 768 2977 et
779 2935 878 2992 Quinque
893 2951 925 2978 re·
