2061 3403
191 144 236 190 lxvi
390 147 488 193 INDax
507 147 692 195 EDI'PIONUM.

79 265 183 302 memnon.
195 262 258 319 1671,
268 263 365 320 Parisiis,
374 265 410 310 fol.

279 334 364 379 Pnrmr.
380 334 480 379 annacs
497 337 519 379 et
535 335 606 380 Gran.
622 336 759 391 Cossnanns,
777 337 824 382 Soc.
841 336 892 381 Jesu

210 406 212 411 ’
251 403 378 463 Presbyteri,
388 405 411 449 in
420 407 478 449 tomo
488 405 556 463 primo
567 405 606 450 SS.
614 406 756 451 Conciliorum
765 407 793 452 ad
802 406 892 465 Regiam

250 472 372 518 Editionem
386 475 522 528 Exactorum,
533 490 569 533 pp.
582 476 702 535 116-192,
718 479 829 535 utramque
843 476 890 520 Cle-

250 543 328 588 mentis
345 543 462 602 Epistolam
479 544 619 600 inseruerunt,
635 546 726 604 priorem
743 546 827 605 quidem
843 561 891 590 cum

250 613 345 658 versione
359 617 381 659 et
395 614 451 658 notis
467 614 534 669 Junii,
546 615 683 672 posteriorem
697 619 769 660 autem
783 631 831 660 oum
844 630 890 659 ver·
939 620 941 623 ’

250 682 308 727 sione
317 683 437 737 Vendelini‚
447 687 469 727 et
483 683 576 742 ejusdem
591 686 617 729 de
632 686 747 730 Clementis
761 689 825 744 atque
839 684 889 742 Epi-

249 753 351 797 stolarum
360 757 454 811 temporo
464 753 608 799 Divinatione.

194 842 257 899 1672,
267 844 363 897 Parisiis,
373 844 409 887 fol.

279 914 314 957 Jo.
326 914 391 957 Barv.
402 913 543 967 nominans,
557 913 669 958 Societatis
684 913 809 958 Sorbonicae
823 913 889 956 Theo-

249 981 319 1040 logus,
326 983 350 1026 in
358 986 417 1027 tomo
426 982 495 1040 priore
506 983 545 1026 SS.
552 984 641 1027 Patrnm
650 984 687 1040 qui
695 982 825 1040 temporibus
832 983 889 1039 Apo-

249 1051 328 1096 stoliois
338 1053 460 1106 floruerunt,
470 1056 554 1096 textum
566 1053 682 1097 Clementis
695 1053 776 1109 primus
788 1052 812 1096 in
822 1051 891 1109 capita

249 1122 293 1166 sive
307 1122 409 1166 sectiones
422 1122 522 1167 instituto
535 1121 648 1166 utilissimo
658 1122 764 1176 distinxit,
774 1122 890 1166 versionem

248 1206 326 1235 novam
345 1191 448 1245 exhibuit,
465 1208 501 1249 pp.
516 1201 624 1250 91-125‚
640 1195 742 1249 notasque
762 1191 787 1235 de
806 1207 843 1236 suo
863 1191 890 1235 ad

248 1260 325 1304 calcem
335 1260 448 1304 voluminis
457 1260 546 1315 addidit,
556 1276 592 1318 pp.
601 1261 707 1308 81-112.

192 1357 255 1416 1698,
262 1359 389 1413 Artacoana,
399 1358 435 1401 fol.
446 1357 506 1401 Tam.
514 1358 536 1400 ii.

276 1428 311 1470 J0.
323 1427 429 1471 Cannrcns
444 1426 580 1480 Cenevensis,
595 1427 618 1470 in
633 1428 685 1471 urbe
699 1427 890 1471 Amstelodamensi

247 1496 393 1553 Philosophiae
408 1499 430 1540 et
445 1496 484 1540 SS.
495 1496 616 1540 Literarum
627 1496 684 1540 inter
693 1496 828 1541 Aiminianos
838 1497 889 1541 Pro-

247 1566 319 1620 fossor,
337 1566 451 1610 editionem
468 1566 622 1610 Cotelerianam
641 1567 781 1610 recudendam
800 1567 889 1620 curavit,

248 1635 334 1693 adjectis
351 1635 418 1689 Junii,
433 1635 493 1689 Felli,
508 1635 628 1689 Colomesii‚
643 1636 728 1693 suisque
743 1636 799 1680 notis
806 1653 813 1690 3
836 1652 888 1680 non-

248 1704 313 1748 nullis
327 1720 409 1761 quoque
424 1704 556 1761 interspersis
571 1720 624 1762 quae
640 1704 738 1749 editionis
752 1705 827 1762 prioris
842 1721 889 1749 orae

248 1787 314 1816 manu
327 1772 433 1816 adleverat
447 1773 558 1818 Ildvardus
572 1774 673 1827 Bernard,
688 1774 741 1818 Sffl'.
749 1775 773 1817 P.
786 1775 889 1819 110110110-

248 1841 302 1884 miae
321 1841 378 1898 apud
396 1842 526 1896 Oxonienses
545 1844 663 1887 Praeleotor
684 1843 810 1897 savilianus,
830 1844 889 1900 cujus

247 1926 325 1954 nomen
334 1910 435 1955 reticebat
446 1911 545 1955 Clericus.

276 1980 411 2024 Testimoniis
422 1981 525 2024 Veterum
539 1996 552 2023 a
566 1981 670 2025 Cotelerio
684 1981 770 2038 prolatis
785 1981 889 2038 subjectae

247 2052 298 2094 sunt
307 2049 414 2107 Epistolae
424 2050 473 2093 VV.
480 2050 530 2093 DD.
541 2065 552 2092 e
562 2050 646 2094 Madcri
658 2050 719 2104 libro,
730 2065 811 2094 necnon
823 2050 889 2108 ipsius

247 2118 331 2162 Maderi
341 2118 452 2162 Praefatio.

191 2223 254 2270 1724,
262 2212 422 2265 narranaam,
433 2212 469 2256 fol.
480 2213 539 2255 Tom.
548 2213 569 2256 ii.

275 2281 398 2326 Editionem
407 2281 493 2325 iteravit
504 2282 603 2325 Clericus.

275 2351 372 2396 Russelio
382 2355 404 2394 et
415 2350 527 2394 Gallandio
537 2351 615 2393 mirum
624 2351 671 2408 jure
681 2349 794 2406 videbatur
807 2366 834 2394 ne
848 2352 888 2395 mi·
943 2407 944 2410 Ἴ

245 2422 327 2465 nimam
336 2420 422 2478 quidem
431 2419 561 2463 mentionem
571 2435 583 2462 a
593 2420 674 2463 Clericc
684 2419 762 2463 iactam
771 2420 835 2464 r'uisse
845 2421 887 2465 edi-

245 2491 310 2535 tionis
321 2489 480 2542 Wcttonianae,
490 2504 554 2546 quarn
567 2489 594 2531 ad
607 2504 695 2532 manum
708 2489 806 2533 habuisse
815 2490 850 2534 vel
863 2505 888 2534 ex

246 2575 270 2604 eo
281 2563 371 2614 constat,
382 2559 438 2617 quod
448 2558 565 2602 selectiores
575 2558 642 2602 Boisii
651 2558 799 2602 adnotationes-
806 2574 819 2601 a
826 2559 887 2603 Wot-

245 2635 297 2674 tono
311 2630 404 2688 primum
419 2628 487 2672 editas
504 2627 527 2670 in
542 2628 597 2671 hano
612 2627 828 2671 Amstelodamensem
844 2630 887 2673 edi-

246 2701 327 2744 tionem
336 2697 476 2744 transtulerit.
485 2700 487 2704 ⁴
507 2697 582 2754 Neque
595 2697 662 2755 igitur
673 2697 786 2753 ignorabat
796 2697 887 2743 Clericus

246 2770 375 2814 Wottonum
394 2767 474 2812 notulis
494 2766 604 2820 Bernardi,
623 2766 737 2809 inciviliter
755 2766 843 2811 forsitan
865 2772 887 2812 et

245 2840 337 2897 iniquius
347 2839 418 2896 aliqua
427 2854 453 2882 ex
462 2839 523 2895 parte
534 2835 623 2888 habitis,
631 2835 767 2892 respondisse,
777 2834 887 2895 ipsumque

246 2909 352 2952 Clericum
361 2907 485 2952 idemtidem
495 2905 553 2949 haud
562 2905 668 2948 immerito
678 2904 797 2962 castigasse.
