1931 3420
313 241 351 283 ΕΤ
366 240 591 282 FORMULARUM.
765 303 766 307 Ἰ
806 242 834 286 75

72 356 165 393 Κοινωνεῖν.
193 356 307 399 πνευματικῶν
321 353 366 402 αιἰτῷ
381 367 439 389 κοινω-

99 408 151 455 νήσας
164 406 280 455 χαρισμάτων.
296 405 354 443 Mart.
365 405 409 456 Ign.
421 419 437 455 3.

493 356 593 444 πηραβῦσαι
602 354 681 402 ξιφίδιον.
698 352 757 391 Maris.
768 352 832 403 Polyc.

498 420 502 444 ι
523 436 527 445 .

99 465 201 508 κοινωνῶμεν
210 463 234 511 τῷ
243 460 313 507 ἀθλητῇ.
330 470 348 509 7.
376 466 439 497 Κοινω-
466 464 537 498 Κοπιᾶν.
561 461 609 508 εἰμὴ
621 464 636 498 οἱ
647 463 705 498 πολλὰ
717 463 834 500 κοπιάσαντες.

99 518 148 563 νήσαι
155 518 179 565 τῷ
186 514 229 564 ἁγίῳ
238 514 290 551 αῦτσῦ
297 514 369 564 σαρκίιρ.
380 513 438 552 Marh.

99 568 162 619 Polyc.
175 576 204 616 17.

71 625 159 661 Κοινωνός.
187 625 263 670 Χριστοῦ
279 622 357 660 κοινωνὸς
369 624 437 671 γενόμε-

98 693 131 715 νος.
147 676 205 714 Mart.
216 673 280 724 Polye.
291 676 310 713 6.

71 730 186 779 Κοινωφελής.
224 730 278 775 ζητεῖν
298 731 317 766 τδ
337 731 439 779 κοινωφελές

97 787 156 823 πᾶσιν.
174 782 234 821 (116111.
245 782 255 820 Ι
266 785 297 831 48.

71 842 155 877 Ιζόκκινος.
183 837 225 875 όπυς
238 839 314 885 κρεμόσῃ
323 837 341 873 ἐκ
351 840 381 874 τοῦ
393 836 439 875 α’ίκου

97 894 148 939 αὐτῆς
157 893 235 929 κόκκινον.
251 891 311 930 Olem.
322 890 331 928 I
344 904 375 929 12.

71 949 139 985 Κόκκος.
167 946 251 994 όσπόρος
262 947 320 983 κόκκου
330 946 366 983 τίνα
377 947 440 994 τρόπον

97 1001 167 1049 γίνεται.
193 997 315 1046 (116111124.

71 1053 178 1091 Κολακεόειν.
208 1055 280 1090 Μᾶλλον
291 1052 404 1091 κολακεόσατε
418 1055 454 1095 τά,

99 1109 152 1157 θηρία.
169 1106 213 1158 Ign.
224 1106 280 1145 Rom.
291 1119 310 1155 4.
333 1106 379 1144 δκαὶ
388 1110 438 1144 κολα-

98 1162 154 1199 κεόσω
165 1163 253 1208 συντόμως
263 1177 284 1209 με
294 1163 412 1211 καταφαγεῖν,
420 1169 437 1209 5.

495 513 555 552 Olem.
566 514 575 551 I
586 522 604 562 7.

467 571 530 607 Κάπυς.
553 568 596 605 ὅπου
605 569 668 606 πλείων
677 570 733 612 κόπος,
743 570 789 607 παλῦ
798 570 835 618 κέρ-

494 623 526 660 δας.
544 623 584 672 Igu.
595 621 658 672 Polyc.
672 635 688 660 1.

466 679 546 723 Κοσμεῖν.
566 677 657 725 σεβασμίῳ
667 677 743 724 πολιτείᾳ
752 692 834 725 κεκοσμη-

493 731 544 777 μέναι.
566 727 626 767 (116111.
640 729 651 768 Ι
667 742 684 768 2.
713 731 731 767 ἐν
745 732 800 780 ἔργοις
815 732 833 767 ά-

493 784 552 832 γαθοῖς
567 785 628 822 πάντες
644 783 762 831 ἐκοσμήθησαν
778 786 794 822 οῖ
810 783 834 822 δί-

493 852 542 874 καιοι.
558 850 591 886 33.
620 841 629 875 ό
640 838 702 887 Κάριος
711 840 767 887 ἐ’ργαις
776 840 835 876 ἑαυτὸν

493 891 586 939 κοσμήσας.
602 890 627 930 ib.
653 896 677 943 τῷ
690 893 753 943 ἐνδόξῳ
767 893 836 940 ὀνόματι

493 945 613 993 κεκοσμημένη.
642 959 674 996 43.
716 947 836 995 κεκοσμημέναι

493 1001 569 1038 ἐντολαῖς
592 1001 650 1048 Ἰησοῦ
672 1005 753 1050 Χριστοῦ.
792 1001 834 1052 Ign.

493 1053 541 1104 Eph.
553 1066 570 1103 9.
599 1056 648 1092 παντὶ
657 1056 690 1104 γάρ
702 1057 834 1106 καλῷ...κα1

492 1110 526 1156 πρὸ
552 1110 581 1155 τῆς
608 1110 699 1158 μαρτυρίας
724 1111 832 1157 ἐκεκόσμητο.

493 1161 551 1200 Mart.
563 1161 626 1212 Polyc.
640 1175 670 1211 13.

98 1216 125 1254 ἵνα
134 1216 155 1253 τά
164 1217 257 1264 φαινόμενά
266 1231 298 1253 σου
311 1217 335 1254 εἷς
346 1217 439 1264 πρόσωπον
466 1218 557 1263 Κασμικός.
594 1217 615 1253 τά
638 1218 710 1265 κοσμικδ
734 1220 786 1254 ταῦτα
811 1219 834 1256 ὡς

99 1269 195 1316 κολακεάης.
211 1268 303 1320 P01y0.2.

72 1326 152 1362 Κόλασις.
181 1324 220 1362 τοὺς
238 1324 257 1360 δὲ
275 1324 438 1373 ἑτεροκλινεῖς...εἷς

98 1378 277 1424 κόλασιν...τίθησι,
302 1377 361 1416 Olem.
379 1377 388 1415 Ῑ
406 1390 437 1416 11.
460 1390 463 1393 “

98 1433 147 1469 οὐδὲν
159 1432 202 1479 ἡμᾶς
215 1431 286 1480 ῥύσεται
300 1433 317 1469 ἐκ
330 1435 359 1479 τῆς
372 1432 438 1469 αἰωνίου

98 1487 191 1524 κολάσεως,
213 1485 236 1522 Π
253 1487 271 1524 6.
298 1487 346 1523 κακαὶ
361 1487 439 1524 κολάσεις

492 1270 574 1319 ἀλλότρια
590 1270 673 1319 ἡγεῖσθαι.
698 1270 758 1309 Olem.
775 1270 797 1308 ΙΙ
814 1279 833 1319 5.

491 1325 543 1372 μηδὲν
556 1324 641 1371 ἐπιθυμεῖν
655 1327 736 1373 κοσμικόν
750 1324 760 1372 ή
773 1326 834 1373 μάται-

492 1394 516 1415 ον.
535 1377 643 1429 1311110111.
656 1391 674 1426 4.
702 1384 736 1416 τῶν
749 1383 835 1426 κοσμικῶν

492 1435 607 1481 κατεφρόνουν
619 1435 705 1478 βασάνων,
725 1433 783 1472 Mam
798 1432 834 1470 Po-

492 1486 527 1536 lyc.
540 1498 556 1524 2.

98 1544 128 1577 τοῦ
138 1541 226 1585 διαβόλου.
241 1539 285 1591 Igu.
295 1540 352 1578 Rom.
364 1547 381 1587 5.
409 1541 439 1588 τήν
466 1542 540 1588 Κόσμος.
566 1540 586 1577 δι’
596 1541 616 1578 οὗ
629 1543 656 1578 καὶ
670 1542 741 1580 θάνατος
754 1541 835 1588 εἰσῆλθεν

98 1596 164 1631 αἷῶνιον
195 1596 266 1631 κόλασιν
295 1595 438 1643 ἐξαγοραζόμενοι.

99 1647 156 1696 Μυκη.
172 1647 235 1698 Polye.
252 1661 270 1686 2.
299 1649 387 1695 ὑπέμειναν
403 1650 436 1685 δει-

98 1704 127 1741 νάς
136 1704 222 1740 κολάσεις.
236 1701 262 1741 ib.
285 1703 312 1739 διὰ
321 1705 350 1749 τῆς
359 1702 437 1748 ἐπιμόνου

98 1758 189 1795 κολάσεως.
205 1755 229 1795 ib.
260 1758 280 1794 τά
294 1759 336 1804 τῆς.
346 1784 350 1793 .
360 1756 438 1793 ,αἰωνίου

98 1812 209 1849 κολάσεως..
219 1814 270 1860 .πῦρ.
287 1823 318 1849 11.

71 1863 179 1911 Κολαφίζειν.
203 1865 287 1903 ποικίλαις
295 1864 378 1909 βασάνοις
387 1866 437 1900 κολα-

98 1921 191 1967 φιζόμενοι.
207 1917 338 1968 Μακ“1.ΡοΙγο.
350 1930 368 1955 2.

71 1975 145 2010 Κολλάν.
174 1972 282 2019 καλληθῶμεν
294 1975 329 2010 τοῖς
342 1973 378 2018 μετ’
388 1973 437 2009 εὐσε-

88 2028 146 2071 Ἰβειάς
161 2025 280 2075 εἷρηνεόουσιν,
303 2025 363 2064 Olem.
379 2026 390 2064 Ῑ
408 2034 437 2074 15.

98 2081 202 2129 εὐεργεσίαις
224 2096 243 2116 τε
266 2081 380 2128 κολληθῶμεν.
407 2092 437 2129 19.

98 2135 212 2182 Κολληθῶμεν
221 2134 250 2171 σῦν
261 2136 328 2172 ἐκείνοις
342 2133 367 2173 οἷς
380 2136 390 2182 ἡ
405 2136 438 2182 χό·

97 2205 123 2238 ρις
143 2190 177 2226 άπὸ
195 2192 225 2225 τοῦ
240 2193 289 2225 ,Θεοῦ
310 2189 380 2227 δέδοται.
406 2201 437 2236 30.

97 2243 212 2290 Κολληθῶμεν
226 2241 256 2279 οῦν
267 2247 287 2290 τῇ
299 2244 368 2291 εὐλογίᾳ
381 2245 437 2280 αὐτοῦ.

98 2310 128 2346 31.
166 2296 252 2335 Τοιυόταις
275 2297 304 2335 οὖν
326 2298 439 2346 δποδείγμασι

97 2352 198 2398 κολληθήναι
207 2352 233 2387 καὶ
242 2351 285 2399 ἡμᾶς
292 2353 321 2388 δεῖ.
337 2352 367 2398 46.
392 2353 437 2387 Κολ-

96 2407 152 2442 λᾶσθε
165 2408 201 2444 ταῖς
215 2406 272 2454 ἁγίοις.
290 2405 316 2443 ib.
346 2406 437 2452 Κολληθῶ-

96 2475 127 2507 μεν
143 2460 172 2497 οῦν
188 2463 223 2498 τοῖς
238 2460 303 2511 ἀθῴοις.
324 2458 349 2497 ib.
377 2460 437 2508 Ἀγάπη

97 2516 151 2562 κολλᾷ
166 2515 208 2562 ἡμᾶς
221 2518 245 2564 τῷ
260 2519 303 2565 θεῷ.
323 2526 354 2563 49.
383 2516 437 2560 κολλᾷ

96 2570 130 2618 γάρ
146 2570 188 2617 ἡμᾶς
204 2572 228 2619 τῷ
244 2569 325 2617 θελήματι
341 2572 371 2605 τοῦ
387 2571 436 2604 Θεοῦ.

70 2680 152 2726 Κομίζειν.
176 2677 203 2715 ἵνα
213 2679 240 2714 καὶ
251 2679 281 2715 τὸν
291 2678 353 2726 μισθόν
363 2678 436 2724 κομισώ-

96 2734 143 2780 μεθα.
164 2731 257 2770 019111.Ῑῖ
272 2745 303 2771 11.
331 2732 363 2780 ἀφ’
378 2731 398 2767 οῦ
412 2731 437 2766 καὶ

95 2789 117 2824 τά
129 2788 197 2836 όφώνια
209 2788 303 2833 κομίζεσθε,
319 2785 361 2837 Igu.
373 2784 436 2835 Polyc.

97 2843 115 2880 6.
142 2841 169 2878 ἵνα
181 2842 202 2878 τά
214 2841 288 2879 ίίκκεπτα
300 2843 346 2888 ὑμῶν
357 2841 395 2886 όξια
409 2854 435 2875 κο-

95 2897 175 2944 μίσησθε.
190 2895 217 2933 ib.

70 2953 144 2998 Κόμπας,
169 2952 198 2987 οῦκ
210 2949 262 2996 ἢλθεν
273 2950 291 2986 ἐν
303 2952 361 3000 κόμπῳ
376 2949 420 2993 άλαζ
429 2970 436 2977 -

96 3002 145 3043 νείας.
161 3003 221 3043 Olem.
232 3003 243 3040 I
255 3005 284 3042 16.

70 3060 181 3109 Κομφέκτωρ.
201 3057 300 3098 ἐκέλευσαν.
309 3089 313 3097 .
322 3057 437 3106 ,κομφέκτορα

493 1596 516 1633 εἰς
531 1596 561 1631 τὸν
575 1597 644 1642 κόσμον.
665 1594 745 1633 ΟΙθΠκΙ
760 1608 778 1644 3.
807 1596 833 1632 δι-

492 1648 581 1696 καιοσύνην
604 1650 672 1696 διδάξας
694 1649 736 1686 όλον
755 1651 785 1686 τδν
804 1651 833 1685 κό-

492 1718 540 1750 σμον.
552 1711 571 1750 5.
590 1703 681 1753 ἀπηλλάγη
688 1706 718 1740 τοῦ
725 1705 795 1750 κόσμου.
806 1702 831 1741 ib.

492 1758 542 1794 παντὶ
559 1760 583 1806 τῷ
601 1760 660 1807 κόσμῳ
679 1756 766 1804 μετανοίας
783 1758 835 1805 χάριν

491 1810 587 1860 ὑπήνεγκεν,
603 1818 620 1859 7.
644 1816 683 1847 Νῶε
693 1840 696 1848 .
706 1840 710 1848 .
720 1840 723 1849 .
732 1813 834 1860 παλιγγενε-

492 1863 531 1901 σίαν
542 1868 600 1915 κόσμῳ
611 1864 694 1914 ἐκήρυξεν.
711 1878 730 1914 9.
759 1866 802 1902 τὸν.
814 1893 818 1901 .
829 1894 833 1902 .

492 1919 561 1966 κτιστήν
570 1922 600 1955 τοῦ
610 1919 707 1967 σύμπαντος
716 1921 786 1966 κόσμου.
804 1931 835 1967 19.

493 1975 509 2009 οἱ
522 1973 558 2019 μετ’
572 1974 623 2010 αὐτὸν
637 1975 703 2021 κόσμοι.
727 1986 757 2010 20.
786 1976 836 2011 ποῖος

493 2027 514 2063 δὲ·
525 2029 589 2074 κόσμος
603 2028 668 2073 δέξεταί
681 2042 718 2064 τινα
725 2043 730 2069 ,¹
749 2028 780 2064 28.
809 2029 836 2063 καὶ

492 2081 536 2119 τίνες
555 2080 657 2128 εἰσήλθομεν
675 2082 698 2119 εἷς
716 2083 746 2118 τὸν
763 2083 834 2128 κόσμον.

494 2136 526 2183 38,
546 2135 636 2183 εἰσήγαγεν
649 2136 673 2173 εἷς
686 2137 715 2172 τὸν
729 2138 793 2182 κόσμον
807 2136 836 2171 οῦ-

494 2193 528 2227 τοῦ.
544 2188 568 2227 ib.
597 2190 729 2238 καταλείψαντες
745 2190 775 2235 τήν
790 2205 834 2238 παρ-

493 2244 546 2279 οικίαν
561 2246 592 2279 τοῦ
608 2246 673 2290 κόσμου
689 2243 754 2280 τούτου.
777 2242 800 2279 Π
816 2252 833 2290 5.

493 2298 515 2344 μὴ
528 2297 632 2345 φοβηθῶμεν
645 2298 720 2342 ἐξελθεῖν
733 2298 751 2333 ἐκ
763 2300 794 2333 τοῦ
808 2299 835 2333 κό-

494 2366 538 2398 σμου
554 2350 618 2387 τούτου,
640 2350 665 2388 ib.
696 2351 706 2397 ἡ
723 2351 801 2397 ἐπιδημία
817 2351 835 2387 ἐν

493 2408 518 2454 τῷ
532 2406 590 2453 κόσμῳ
604 2404 658 2454 τούτῳ
672 2407 701 2451 τῆς
717 2406 781 2452 σαρκὸς
794 2403 834 2440 τειό-

492 2474 525 2505 της,
541 2457 565 2496 ib.
596 2458 627 2496 ἕως
642 2459 693 2505 ἐσμὲν
709 2458 727 2493 ἐν
743 2457 798 2507 τούτῳ
811 2461 834 2507 τῷ

491 2515 554 2561 κόσμῳ,
571 2512 589 2548 8.
619 2514 667 2548 Μετὰ
680 2513 713 2560 γάρ
726 2513 746 2548 τδ
759 2512 835 2557 ἐξελθεῖν

491 2567 533 2613 ἡμᾶς
551 2567 569 2602 ἐκ
587 2570 618 2602 τοῦ
636 2568 705 2612 κόσμου,
728 2565 753 2603 ib.
789 2565 835 2613 νομί-

491 2636 548 2668 σματα
557 2619 592 2662 δύο,
601 2619 647 2667 ὃμὲν
657 2623 705 2663 Θεοῦ,
715 2619 724 2655 δ
734 2621 752 2656 δὲ
762 2621 833 2667 κόσμου.

492 2675 535 2725 Igu.
552 2673 617 2724 Magn.
634 2683 651 2722 5.
680 2676 696 2711 οἱ
715 2674 785 2711 άπισται
803 2679 834 2711 τοῦ

492 2731 557 2776 κόσμου
577 2728 643 2766 τοῦτου,
667 2727 694 2766 ib.
732 2729 779 2765 δῦναι
800 2730 835 2765 άπὸ

491 2786 555 2830 κόσμου
565 2783 607 2831 πρὸς
617 2785 664 2820 θεόν.
680 2782 735 2820 Rom.
748 2795 765 2820 2.
794 2782 835 2820 όταυ

491 2840 549 2887 κόσμῳ
562 2837 584 2884 μή
600 2838 688 2885 φαίνωμαι.
708 2850 725 2885 3.
755 2837 781 2875 ὅτι
795 2839 835 2875 οῦδὲ

491 2893 511 2928 τὸ
520 2893 570 2939 σῶμά
583 2907 616 2938 μου
630 2895 639 2927 ὁ
652 2894 715 2939 κόσμος
730 2891 798 2941 όφεται.
815 2907 834 2940 4.

491 2947 512 2982 τά
522 2947 585 2994 τερπνὰ
599 2950 629 2982 τοῦ
641 2948 711 2993 κόσμου.
728 2947 745 2984 6.
776 2950 835 2997 κόσμῳ

491 3001 513 3048 μή
535 3000 641 3049 χαρήσησθε,
666 3000 691 3038 ib.
733 3003 799 3049 κόσμον
817 3004 835 3038 δὲ

492 3055 591 3102 ἐπιθυμεῖτε.
607 3063 623 3103 7.
653 3060 687 3092 τῶν
700 3056 791 3104 ἐπιθυμιῶν
802 3061 836 3093 τῶν

519 3108 553 3145 kz
