2061 3403
89 1167 175 1208 Vedefius,

113 1216 159 1256 1623.

85 2082 161 2120 Rivetus,

101 2126 147 2171 1619.

203 141 263 184 xxxii
376 142 600 186 REOEN'PIORUM
617 143 630 185 J
633 140 739 185 UDICIA

203 256 351 300 Ecclesiastica
367 257 436 314 capite
452 257 531 303 decimo
551 258 617 301 tertio
637 255 774 314 reperiuntur.
804 252 855 294 Non
874 254 906 293 est

203 327 273 384 igitur
286 326 338 370 alius
348 326 431 369 Vedelii
441 327 481 370 Vir
490 327 624 371 doctissimus
639 341 702 384 quam
711 323 818 367 Robertus
828 320 905 364 Parker·

203 401 294 450 nostras,
305 396 486 440 schismaticorum
501 398 637 455 coryphaeus,
648 411 709 454 quern
718 392 830 444 Vedelius,
840 406 904 449 quum

202 466 295 509 refutare
301 465 370 518 vellet,
377 469 399 508 et
408 466 537 511 Genevensis
544 467 667 525 disciplinae
677 479 783 508 summum
793 464 904 518 patronum

202 534 268 578 fuisse
278 538 378 587 nosceret,
388 535 476 579 honoris
486 552 546 580 causa
556 537 665 581 nominare
675 533 747 577 noluit.
781 531 824 575 Hic
834 534 903 574 autem

202 604 308 647 Parkerus
327 604 429 647 tredecim
449 606 564 650 rationibus
585 605 690 663 Epistolas
712 601 796 660 Ignatii
820 600 903 644 fictitias

201 689 247 717 esse
261 674 347 731 probare
362 678 463 719 conatur:
480 678 537 734 cujus
551 675 676 734 conjecturis
686 673 768 717 Dallaei
779 671 903 715 Dissertatio

201 743 294 787 maxime
304 743 432 801 locupletata
442 750 480 789 est.

232 813 284 856 Post
294 814 349 856 hune
360 814 467 858 Robertus
483 815 556 858 Cocusl
566 816 633 858 etiam
648 811 727 857 nostras
742 811 810 856 edidit
824 811 902 854 Censu-

201 897 248 925 ram
264 883 395 940 quorundam
410 885 540 942 Scriptorum
551 886 662 937 Veterum,
676 884 698 926 in
713 899 754 940 qua
770 884 902 940 quotcunque

200 955 239 994 aut
250 967 383 1009 quaeeunque
394 953 457 996 firma
466 954 580 998 sententiae
591 969 641 997 suae
650 952 768 1011 probandae
778 954 902 1008 argumenta

199 1021 283 1075 attulit,
303 1021 325 1065 id
344 1026 431 1067 tantum
456 1040 525 1068 revera
547 1024 636 1081 probare
659 1022 749 1080 putavit,
775 1020 901 1078 “Epistolas
923 1054 925 1056 >

200 1095 215 1116 “
226 1090 310 1148 Ignatii
319 1096 356 1135 aut
366 1108 410 1135 esse
421 1093 569 1150 supposititias,
581 1097 619 1136 aut
629 1092 758 1149 corruptas.”

232 1160 305 1204 Quum
315 1161 364 1204 haec
374 1162 406 1205 ita
416 1178 438 1205 se
448 1163 554 1216 haberent,
567 1162 669 1206 Nicolaus
679 1161 786 1214 Vedelius,
797 1160 901 1203 Professor

200 1229 339 1283 Genevensis,
353 1246 398 1273 rem
412 1234 481 1275 totam
497 1232 523 1275 ad
538 1248 628 1275 examen
642 1231 758 1275 revocavit:
775 1229 901 1287 Apologiam

198 1313 238 1355 pro
249 1298 335 1355 Ignatic
346 1299 437 1356 scripsit,
448 1316 523 1343 novam
533 1301 656 1344 Editionem
670 1300 807 1352 adornavitm,
817 1299 900 1343 Exerci-

197 1368 316 1412 tationibus
330 1372 352 1412 et
360 1369 484 1426 Appendice
497 1370 604 1427 Epistolas
618 1371 738 1414 illustravit.
769 1370 820 1413 Tres
834 1369 899 1426 igitur

196 1437 233 1481 ille
249 1438 337 1481 Latinas
354 1438 441 1482 omnino
457 1440 533 1497 rejecit,
546 1441 605 1497 quod
621 1440 703 1484 “nimis
718 1444 792 1497 aperta
808 1439 899 1496 ipsarum

197 1507 338 1565 “suppositio
356 1508 375 1551 ei
390 1508 520 1552 videretur.”
549 1510 651 1567 Reliquas
669 1510 786 1553 Duodecim
805 1509 828 1551 in
847 1509 898 1552 duos

196 1577 274 1621 Libros
284 1577 388 1631 distinxit,
399 1594 489 1635 quorum
498 1579 554 1636 prior
563 1580 660 1623 continet
669 1579 775 1636 Epistolas
784 1578 897 1632 Genninas,

195 1647 300 1703 posterior
310 1647 466 1704 Supposititias.
492 1648 600 1692 Genuinas
611 1653 695 1692 tanturn
704 1648 802 1706 agnoscit
813 1649 897 1706 Septem

195 1716 244 1760 illas
254 1717 281 1760 ab
288 1717 377 1760 Eusebio
389 1721 527 1771 memoratas3
537 1718 628 1776 reliquas
636 1719 732 1776 Quinque
742 1723 781 1762 aut
791 1734 897 1775 perperam

195 1785 316 1843 inscriptas,
331 1789 368 1829 aut
382 1787 446 1843 plane
462 1788 605 1845 supposititias
621 1804 665 1832 esse
677 1788 758 1832 statuit.
790 1788 896 1831 Praeterea

194 1855 219 1898 in
234 1856 290 1913 ipsas
306 1856 390 1913 Septem
406 1857 508 1913 genuinas
521 1873 563 1901 non
577 1874 645 1916 pauca
659 1859 765 1915 irrepsisse
777 1858 896 1901 stellionum

195 1926 381 1970 audacissimorum
390 1927 483 1984 vestigia
492 1931 594 1971 testatur:
611 1943 663 1985 quae
673 1927 759 1971 Notulis
772 1926 895 1984 quibusdam

194 1996 219 2039 in
229 1997 325 2053 margine
334 1996 409 2053 positis
415 1997 529 2054 jugulavit.
874 2005 876 2010 ’

227 2066 298 2110 Quare
312 2066 407 2109 Andreas
423 2066 517 2120 Rivetus,
531 2067 581 2111 licet
597 2068 621 2110 in
637 2067 701 2111 tertia
716 2067 809 2110 editione
823 2067 895 2110 Critioi

196 2136 257 2180 Sacri
277 2151 362 2179 censura
378 2136 468 2179 Roberti
483 2137 532 2180 Coei
551 2137 580 2180 sit
596 2138 688 2195 adjutus,
707 2136 895 2181 moderatissimam

194 2209 269 2250 tamen
288 2204 413 2249 senteutiam
434 2207 530 2263 amplecti
549 2223 570 2252 se
590 2208 708 2265 profitetur,
724 2207 811 2259 scilicet,
831 2212 895 2250 “esse

194 2282 209 2303 “
219 2277 328 2335 plerasque
344 2274 451 2331 Epistolas
467 2277 553 2333 Ignatii,
569 2278 598 2321 ad
614 2277 729 2321 minimum¹
741 2277 843 2333 Septem3
859 2277 894 2320 sed

194 2351 208 2372 “
219 2346 261 2389 hoc
277 2349 369 2401 tempore
384 2360 430 2388 non
446 2345 517 2388 haberi
533 2346 574 2390 nisi
592 2347 726 2399 adulteratas,
743 2350 767 2389 et
784 2346 857 2389 multis
871 2347 893 2390 in

194 2421 209 2443 “
218 2415 271 2459 locis
281 2415 440 2471 interpolatas.”
469 2416 498 2459 Et
508 2417 584 2461 Daniel
594 2418 723 2470 chamierus,
733 2417 757 2460 in
768 2417 892 2473 Responsio-

144 2510 147 2518 ·
193 2486 257 2529 nibus
274 2486 301 2529 ad
315 2484 446 2528 Testimonia
462 2501 475 2528 a
490 2486 617 2530 Bellarmino
632 2488 728 2540 adducta,
745 2487 892 2531 auctoritatem

214 2611 219 2634 ¹
231 2611 316 2644 Ecclesiae
323 2610 421 2643 Leodiensis
429 2610 511 2649 Vicariue,
518 2611 558 2645 0011.
566 2612 613 2645 Aen.
622 2612 665 2645 Nasi
672 2613 711 2645 olim
718 2612 778 2645 socius.

214 2674 227 2690 ‘¹¹
235 2668 315 2700 Omnium
320 2666 451 2710 locupletissima
456 2666 694 2701 Graeco-LatinaGenevensis
701 2679 744 2701 anno
752 2667 794 2708 1623
801 2670 826 2700 est
830 2667 890 2709 Editio,

191 2731 202 2752 a
209 2721 282 2754 Nicolac
290 2719 358 2753 Vedelio
369 2719 462 2752 adornata:
475 2718 503 2761 qui
514 2719 595 2752 Latinum
606 2721 697 2754 Maeetraei
709 2723 776 2753 textum
789 2719 806 2751 in
817 2720 891 2763 margine

191 2777 255 2819 passim
261 2775 337 2816 correxit,
342 2774 477 2808 Exercitationes
484 2785 513 2817 pro
518 2775 621 2818 antiquitate
625 2777 710 2810 (iatholica
715 2777 796 2809 adversus
802 2775 890 2810 Baronium

191 2836 209 2865 et
217 2832 338 2865 Bellarmiuum
350 2830 421 2874 singulis
428 2829 509 2873 Epietclis
519 2831 598 2874 attexuit,
608 2831 707 2876 Apologiam
718 2843 748 2876 pro
757 2831 820 2875 Ignatii
827 2832 891 2876 seriptis

191 2888 283 2930 praemisit,
292 2890 310 2920 et
317 2887 385 2920 Griticas
393 2887 450 2929 Notas
457 2886 493 2919 vice
501 2886 602 2929 Appendicis
609 2888 641 2921 toti
649 2889 698 2932 Operi
705 2888 782 2930 subjecit.
795 2887 873 2923 Ussaa.
