1958 3490
293 207 366 251 VITA
381 208 417 251 ΕΤ
433 208 573 252 scalpris.
748 206 792 250 xvii

94 325 179 377 duntque
191 336 235 363 eum
246 323 281 363 sub
291 323 373 375 Trajano
387 323 439 377 apud
449 323 589 364 Chersonesum
602 319 714 376 relegatum,
723 336 792 363 ancora

93 392 118 431 ad
127 390 197 431 collum
208 388 291 442 alligata,
301 389 322 428 in
336 403 389 430 mare
403 390 512 430 demersum
525 389 590 430 fuisse.
618 390 666 443 Ejus
680 390 792 429 memoriam

94 458 190 497 celebrant
198 455 337 508 Martyrologia
346 456 364 495 d.
375 470 385 495 2
388 471 399 508 3
410 456 539 507 Novembris3
553 455 685 509 Menologium
694 470 706 495 a
715 455 793 496 Canisio

93 523 114 562 in
128 521 212 574 antiquis
226 521 340 561 lectionibus
356 522 430 562 editum
444 522 461 562 d.
474 536 499 572 24
514 512 644 571 Novembris,
660 521 793 574 Menologium

93 590 117 628 ab
127 588 211 641 Ughello
224 587 245 627 in
260 588 317 628 Italia
331 588 390 628 Sacra
403 588 477 629 editum
490 588 508 628 d.
521 597 545 637 25
555 587 677 633 Novembris,
687 588 721 628 ubi
734 589 792 628 refer-

93 661 131 704 tur,
144 654 262 695 Clementem
275 654 296 693 in
308 652 407 707 Ancyram
420 654 507 694 Galatiae
520 654 588 693 urbem
602 654 713 707 relegatum,
727 655 792 708 ibique

90 722 150 774 janua
164 720 258 773 lapidibus
272 721 371 760 obstructa
384 720 454 773 parieti
467 720 568 764 inclusum,
579 724 599 759 et
611 720 740 773 leguminibus
752 735 793 762 sus-

93 791 195 837 tentatum,
204 787 264 827 donec
278 787 299 827 in
314 787 350 827 hoc
364 788 452 840 squalore
460 786 511 826 vivis
523 786 630 842 excederet.
658 785 685 826 At
695 787 708 826 J
709 787 792 828 ohannes

93 856 205 895 Pearsonius
219 855 239 894 in
254 855 350 908 Operibus
364 856 403 895 suis
419 855 533 908 posthumis,
546 842 569 894 etv
579 853 689 894 Dodwellus
704 854 724 894 in
739 855 793 895 addi·

93 921 178 961 tionibus
190 921 229 962 suis
240 936 306 962 onmes
315 921 339 961 de
349 921 454 962 Clementis
466 920 560 973 martyrio
571 920 689 960 narrationes
698 921 793 961 fabulosas

25 988 27 991 ’
93 1000 133 1027 esse
142 987 266 1038 existimant,
281 1001 340 1040 quum
349 992 430 1037 veteres,
439 987 473 1039 qui
485 987 550 1039 aliqua
562 1000 586 1026 ex
596 986 695 1026 Clemente
704 988 791 1027 testimo·

93 1054 125 1093 nia
140 1055 243 1100 adducunt,
258 1067 352 1106 nusquam
368 1068 413 1093 eum
429 1058 535 1105 martyrem
551 1053 654 1105 appellent,
669 1054 793 1108 omniumque

76 1159 78 1165 ,
93 1120 150 1172 primi
162 1120 242 1160 Rufinus
255 1125 275 1161 et
285 1120 390 1172 Gregorius
402 1120 519 1159 'limenensis
533 1124 638 1171 martyrem
651 1133 694 1159 eum
708 1121 792 1172 faciant3

93 1200 128 1226 nec
139 1187 186 1227 levis
198 1186 223 1227 sit
236 1187 324 1239 suspicio,
334 1200 373 1225 non
385 1186 449 1225 minus
460 1186 531 1225 famam
540 1185 564 1224 de
574 1185 678 1238 splendidis
688 1187 793 1231 Clementis

93 1253 193 1303 natalibus,
203 1266 260 1305 quam
270 1252 395 1293 traditionem
409 1253 433 1292 de
447 1253 488 1304 ejus
502 1252 595 1304 martyrio
609 1252 654 1292 inde
668 1258 732 1293 natam
746 1258 795 1307 esse,¹

93 1319 145 1371 quod
157 1318 189 1358 hic
201 1318 289 1358 Clemens
301 1332 345 1358 cum
360 1318 464 1367 Clemente,
474 1317 601 1371 Imperatoris
610 1319 717 1359 Domitiani
726 1335 792 1363 conso-

92 1384 154 1435 brino,
164 1385 252 1425 confusus
261 1385 323 1424 fuerit.
339 1385 467 1424 ITTIGIUS.
496 1385 545 1424 Cum
555 1384 675 1438 Hieronymo
685 1391 723 1427 stat
733 1388 792 1428 Euae·

92 1452 141 1497 hius,
148 1452 231 1501 tradens,
239 1452 264 1492 H.
272 1453 294 1492 E.
302 1451 324 1491 iii
331 1465 362 1502 34,
371 1451 491 1491 Clementem
500 1456 580 1491 naturae
590 1452 707 1493 satisfecisse.
723 1455 793 1505 Κλήμης

92 1519 184 1573 Εὖαρέστῳ
193 1520 278 1568 παραδοὺς
287 1520 318 1567 τὴν
326 1520 439 1569 λειτουργίαν,
450 1518 519 1556 ἀναλύει
527 1520 557 1556 τὸν
565 1520 611 1563 βίον.

119 1592 130 1613 ¹¹
144 1598 203 1636 usque
215 1583 278 1639 hodie]
296 1585 339 1633 Quo
351 1588 439 1636 tempore
452 1584 583 1636 Hieronymus
596 1584 647 1625 huno
660 1586 731 1626 librum
745 1587 793 1627 emi·

92 1651 144 1700 serit,
157 1651 219 1704 capite
234 1651 303 1691 ultimo
318 1651 342 1690 de
357 1664 377 1690 se
392 1651 472 1703 loquens
486 1655 547 1699 notat,
562 1651 591 1690 his
606 1652 674 1697 verbis,
685 1660 757 1706 ‘usque
772 1654 793 1693 in

93 1721 226 1769 ‘praesentem
240 1731 318 1761 annum,
328 1717 349 1756 id
362 1722 391 1757 est
401 1706 503 1757 Theodosii
517 1716 611 1769 Principis
625 1718 721 1758 decimum
735 1734 792 1772 quar·

93 1786 149 1823 ‘tum
158 1784 204 1823 haec
213 1784 291 1836 scripsi.'
319 1783 438 1823 Concurrere
451 1783 507 1822 illurn
520 1797 564 1823 curn
576 1798 627 1824 anno
636 1799 648 1824 a
657 1785 734 1826 Christo
747 1791 793 1827 nato

93 1861 104 1898 3
107 1861 131 1898 92
142 1862 181 1887 non
191 1852 219 1887 est
229 1848 262 1900 qui
271 1847 359 1897 dubitet,
373 1847 440 1886 malim
449 1861 495 1886 vero
505 1848 546 1899 ejus
559 1847 604 1886 anni
613 1849 740 1900 posteriorem
749 1864 793 1903 par-

92 1919 132 1954 tem
142 1914 230 1967 intelligi,
240 1920 262 1954 ut
271 1918 347 1954 caetera
356 1914 427 1953 rectius
437 1918 534 1965 aptentur.
547 1913 725 1956 VALLARSIUS.

119 1982 214 2020 wama
232 1987 328 2020 castravit
343 1978 438 2033 Ecclesia]
459 1980 499 2020 Sub
516 1980 602 2020 Ecclesia
618 1981 637 2022 S.
653 1981 758 2023 Clementis
773 1983 794 2022 in

92 2048 177 2087 convalle
189 2047 240 2087 inter
255 2046 377 2100 Esquilinum
391 2046 517 2099 Coeliumque
531 2046 605 2096 collem,
620 2049 675 2100 cujus
688 2049 794 2103 antiquitus

92 2113 112 2152 in
124 2114 220 2153 saeculum
228 2114 311 2153 xiimum
322 2114 411 2153 recedere
420 2113 486 2158 fertur,
497 2113 579 2153 Basilica
592 2114 689 2165 primaeva
703 2115 723 2154 in
737 2116 794 2168 hujus

93 2179 155 2219 Patris
162 2180 268 2233 Apostolici
277 2180 390 2220 memoriam
400 2184 499 2219 exstructa
508 2192 570 2231 nuper
577 2180 680 2219 exhumata
687 2185 721 2220 est.
737 2182 795 2221 Anno

95 2249 151 2297 1857,
161 2247 191 2287 vir
204 2248 319 2297 reverendus
331 2247 343 2286 J
345 2247 427 2299 osephus
441 2246 540 2298 Mullooly,
555 2245 648 2285 Ccenobii
661 2246 720 2286 ricini
734 2248 794 2297 Prior,

93 2317 144 2351 certa
157 2312 267 2365 explorandi
279 2312 350 2351 indicia
362 2317 480 2362 consecutus,
495 2326 586 2352 excavare
600 2312 690 2361 instituit,
701 2319 726 2359 et,
737 2319 795 2363 terra,

92 2392 127 2430 per
140 2379 234 2418 fossorum
248 2392 316 2418 manus
328 2379 419 2425 assiduas,
432 2373 531 2431 usquead
547 2380 572 2428 38
587 2379 659 2430 pedum
673 2379 795 2419 altitudinem

92 2449 162 2496 egesta,
177 2445 255 2485 tandem
272 2444 347 2484 detexit
362 2445 460 2485 columnas
475 2446 539 2498 plures
556 2445 685 2496 perpulchras,
700 2450 758 2498 atque
774 2446 794 2485 in

92 2512 197 2563 ysarietibus
209 2512 302 2565 imagines
315 2512 410 2552 coloribus
423 2526 528 2566 expressas,
538 2517 652 2552 ornamenta
661 2512 757 2552 Ecclesiae
771 2512 794 2551 ab

93 2577 212 2631 Hieronymo
222 2584 386 2619 commemoratae.
