2017 3420
125 247 206 289 Ἰ12

177 358 254 406 Αίκισμα,
284 359 375 406 αἰκίσματα
384 359 429 397 δεινὰ
440 389 469 399 ...
480 360 543 398 παθοῦ-

205 429 239 452 σαι.
255 412 315 452 Olem.
329 413 372 461 1³6.
401 415 429 452 διὰ
440 419 474 452 τῶν
484 416 545 463 μαστί-

204 485 240 517 γων
249 471 275 507 καί
284 474 318 507 τῶν
327 470 434 518 αἶκισμάτων,
448 478 477 519 17.

178 526 264 572 Αίκισμός.
293 525 317 564 εἰς
333 527 405 562 κόλασιν
423 526 449 562 καί
467 526 545 573 οἰκισμὸν

204 580 266 628 τίθησι.
283 578 342 619 (λίθω.
353 579 364 617 Ι
376 591 405 618 11.

179 633 227 683 Αἷμα.
255 636 368 682 Ἀτευίσωμεν
383 636 407 674 εἰς
423 636 444 673 τό
460 633 500 683 αἰμα
515 638 545 672 τοῦ

205 693 288 739 Χριστοῦ.
304 688 363 729 Olem.
381 689 391 727 I
408 698 425 739 7.
454 691 508 738 τίμιον
521 694 556 741 τῷ

206 749 243 796 θεῷ
257 743 298 793 αἰμα
309 746 366 783 αὐτοῦ.
381 744 406 783 ib.
435 744 462 782 ὅτι
476 746 504 783 διὰ
515 749 545 782 τοῦ

205 800 274 847 αἵματος
286 800 411 850 ...λύτρωσις
434 800 486 839 ἔσται.
515 812 543 837 12.

205 855 226 892 οὗ
239 857 259 893 τό
273 853 314 903 αἰμα
328 856 371 904 ὑπὲρ
384 854 430 901 ἡμῶν
442 854 496 902 ε’δόθη.
513 867 543 893 21.

206 911 225 947 τό
240 909 281 958 αἰμα
295 911 347 946 αὐτοῦ
363 910 425 946 ἔδωκεν
439 910 481 958 ὑπὲρ
499 909 546 956 ἡμῶν

204 964 275 1012 Ἰησοῦς,
289 977 319 1014 49.
349 962 375 1001 ἵνα
384 963 469 1012 ῥόσωνται
478 964 505 1002 διὰ
514 968 545 1001 τοῦ

206 1021 269 1057 ἑαυτῶν
284 1019 354 1066 αἵματος
368 1019 408 1057 τοὺς
421 1019 496 1057 πολίτας.
512 1027 543 1067 55.

205 1074 365 1123 άναζωπυρίησαντες
383 1074 401 1109 ἐν
419 1071 475 1119 αἵματι
494 1078 543 1112 Θεοῦ,

205 1128 247 1180 Ign.
260 1127 309 1180 Eph.
323 1140 338 1166 1.
368 1129 448 1176 ἐκκλησίᾳ
500 1129 544 1177 εἰρη-

205 1183 276 1231 νενοιίση
286 1185 304 1221 ἐν
312 1185 364 1232 σαρκί
373 1184 400 1220 καὶ
412 1182 475 1231 αἵματι.
486 1181 542 1221 Τι’ωίί.

205 1238 265 1277 Ιαυυν.
287 1240 305 1276 ἐν
314 1238 377 1287 ἀγάπη,
387 1238 398 1274 ὅ
407 1239 454 1275 ἐστιν
463 1237 503 1287 αἰμα
512 1239 544 1286 Ἰη-

205 1298 242 1332 σοῦ.
254 1295 271 1332 8.
300 1295 347 1340 πόμα
356 1296 401 1330 θεοῦ
415 1293 461 1330 θελω
473 1295 493 1331 τὸ
505 1291 545 1341 αίμα

205 1351 261 1387 αὐτοῦ.
279 1347 334 1387 Rom.
347 1356 364 1397 7.
393 1347 413 1395 ἦν
421 1349 518 1395 ἀσπάζομαι
528 1350 545 1385 ἐν

205 1404 261 1450 αἵματι
283 1404 340 1451 Ἰησοῦ
366 1406 446 1452 Χριστοῦ.
471 1401 543 1450 Philad.

205 1459 265 1497 Inser.
294 1461 318 1497 εἷς
327 1458 387 1495 ἕνωσιν
396 1462 426 1495 τοῦ
438 1458 507 1506 α’ίμστος
516 1460 545 1495 αῦ-

204 1518 238 1552 τοῦ.
265 1527 282 1561 4.
319 1513 435 1561 ἡδρασμένους
452 1514 470 1549 ε’ν
488 1513 544 1562 ἀγάπῃ

206 1570 223 1605 ἐν
237 1573 260 1620 τῷ
274 1568 330 1616 αίματι
342 1572 423 1616 Χριστοῦ.
439 1567 515 1619 Smyrn.
528 1581 543 1606 1.

205 1625 234 1661 ἐὰν
251 1624 274 1671 μὴ
292 1623 411 1661 πιστεύσωσιν
426 1625 487 1661 εἰς’τό
505 1622 545 1670 αίμα

205 1682 285 1727 Χριστοῦ.
305 1679 322 1715 6.
351 1679 378 1715 καί
392 1682 413 1725 τῇ
429 1682 479 1725 σαρκὶ
494 1679 545 1715 αὐτοῦ

206 1736 232 1770 καὶ
247 1737 271 1784 τῷ
286 1733 347 1780 αἵματι.
365 1745 393 1770 12.
424 1734 467 1770 Οὐδὲ
482 1748 545 1782 μαρτυ-

205 1793 242 1838 ρίου
252 1787 297 1836 αἷμα.
310 1787 387 1838 Fragm.
398 1787 417 1825 ἱί.
447 1789 467 1825 οῦ
476 1789 496 1825 τὸ
505 1786 545 1835 αἰμα

206 1843 292 1891 ἕκζητίησει
305 1846 315 1879 ὁ
328 1845 375 1881 θεός.
391 1842 455 1894 Polyc.
467 1841 514 1880 Phil.
527 1856 543 1880 2.

205 1900 298 1947 περιστερὰ
324 1899 350 1934 καὶ
376 1900 442 1946 πλῆθος
469 1898 544 1946 αἵματος.

208 1952 264 1991 Mart.
275 1952 339 2003 Polyo.
354 1953 381 1990 [6.

179 2010 279 2057 Αίμοβόρος,
300 2008 363 2056 θηρίοις
372 2009 476 2055 αἱμοβόμοις.
487 2006 544 2045 Mart.

207 2063 249 2114 Ign.
262 2075 277 2099 2.

180 2120 239 2155 Αίνείν.
267 2119 306 2166 περὶ
319 2118 385 2153 πάντων
395 2118 434 2153 αἰνῶ
446 2132 472 2153 σε.
488 2115 545 2154 Mart.

208 2172 313 2223 Polye.14.

180 2228 235 2266 Αἶνος,
250 2230 303 2264 Ποῖον
312 2226 341 2263 οῦν
350 2224 396 2263 αἰνον
403 2227 447 2274 αὐτῷ
457 2227 545 2273 δώσομεν5

208 2282 267 2321 Olem.
278 2281 300 2319 H
312 2294 327 2319 1.

181 2339 241 2387 Αίρειν.
257 2336 300 2386 αίρει
309 2338 338 2373 τὸν
348 2336 401 2381 σηκὸν
407 2336 473 2372 ἐκεῖνον,
486 2333 545 2372 Olem.

208 2393 218 2430 Ι
234 2402 264 2441 25.
294 2392 373 2439 άμιάντος
390 2393 449 2439 χεῖρας
467 2389 546 2439 αἴροντες.

208 2461 237 2498 29.
266 2445 380 2496 μαστιγωθεὶς
398 2445 467 2494 αίρεται,
489 2443 510 2481 Π
528 2453 545 2493 7.

206 2503 232 2540 ίνα
241 2504 272 2552 ίίρῃ
282 2501 379 2549 σύσσημον.
390 2499 434 2551 Igu.
444 2498 520 2550 Smyrn.
530 2512 545 2537 1.

206 2557 247 2607 Αἶρε
255 2558 295 2596 τοῦς
304 2557 368 2595 ιίθέους.
384 2554 441 2593 Μυϊί.
453 2553 516 2604 Polyc.
528 2567 545 2603 3.

206 2618 225 2651 et
236 2626 247 2662 9
258 2612 291 2650 bis.

179 2672 240 2718 Αίμεῖν.
260 2669 275 2704 εἰ
283 2668 309 2715 μί]Ἰ
315 2667 345 2713 τὴν
354 2671 387 2703 τών
396 2667 479 2713 δαιμόνων
488 2664 547 2702 ἕλοιτο

206 2723 291 2772 λατρείαν.
306 2721 364 2760 Mart.
375 2720 417 2771 Igu.
430 2733 446 2758 2.

180 2779 252 2828 Αἵρεσις.
282 2779 300 2814 ἐν
313 2778 352 2824 ὑμῖν
363 2777 432 2824 οὐδεμία
445 2774 510 2825 αἵρεσις
519 2789 547 2810 κα-

206 2836 263 2870 τοικεῖ.
278 2831 321 2883 Igu.
339 2830 388 2882 Eph.
406 2832 423 2869 6.
456 2830 548 2878 ἀλλοτρίας

207 2890 225 2925 δὲ
239 2890 312 2934 βοτάνης
327 2887 428 2935 ἀπέχεσθαι,
447 2886 483 2933 ἥτις
501 2885 548 2921 ἐστίν

207 2942 275 2992 αἵρεσις.
290 2941 347 2980 Trall.
360 2942 376 2979 6.

180 2998 268 3045 Λίσθησις.
311 2998 400 3045 ἐπιφάνεια
421 3000 451 3033 τοῦ
472 2997 517 3042 Υίοῦ,
536 2993 547 3042 ᾗ

207 3054 237 3091 τώς
254 3052 343 3099 αἰσθήσεις
361 3052 466 3100 ἔφανέρωσε,
487 3048 545 3088 [ίίθῐΠ.

208 3107 283 3158 Fragm.
294 3105 332 3145 viii.

418 246 515 290 INDEX
531 246 702 291 VERBORUM

572 360 678 407 Αἰσθητικός.
705 359 724 396 Ὁ
739 363 772 396 τῶν
783 361 871 408 παρόντων
879 359 939 406 αἰσθη-

599 417 648 454 τικός.
664 412 722 453 Glem.
734 413 810 465 Fragm.
820 413 845 452 iv.

572 472 652 519 Αἰσχρός.
682 470 755 518 Αίσχρό,
765 468 853 519 ἀγαπητοί,
863 470 890 507 καί
901 469 939 507 λίαν

600 526 670 575 αἰσχρά.
685 523 745 563 olem.
756 523 767 562 Ῑ
777 531 808 573 47.

571 580 668 628 Αίσχόνειν.
686 580 879 628 λοιπὸναίσχυνθῶμεν,
895 578 937 631 Igu.

599 634 648 686 Eph.
662 647 691 672 11.
718 635 764 684 Ἐγὼ
776 635 794 671 δὲ
806 634 908 682 αἰσχύνομαι
920 635 939 681 ἐξ

599 691 654 728 αὐτῶν
662 690 748 739 λέγεσθαι.
764 689 820 728 Rom.
832 701 849 739 9.

572 746 632 783 Αίτεῖν.
661 745 745 793 αἰτώμεθα
754 745 826 783 ἀπὸτοῦ
839 744 898 785 ἐλέους
907 745 938 781 αι’)-

599 803 633 837 τοῦ.
650 798 709 839 Olem.
726 799 737 837 Ι
751 809 781 849 50.
810 800 880 837 αἰτεῖται
895 798 939 848 ίίφε-

600 870 628 892 σιν
643 858 667 907 τῲ
686 855 752 903 πλήθει.
774 863 805 904 53.
833 854 937 893 Ἰουδίθ,..

599 909 675 957 ῄτίησατο
693 911 739 958 παρὰ
758 915 792 947 τῶν
810 909 937 959 πρεσβυτέρων.

600 972 630 1012 55.
653 964 766 1015 ,αἰτούμενος
784 968 829 1001 Θεοῦ
847 965 937 1012 ἐπιτυχεῖν.

599 1018 642 1070 Ign.
662 1017 719 1057 Trall.
740 1032 768 1057 12.
803 1021 826 1058 ὡς
842 1020 868 1056 καὶ
886 1019 939 1057 πλέον

598 1072 672 1122 ᾐτούμην
686 1076 751 1118 λαβεῖν.
768 1073 823 1112 Rom.
837 1086 852 1111 1.
882 1075 939 1111 Μόνον

598 1144 628 1175 μοι
641 1128 710 1176 δύναμιν
723 1129 802 1167 αἰτεῖσθε.
818 1142 836 1179 3,
865 1129 891 1166 Δι’
901 1129 937 1166 όλί-

598 1199 634 1233 γων
649 1185 752 1234 γραμμάτων
765 1185 842 1232 αἰτοῦμαι
856 1184 903 1230 ὑμᾶς.
920 1185 937 1222 8.

599 1238 697 1286 Αἰτίησασθε
713 1240 752 1287 περί
768 1240 813 1286 ἐμοῦ.
834 1237 859 1276 ἰί).
888 1239 939 1275 αὐτοῦ

599 1292 670 1331 σῦνεσιν
678 1292 748 1331 πλείονα
757 1294 835 1342 ἦς’ἔχεις,
847 1293 910 1345 Polyc.
921 1305 937 1331 1.

599 1349 620 1385 τίι
636 1349 654 1385 δὲ
670 1348 734 1395 ἀόρατα
748 1347 790 1386 αίτει
804 1347 831 1386 ἵνα
846 1364 874 1385 σοι
887 1350 938 1397 φανε-

598 1403 650 1452 ρωθῇ.
677 1415 693 1440 2.
735 1404 816 1451 δείησεσιν
838 1403 937 1451 αἰτούμενοι.

599 1456 663 1508 Polyc.
674 1457 722 1496 Phil.
735 1471 751 1496 2.
780 1458 850 1506 αἰτίησας
864 1474 883 1495 τε
899 1459 938 1507 παρ’

599 1514 654 1550 αὐτῶν
664 1513 694 1560 τὴν
703 1514 783 1561 ἀληθινὴν
792 1514 862 1563 ἀγάπην.
879 1511 937 1551 Mart.

600 1566 642 1618 Igu.
655 1568 671 1605 6.

572 1622 645 1669 Αίτησις.
675 1625 765 1669 πληρῶσαί
778 1639 811 1670 μου
825 1623 855 1669 τὴν
866 1622 937 1670 αἴτησιν.

601 1676 643 1728 Ign.
654 1676 711 1715 Trall.
725 1690 754 1727 13.

573 1733 625 1768 Αἰτία.
647 1734 678 1769 Διίτ
686 1733 747 1779 ταύτην
756 1734 786 1770 σῦν
795 1734 824 1780 τὴν
833 1733 887 1769 αἰτίαν
896 1735 938 1781 πρό-

599 1802 663 1837 γνωσιν
677 1789 771 1836 εἰληφότες.
797 1787 856 1826 Olem.
876 1787 886 1825 Ῑ
906 1801 937 1835 44.

599 1843 619 1878 οὐ
633 1843 654 1878 δι’
663 1843 717 1890 ἄλλην
730 1845 767 1880 τινὰ
780 1843 834 1880 αἰτίαν
847 1841 938 1889 ἐβυθίσθη-

600 1912 637 1934 σαν,
661 1906 691 1945 51.
728 1900 759 1935 Διά
778 1897 839 1945 ταότην
856 1899 889 1947 γὰρ
908 1898 939 1945 τὴν

600 1952 654 1989 αἰτίαν
666 1954 696 1989 οὐκ
712 1954 760 1989 ἔστιν
776 1953 830 2001 εὑρεῖν
844 1952 951 2001 ι’ίνθρωπονμ

600 2005 627 2043 II.
640 2019 669 2045 10.

573 2061 633 2099 Αίτιος.
648 2064 690 2110 πρός
700 2064 728 2098 τόν
737 2066 767 2098 τοῦ
777 2060 818 2099 εἰναι
827 2062 869 2109 ἡμᾶς
877 2063 937 2101 αἰτίαν.

600 2115 660 2154 Olem.
671 2116 747 2167 Fragm.
757 2116 769 2154 i.

573 2171 665 2219 Αἰφνίδιος.
702 2172 735 2207 Διὰ
752 2173 782 2210 τὰς
801 2173 895 2220 αἰφνιδίους
913 2174 939 2209 καί

601 2225 707 2273 ἐπαλλήλους
720 2226 808 2274 γενομένας
819 2228 857 2275 ἡμῖν
870 2229 938 2275 συμφο-

600 2282 635 2329 ράς.
651 2279 710 2318 Olem.
722 2279 732 2317 Ι
744 2293 760 2318 1.

574 2336 690 2383 Αίχμαλωσία,
718 2335 748 2372 Ἐκ
757 2335 817 2373 τοῦτον
827 2368 831 2375 ,
840 2366 843 2373 .
853 2365 855 2372 .
864 2340 939 2384 πόλεμος

601 2391 627 2426 καί
634 2391 747 2436 αἰχμαλωσία.
764 2389 822 2430 Olem.
834 2390 845 2428 Ῑ
855 2404 872 2440 3.

574 2446 710 2492 Αἰχμαλωτίζειν,
739 2447 761 2493 μὴ
769 2448 887 2495 αἰχμαλωτίση
896 2448 939 2493 ὑμᾶς

601 2500 619 2535 ἐκ
628 2504 657 2537 τοῦ
666 2501 774 2549 προκειμένου
786 2503 820 2548 ζῇν.
836 2500 878 2553 Igu.
889 2500 938 2552 Eph.

603 2566 632 2603 17.
661 2555 711 2603 ἡδονῇ
727 2560 767 2603 κακῇ
786 2557 940 2605 αἰχμαλωτίζαυσιν

601 2610 640 2648 τοῦς
649 2611 754 2659 θεαδρόμους,
770 2610 843 2649 Philad.
856 2623 872 2649 2.

574 2666 622 2701 Αἰών.
651 2665 675 2703 εἰς
691 2667 730 2704 τοῦς
746 2668 805 2705 αἰῶνας
820 2671 854 2704 τῶν
869 2668 937 2704 αἰώνων.

602 2717 660 2758 clem.
676 2720 687 2757 I
699 2734 729 2769 το,
742 2734 773 2770 32,
785 2722 816 2771 38,
827 2734 858 2770 43,
869 2729 893 2770 45
904 2720 938 2764 όίς.

602 2782 632 2821 5ο.
661 2778 723 2815 πάντας
741 2781 772 2814 τοῦ
790 2777 818 2814 ἀπ’
837 2777 896 2815 αἰῶνος

602 2831 702 2869 ἐδικαίωσενζ
719 2844 750 2880 32.
779 2833 901 2881 ὁδημιουργδς
913 2834 939 2869 καί

600 2885 655 2933 πατὴρ
664 2890 697 2923 τῶν
705 2888 772 2925 αἰώνων.
789 2896 820 2936 35.
849 2888 892 2924 Θεὸν
905 2891 939 2924 τών

601 2941 668 2977 αἰώνων.
684 2950 714 2990 55.
736 2943 762 2979 καί
772 2945 801 2979 νῦν
809 2943 836 2979 καί
845 2942 868 2979 εἰς
877 2942 940 2981 πάντας

601 2995 639 3033 τοῦς
648 2996 708 3035 αἰῶνας
719 3001 752 3033 τῶν
761 2998 829 3034 αἰώνων.
846 2997 877 3044 58.
905 2996 939 3034 άπὸ

601 3053 634 3086 τῶν
643 3052 707 3088 αἰώνων
717 3052 740 3089 εἰς
748 3053 788 3090 τοίς
799 3053 859 3090 αἰῶνας
870 3055 904 3088 τῶν
912 3053 938 3088 αἰ-

602 3106 652 3143 ώνων,
668 3114 698 3154 59.
724 3106 786 3144 ’Ἔστιν
795 3107 814 3144 δὲ
824 3106 873 3145 οὗτος
882 3107 939 3144 ὁαίών
