2061 3403
214 167 242 215 oe
459 167 481 210 s,
497 148 668 211 enarrarre

215 282 296 357 φόβου
306 289 349 338 τοῦ
362 287 434 339 Θεοῦ.
465 283 517 342 Τὰς
528 289 641 354 γυναῖκας
652 284 719 353 ἡμῶν
731 285 769 339 ἐπὶ
781 284 809 338 rb
822 283 914 354 ἀγαθὸν

216 368 408 441 διορθωσάμεθα
436 370 464 426 rb
488 369 653 442 ἀξιαγάπητον
669 373 715 439 πῆς
736 370 830 440 ἁγνείαις
856 369 914 438 ἦθος

216 454 417 527 ἐνδειξάσθωσαν,
438 458 466 513 rb
486 455 594 529 ἀκέραιον
612 460 655 525 τῆς
678 455 814 528 πραΰτητος
835 457 914 511 αὐτῶν

216 538 329 611 βούλημα
350 543 556 614 ἀποδειξάτωσαν,
575 544 602 598 rb
623 541 717 601 ἐπιεικὲς
734 545 776 611 τῆς
794 542 913 612 γλώσσης

217 631 294 684 αὐτῶν
318 628 357 683 διά
377 633 420 697 τῆς
443 633 524 703 φωνῆς
544 628 646 703 φανερὸν
665 627 848 697 ποιησάτωσαν,
870 628 934 697 πὴν5

217 713 313 784 ἀγάπην
333 717 419 782 αὐτῶν,
439 714 473 784 μὴ
492 716 553 771 κατὰ
571 715 736 786 προσκλίσεις,
758 711 826 770 ἀλλά
851 721 914 771 πᾶσι

216 807 265 859 τοῖς
277 803 433 875 φοβουμένοις
445 802 488 858 τὸν
501 801 564 857 Θεὸν
576 802 655 868 ὁσίως,
667 801 724 870 ἰ’σην
733 801 911 875 παρεχέτωσαν.

217 888 257 943 Tb
273 888 344 943 τέκνα
364 891 429 956 ὑμῶν
447 893 490 957 τῆς
507 891 533 943 ἐν
552 891 652 962 Χριστῷ
670 890 774 948 παιδείας
790 897 912 958 μεταλαμ-

216 974 364 1040 βανέτωσαν·
395 975 537 1042 μαθέτωσαν
561 975 586 1031 πί
612 974 820 1048 παπεινοφροσύνη
849 975 916 1048 παρά

217 1065 273 1134 Θεῷ
292 1060 374 1133 ἰσχύει,
388 1061 412 1116 τί
428 1060 510 1131 ἀγάπη
524 1059 585 1130 ἁγνὴ
600 1060 666 1132 παρά
684 1064 718 1135 τῷ
737 1064 792 1136 Θεῷ
811 1061 915 1131 δάναπαι,
925 1088 950 1115 10

217 1153 268 1205 πῶς
289 1148 302 1200 b
319 1146 398 1220 φόβος
419 1149 492 1202 αὐτοῦ
512 1144 587 1205 καλὸς
608 1150 647 1203 καὶ
666 1147 749 1217 με’γας,
771 1150 810 1203 καὶ
830 1147 916 1218 σώζων

217 1232 309 1291 πάντας
332 1231 388 1291 τοὺς
411 1235 436 1288 ε’ν
461 1235 525 1306 αὐτῷ
551 1233 623 1291 ὁσίως
647 1235 868 1307 ἀναστρεφομένους
891 1236 916 1290 ε’ν

217 1322 310 1392 καθαρᾷ
323 1318 419 1391 διανοίᾳ.
457 1317 598 1391 Ἐρευνητὴς
619 1318 668 1391 γάρ
682 1321 748 1375 ε’στιν
766 1324 861 1376 ἐννοιῶν
878 1324 917 1377 καὶ

217 1405 374 1475 ἐνθυμήσεων,
387 1406 414 1460 οὗ
426 1406 441 1473 ἡ
453 1403 515 1473 πνοὴ
527 1407 599 1460 αὐτοῦ
613 1407 639 1460 ἐν
650 1407 706 1474 ἡμῖν
718 1407 793 1474 ἐστίν,
808 1410 847 1462 καὶ
860 1408 917 1464 ὅταν

218 1492 277 1564 θέλῃ
289 1491 366 1546 ἀνέλει
380 1492 460 1560 αὐτήν.

218 1682 307 1735 quentiue
320 1686 387 1723 utatur
399 1695 446 1722 mox
459 1695 471 1721 a
484 1683 554 1722 denato
580 1681 636 1721 Alex.
652 1679 732 1737 [Strom.
742 1681 772 1721 IV
781 1681 820 1732 xvi,
829 1696 847 1734 p,
859 1681 914 1738 517]

219 1738 322 1786 Clemente,
337 1738 401 1777 nullus
419 1738 491 1787 dubito,
508 1736 554 1789 quin
581 1737 601 1776 in
610 1737 686 1777 citando
699 1737 790 1776 hocloco
803 1737 881 1777 exhibet
890 1739 918 1776 διὰ

217 1792 267 1832 hane
286 1793 394 1845 Epistolam
410 1792 484 1844 legerit,
503 1805 553 1831 eam·
581 1796 610 1841 τῆς
618 1795 673 1844 σιγῆς,
683 1805 732 1844 quae
740 1793 797 1832 lectio
804 1792 868 1832 verior
877 1805 917 1832 erse

219 1861 256 1900 que
270 1861 317 1900 prae
333 1848 392 1887 oeulis
406 1847 445 1886 auis
460 1847 554 1897 habuerit,
580 1847 661 1887 ridetur.
690 1847 725 1887 Sin
735 1847 841 1887 retineatur
854 1850 917 1898 φωνῆς,

218 1916 278 1955 quum
287 1902 384 1954 scripserit
392 1915 447 1942 suam
453 1916 460 1952 5
473 1902 555 1954 indeque
580 1916 618 1942 non
629 1907 670 1942 tam
684 1902 709 1942 de
719 1915 766 1942 voce
778 1903 826 1953 ipsa,
835 1903 875 1942 sive
888 1902 917 1942 lo·

218 1961 306 1997 constare
319 1970 380 2009 posse,
395 1957 498 2009 legendum
513 1970 554 1996 esse
580 1957 651 2009 quendi
664 1958 744 2006 actione,
761 1957 858 2010 quamde
877 1971 917 1996 ma·

218 2011 254 2052 hoe
268 2012 290 2051 in
304 2012 345 2051 loeo
361 2017 392 2050 τοῦ
408 2015 471 2061 φόβου,
485 2026 497 2051 a
512 2011 554 2051 Ole—
579 2012 628 2052 teria
637 2013 686 2051 eirea
695 2026 752 2065 quam
760 2016 853 2062 versatur,
861 2026 917 2065 opor-

218 2071 283 2107 mente
288 2065 343 2106 Alex.
351 2067 448 2116 omissum,
458 2066 559 2106 existimo.¹
580 2071 609 2107 tet
617 2067 665 2106 illud
674 2067 796 2119 explicemus,
801 2067 832 2107 vel
839 2068 863 2107 de
872 2068 917 2107 sub-

217 2121 300 2162 WOOET.
335 2121 363 2161 Of.
381 2122 450 2171 Rothe,
463 2120 556 2173 Arrfctrrqe
580 2123 638 2162 misso
660 2123 751 2174 loquendi
771 2136 846 2174 genere,
866 2123 918 2175 quod

217 2177 251 2217 der
261 2176 338 2217 Otrisrl.
348 2176 425 2225 Ke'relre,
435 2190 454 2229 p.
466 2189 510 2226 403.
526 2176 554 2216 U·
580 2177 663 2216 maxime
677 2177 749 2217 indicat
762 2177 877 2217 modestiam
894 2177 918 2216 il-

216 2231 281 2271 berius
290 2232 314 2271 de
323 2231 359 2271 hae
367 2245 389 2271 re
397 2231 506 2283 nuperrime
515 2231 554 2270 dis·
580 2231 623 2280 lam,
633 2245 681 2284 quae
690 2232 727 2284 piis
736 2236 756 2271 et
765 2232 835 2273 sanetis
848 2232 917 2272 mulie·
988 2253 989 2256 ¹

215 2287 292 2340 putavit
300 2286 422 2336 Thoenissen,
431 2285 492 2339 (Zwee'
500 2286 553 2325 Hier.
580 2286 633 2325 ribus
648 2287 726 2338 propria
743 2287 789 2338 ipsis
803 2301 874 2340 magno
888 2292 917 2327 est

217 2342 279 2383 rebor.
308 2341 470 2393 Abhorrdberrqerr,
494 2340 553 2380 Trier.
581 2346 697 2381 ornamento.
707 2341 790 2381 WOTT.
808 2341 918 2382 OumWot-

217 2396 283 2450 1841,)
307 2410 392 2446 monens,
419 2397 555 2446 προηγουμένους
580 2399 627 2435 tono
649 2395 723 2435 fatiunt
742 2395 817 2446 Junius,
836 2397 917 2443 Boieina,

215 2452 322 2506 significare
340 2456 461 2505 praesentem
476 2450 555 2503 Episeo-
582 2449 918 2502 Oolomesius,Hornemannus,Hil-

215 2521 263 2561 pum
272 2507 418 2547 Corinthiorum
431 2511 451 2546 et
460 2518 554 2546 aueeeseo-
581 2505 661 2557 genfeld.
676 2505 787 2555 Dresselius,
801 2511 821 2547 et
834 2507 918 2557 Ruehati

215 2576 245 2602 res
253 2563 379 2615 ejus3voeem
384 2563 513 2612 πρεσβυτέρους
520 2573 553 2599 au·
581 2560 649 2608 versio,
661 2560 735 2611 qo’etlee
742 2560 820 2612 ferrent
829 2557 918 2614 pwottre

215 2622 256 2658 tem
264 2618 289 2658 de
296 2618 383 2671 Collegio
390 2617 554 2669 Pmobytemmm,
577 2629 618 2666 par
634 2616 685 2654 ἰοινις
698 2615 784 2656 distorre
797 2617 818 2656 ἰο
830 2618 918 2657 modero-

215 2674 262 2713 νέους
276 2674 300 2712 de
313 2672 437 2713 multitudine
452 2671 554 2711 Laieerum
581 2670 622 2709 tiore
635 2670 658 2709 da
672 2670 799 2722 ῑοοαίοαραο.
828 2669 918 2713 Davisius

215 2728 361 2781 intelligendum
370 2741 416 2768 esse.
431 2726 528 2766 Herna.
581 2724 659 2776 conjicit
672 2726 699 2763 διὰ
712 2729 742 2774 τῆς
755 2728 835 2777 boariae.
856 2732 879 2768 ut
893 2728 918 2775 ad

243 2797 260 2834 3.
278 2784 422 2834 ἐνδειξάοθωοον]
440 2783 486 2823 Vox
505 2781 554 2820 Pau·
581 2779 622 2820 MS.
642 2780 721 2832 propius
742 2782 847 2823 accedatur.
886 2782 918 2823 Sic

214 2838 259 2887 lina,
273 2838 299 2878 ml
312 2838 367 2878 Rom.
377 2838 392 2878 ii
403 2848 433 2889 15,
447 2838 485 2878 Tit.
496 2837 510 2877 ii
522 2849 552 2885 10,
581 2834 689 2886 Herzogiue
705 2848 786 2888 quoque,
799 2838 918 2890 Μᾶςςάροιαρ

214 2893 236 2933 iii
246 2906 264 2943 2,
273 2894 307 2933 tre.
580 2889 633 2930 ιἸινον
642 2890 710 2941 Zoraa
719 2891 777 2932 solta
786 2893 813 2933 ste
821 2894 886 2945 παραυ
895 2894 918 2933 οἰο

242 2958 260 2999 5.
280 2950 307 2988 ae
325 2946 438 3002 τῆςφωνῆς]
464 2947 553 2988 Clemens
579 2945 701 2998 Sebwbqem
711 2950 731 2987 et
741 2946 834 2999 Granius,
844 2962 868 2989 αα
876 2962 916 2989 πιο-
