2017 3420
152 224 153 227 *
219 156 263 202 226
391 157 552 202 cornnnnn
568 157 721 201 JUDICIUM

223 264 329 310 asseritur.
359 266 441 310 Deinde
453 267 502 325 quin
511 266 631 312 viventibus
641 265 756 324 Apostolis,
766 281 790 309 oc
800 265 859 308 Luca
873 264 922 308 scri-

223 339 287 383 bente
304 339 453 397 Evangelium‚
470 341 539 384 multu
554 339 682 398 Apocryphu
701 343 723 383 et
739 338 924 396 Pseudepigrapha

223 414 285 458 otiosi
310 415 455 474 temerariique
479 417 575 461 homines
599 407 696 469 edebant,
717 415 788 473 inquit
812 413 943 471 Origenes.

225 489 309 532 Homi
323 490 346 532 iu
361 490 448 544 Isuocm,
468 491 532 548 [opp.
548 491 571 534 iii
585 507 606 548 p.
623 504 664 550 933
680 490 711 533 ed.
727 490 816 547 Bened.]
834 502 924 545 eumque

223 565 343 622 saepissime
359 581 447 623 sequens
465 567 615 625 Hieronymus,
635 565 740 623 prooemio
756 563 922 608 Commentario-

223 655 270 683 rum
281 656 343 698 super
352 641 496 696 Matthaeum
506 643 571 700 [Opp.
582 659 596 686 x
607 658 628 699 p.
639 643 679 685 661
692 641 723 685 ed.
731 641 830 698 Vallum]
842 655 924 683 necnon

223 714 291 766 Titus,
308 714 439 768 Ambrosius,
456 715 522 770 Beda,
538 716 674 774 Euthymim,
688 715 858 772 Theophyluctus
872 714 899 757 ad
911 728 920 757 Ι

223 805 276 832 vers.
289 790 373 847 Evang.
385 791 455 834 Lucae
462 809 469 844 ,-
485 791 559 849 quidni
574 791 631 835 etin
646 791 688 834 illis
703 791 806 848 quaedam
818 790 922 847 Sibyllino
994 844 995 848 Ἰ

223 866 325 909 nomine?
340 866 375 909 Ad
385 867 436 910 hoco
448 871 529 911 certum
539 871 572 911 est
582 884 607 912 cx
614 868 715 920 Varrone,
726 867 833 919 Cicerone,
843 865 922 918 Tacito,

225 941 333 995 Suetonio,
356 942 476 996 Plutarcho,
496 944 565 986 multo
588 959 643 987 vana
667 947 689 987 et
711 941 844 1000 supposititia
867 941 923 984 inter

224 1018 321 1074 Pagonos
336 1017 395 1075 quasi
412 1017 516 1075 Sibyllina
530 1019 594 1062 fuisse
610 1018 738 1070 circumlata,
752 1021 801 1061 oute
816 1020 838 1060 et
850 1016 923 1060 stetim

223 1095 271 1149 post
287 1092 402 1148 primordio
416 1097 500 1137 nostrae
516 1093 648 1150 Religionis:
663 1094 703 1136 hoc
719 1093 813 1149 exemplo
829 1108 866 1135 cur
880 1107 923 1135 non

223 1166 279 1209 idem
289 1166 382 1209 evenerit
392 1167 448 1223 opud
457 1168 512 1210 nos?
532 1167 607 1224 Adjice
621 1167 654 1210 his
666 1167 812 1217 testimonium
823 1166 922 1219 Hermae,

223 1241 293 1284 IVis.
309 1241 325 1283 ii
344 1257 388 1299 cup.
405 1256 427 1297 4,
443 1257 536 1299 quaeque
552 1242 583 1286 ibi
600 1242 728 1285 annotabam
744 1241 769 1285 de
786 1241 866 1298 insigni
882 1241 922 1284 isto

222 1316 267 1358 loco
281 1315 374 1372 Joscphi,
384 1316 437 1358 Ant.
449 1316 518 1359 Jud.i
531 1327 552 1373 5,
571 1317 625 1373 [cup.
635 1315 657 1359 iv
673 1318 685 1374 ξ
697 1329 710 1374 3
725 1315 757 1358 ed.
769 1316 919 1371 Havercump]

225 1392 275 1446 Περὶ
285 1393 306 1434 δὲ’
317 1396 351 1434 τοῦ
362 1393 436 1446 πύργου
447 1393 522 1443 τούτου,
534 1394 565 1434 καὶ
576 1394 609 1444 τῆς
619 1392 748 1447 ἀλλοφωνίας
761 1395 799 1434 τῶν
809 1391 922 1446 ἀνθρώπων,

222 1465 318 1520 μέμνηται
335 1466 374 1522 καὶ,
384 1467 484 1520 Σίβυλλα,
500 1466 591 1521 λέγουσα
606 1468 673 1510 οὕτως·
689 1473 701 1489 “
709 1465 795 1508 Πάντων
812 1466 923 1519 ὁμοφώνων

223 1546 237 1565 “
247 1532 312 1583 ὄντων
321 1545 359 1583 τῶν
368 1540 483 1596 ἀνθρώπων,
494 1540 569 1596 πύργου
581 1540 708 1598 ᾠκοδόμησάν
723 1557 773 1583 τινες
787 1540 922 1598 ὑψηλᾷτατου,

223 1619 237 1640 “
248 1616 273 1659 ὡς
288 1614 320 1657 ἐπὶ
335 1615 371 1658 τὸν
387 1614 472 1668 οὐρανὸν
489 1616 638 1669 ἀναβησόμενοι
658 1618 682 1658 δι’
699 1615 764 1658 atros.
803 1616 829 1657 Ol
844 1615 866 1657 δὲ
881 1615 922 1656 θεοὶ

223 1695 237 1716 “
248 1689 332 1743 ἀνέμους
343 1690 497 1745 ἐπιπέμψαντες,
508 1691 622 1745 ἀνέτρεψαν
632 1690 667 1734 τὸν
680 1691 762 1744 πύργον,
774 1689 805 1732 καὶ
817 1691 868 1732 ἰδίαν
879 1689 922 1732 ἑκά-

222 1769 237 1790 “
248 1782 288 1821 στῳ
299 1765 366 1819 φωνὴν
376 1766 457 1808 ἔδωκαν·
469 1765 501 1808 καὶ
511 1766 543 1808 διὰ
554 1767 609 1807 τοῦτο
620 1768 732 1817 Βαβυλῶνα
742 1762 816 1818 συνέβη
822 1766 923 1816 πιληθῆναι
1001 1781 1002 1784 ’

222 1845 237 1866 “
247 1841 282 1894 τὴν
298 1840 382 1883 uoltu?
412 1840 448 1896 qui
464 1840 521 1883 locus
537 1839 649 1896 respondet
664 1838 698 1881 his
715 1838 831 1894 Sibyllinis,
846 1838 883 1880 lib.
900 1837 923 1879 iii

223 1914 277 1958 circu
291 1914 377 1957 initium
383 1931 390 1966 3
420 1915 452 1971 [9]

281 2006 328 2048 ἀλλ’
338 2007 412 2048 ὁπόταν
421 2005 518 2059 μεγάλοιο
529 2008 584 2051 Θεοῦ
594 2005 701 2047 τελέοντοι
712 2006 797 2048 ἀπειλαί·
814 2006 850 2048 &c

224 2100 339 2152 Concludo,
356 2100 410 2142 nihil
421 2102 491 2143 vetare
509 2099 560 2157 quin
574 2115 623 2142 vero
639 2100 744 2143 Clementi
759 2100 844 2143 laudata
859 2101 923 2143 fuerit

224 2175 313 2233 Sibylla,
324 2176 347 2218 in
356 2191 378 2219 re
388 2175 511 2231 praesertim
521 2175 618 2217 Ethnicis
633 2190 675 2218 non
689 2175 770 2232 ignota,
780 2176 855 2218 muudi
865 2175 922 2218 vide-

222 2250 273 2293 licet
283 2250 331 2303 fine,
343 2265 367 2293 ac
378 2249 492 2306 impiorum
504 2264 541 2305 per
555 2249 628 2305 iguem
637 2249 729 2306 judicic:
744 2250 770 2293 de
785 2266 827 2307 qua
840 2250 923 2293 consule

222 2324 332 2381 praecipue
348 2323 458 2367 Justinum
474 2324 599 2381 Martyrem,
611 2324 673 2381 Apol.
686 2324 701 2367 ii
716 2340 737 2381 p.
750 2325 785 2377 66,
805 2325 845 2382 [ed.
857 2324 922 2367 Paris.

225 2401 287 2456 1615,
302 2400 365 2457 Apol.
377 2399 384 2442 i
401 2401 460 2457 qno,
475 2415 496 2455 p.
508 2409 535 2455 55
550 2399 583 2442 ed.
595 2400 683 2458 Beneu]
698 2404 719 2444 et
733 2400 837 2458 Sibyllina
851 2404 923 2444 nostra

222 2474 319 2526 Oracule,
337 2474 373 2516 lib.
386 2473 402 2516 ii
421 2475 553 2531 [194-213‚
570 2472 691 2532 284-295,
708 2478 839 2533 304-337,]
858 2478 880 2519 et
899 2475 923 2517 iii

219 2550 329 2607 [19-25,
345 2550 394 2606 556,
409 2548 532 2606 627-631,
548 2548 607 2606 698.]
640 2549 672 2591 Ac
689 2549 758 2592 forsan
775 2550 871 2593 Clemens
887 2565 922 2593 ex-

223 2623 324 2680 emplaria
343 2624 425 2667 videret
440 2626 554 2679 antequam
570 2638 583 2665 a
599 2623 731 2677 Christianis,
747 2629 772 2668 ut
789 2625 923 2682 conqueritur

187 2754 188 2757 Ἴ
222 2701 296 2743 Celsus
311 2701 367 2757 opud
381 2701 504 2757 Origenem,
518 2699 555 2743 lib.
566 2699 596 2741 vii
611 2703 683 2742 contro
697 2715 751 2754 cum,
772 2702 793 2759 [q
805 2712 833 2759 53
849 2700 923 2758 Oppi

222 2792 243 2832 p.
255 2785 296 2833 732
310 2774 342 2817 ed.
352 2775 440 2832 Beneu]
454 2774 544 2817 fuissent
554 2773 669 2830 interjectis
678 2774 772 2830 pluribus
782 2776 914 2833 interpolata.

252 2850 363 2892 Caeterum
379 2850 463 2893 videtur
480 2850 531 2892 hoec
549 2848 640 2891 secundo
655 2848 750 2906 Epistola
765 2855 814 2894 unte
831 2851 922 2907 primurn

222 2940 266 2968 esse
276 2924 360 2981 scripto.
391 2924 567 2981 Quandoquidem
581 2923 653 2966 innuit
662 2924 806 2981 fragmentum
817 2926 873 2970 illius
885 2942 922 2983 pa-
