1975 3455
282 199 289 218 ⁸
332 211 372 260 nn
394 210 586 262 nrrsronnn.
766 210 807 253 aar

110 319 212 380 posterior
227 317 350 371 Clementis,
360 317 407 371 etsi,
417 320 472 361 teste
486 317 571 371 Photio,
580 317 607 361 ad
621 317 742 361 Corinthios
756 333 807 375 quo-

110 413 151 456 que
160 398 215 440 essct
224 393 309 450 scripta,
317 407 360 436 non
369 395 448 445 tamen,
456 391 512 435 sicut
520 391 585 449 prior,
591 392 696 436 Ecclesiae
702 392 809 443 Romanae

109 486 194 523 nomen,
210 468 248 512 sed
264 466 355 510 Romani
370 466 479 510 Pontificis
496 466 632 523 praeferebat.
663 466 773 511 Iudicatur
787 467 810 510 id

110 543 255 604 appellatione,
275 541 362 598 ἇδελφολ
379 559 425 597 μου,
445 556 509 598 quam
528 540 551 583 in
574 540 665 584 secunda
683 556 727 585 non
746 541 810 585 semel

109 618 200 676 positam
213 616 314 669 invenies,
329 616 366 673 [qq
378 624 398 671 7,
411 616 447 673 10]
460 630 565 672 nusquam
576 615 600 658 in
613 614 690 673 priore.v

89 721 91 725 v
138 691 219 751 Objicit
235 691 327 738 Jacobus
339 690 444 745 Usscrius,
456 690 610 734 Dissertatione
625 690 651 734 de
667 690 755 747 Scriptis
770 690 808 748 Ig-

56 785 58 788 ·
108 767 169 820 natii,
185 767 222 819 dac,
239 781 283 823 cap.
301 781 323 819 x,
338 765 436 809 adhunc
451 764 550 808 modurn:
568 764 665 822 Epistola
680 764 744 809 titulo
760 765 807 809 Cle·

108 842 185 886 mentis
195 841 223 885 ad
232 840 353 884 Corinthios
363 843 443 894 ornata,
453 840 572 898 proferebat
585 840 769 898 (quemadmodum
782 855 808 883 ex

109 916 273 962 Quaestionibus
292 915 320 959 ad
339 916 481 969 Orthodoxos,
497 915 583 959 Justino
601 915 695 972 Martyri
714 914 808 968 tributis,

108 976 171 1048 Resp.
182 990 209 1034 ad
220 990 306 1034 cuasa.
319 999 355 1045 74,
363 989 510 1047 intelligimus)
524 989 623 1033 Carmina
634 988 745 1048 Sibyllina,
755 1004 808 1046 quae

33 1124 35 1129 Ι
108 1066 223 1110 Clementis
237 1066 367 1124 temporibus
383 1066 498 1124 posteriora
514 1067 614 1120 sununs,-
629 1066 685 1110 unde
700 1065 808 1124 colligitur
847 1094 849 1097 >

107 1156 154 1185 eam
167 1141 296 1195 citationem,
309 1157 375 1199 quum
390 1141 414 1185 in
429 1141 497 1199 priore
515 1141 630 1185 Clementis
643 1142 740 1199 Epistola
755 1136 805 1185 nus-

107 1230 170 1272 quam
185 1219 310 1273 compareat,
325 1216 352 1259 ad
366 1216 454 1259 alteram
467 1215 540 1259 referri
551 1216 632 1270 debere,
645 1232 698 1273 quae
712 1216 806 1274 ejusdem

106 1290 191 1334 nomine
206 1290 258 1334 falso
275 1283 411 1334 inscribatur,
438 1291 551 1334 Infirmum
569 1291 632 1348 plane
647 1294 804 1349 argumentum.

106 1365 164 1409 Audi
178 1365 242 1410 verba
257 1366 443 1410 Pseudo-Justini:
461 1368 487 1410 Εἰ
503 1370 537 1421 τῆς
551 1367 651 1421 παρούσης
665 1366 804 1412 καταστάσεως

106 1441 129 1484 τὸ
148 1440 206 1486 τέλος
226 1442 309 1496 ἕστίνὴ
329 1443 361 1485 διὰ
378 1446 413 1484 τοῦ
428 1441 488 1496 πυρὸς
504 1442 566 1497 κρίσις
581 1445 620 1485 τῶν
636 1442 723 1496 ἀσεβῶν,
742 1442 804 1492 καθώς

106 1523 170 1571 φησιν
180 1517 200 1559 αἱ
209 1516 285 1571 γραφαὶ
300 1519 412 1571 Προφητῶν
421 1533 443 1560 σε
458 1516 489 1559 καὶ
498 1514 636 1569 Ἀποσπόλοιν,
648 1516 677 1559 ἔτι
689 1517 711 1559 δὲ
723 1516 755 1559 καὶ
769 1518 804 1570 τῆς
869 1568 870 1572 ¹

105 1592 213 1645 Σιβύλλης,
232 1592 295 1636 καθώς
310 1597 372 1646 φησιν
387 1593 398 1634 ὁ
413 1591 508 1646 μακάριος
523 1591 603 1645 Κλήμης
619 1592 679 1650 turpi
699 1592 748 1647 πρὸς
764 1595 804 1634 Ko—
875 1645 877 1650 Ι

105 1665 189 1719 ρινθίονς
203 1665 320 1723 Ἐπιστολῇ·
336 1683 353 1708 κ.
364 1683 381 1709 τ.
391 1670 411 1709 λ.
442 1656 501 1709 Quae
515 1665 538 1708 in
548 1665 653 1709 Gallicam
664 1665 761 1722 linguam
772 1665 804 1708 ita

105 1739 170 1783 vertit
185 1740 257 1784 David
272 1741 401 1795 Blondellus,
417 1741 443 1785 de
460 1742 546 1799 Sibyllis
562 1741 620 1785 libi
637 1757 682 1799 cap.
697 1755 732 1795 ac,
747 1741 804 1785 acsi

105 1813 197 1870 legisset,
208 1816 230 1858 ἔν
239 1815 262 1869 τῇ
277 1816 342 1870 πρώτη
354 1816 404 1871 πρὸς
416 1817 531 1870 Κορινθίους
542 1816 660 1876 Ἐπιστολῇ.
691 1816 733 1860 Sed
747 1831 803 1860 erra-

104 1891 152 1932 tum
161 1892 194 1932 est
203 1889 334 1946 properantis
343 1890 442 1944 hominis,
452 1890 583 1948 nimiumque
595 1892 696 1935 memoria
711 1891 803 1935 fidentis.

105 1963 180 2020 Itaque
195 1978 260 2021 quum
277 1964 467 2008 Pseudo-Justinus
483 1966 602 2022 generatim
616 1966 642 2009 de
656 1966 758 2023 Epistolis
772 1966 803 2009 lc-

104 2041 187 2094 quatur,
197 2042 273 2082 neutra
282 2042 354 2082 autem
364 2039 391 2082 ad
400 2055 438 2083 nos
452 2040 537 2098 integra
548 2041 673 2098 pervenerit,
684 2044 762 2084 temere
776 2041 803 2084 ab

105 2113 190 2156 Ueserio
207 2116 337 2157 asseveratur
356 2129 396 2168 res,
412 2131 476 2172 quam
489 2116 623 2160 nullomodo
637 2116 709 2173 potuit
721 2116 803 2160 rescire.

105 2187 167 2234 Quin,
178 2188 243 2231 immo
259 2188 277 2231 si
291 2188 458 2233 divinationibus
472 2190 582 2249 indulgere
597 2191 667 2245 liceat,
681 2190 804 2234 crediderim
821 2233 823 2236 ,

103 2263 126 2306 in
141 2262 221 2320 primae
236 2262 344 2321 Epistolae
363 2264 438 2308 lacuna
455 2265 482 2309 ad
497 2281 542 2323 cap.
558 2266 597 2310 lvii
611 2266 690 2309 factam
710 2266 804 2323 Sibyllae

103 2338 238 2381 mentionem.
268 2338 340 2396 Atque
359 2341 490 2397 conjecturae
508 2341 599 2384 fundum
614 2345 636 2385 ct
651 2345 764 2385 auctorem
775 2341 802 2384 do

104 2414 126 2457 S.
137 2414 255 2467 Irenaeum,
268 2414 366 2458 adversus
381 2415 444 2459 Haer.
455 2416 492 2460 lib.
502 2416 526 2459 iii
543 2432 587 2473 cap.
598 2430 618 2475 3,-
634 2417 671 2460 ubi
685 2417 725 2460 hoc
738 2420 801 2473 pacto

103 2488 198 2543 disseritJ
225 2489 292 2532 “Sub
312 2490 352 2533 hoc
376 2490 443 2547 igitur
463 2492 591 2545 Clemente,d
611 2491 738 2535 dissensione
757 2506 801 2534 non

103 2568 117 2589 “
127 2563 209 2607 modica
218 2563 274 2608 inter
283 2580 318 2608 eos
328 2565 364 2622 qui
374 2565 472 2610 Corinthi
481 2570 550 2610 essent
559 2566 634 2610 fratres
643 2566 706 2619 facta,
716 2566 800 2623 scripsit

125 2746 135 2773 ‘²
146 2746 176 2784 111
184 2747 203 2784 iii
213 2759 224 2795 3
238 2761 257 2796 p.
264 2750 298 2798 176
309 2750 338 2788 ed.
347 2751 434 2788 Massuet.
459 2749 526 2787 Graeca
533 2761 555 2785 eu
563 2754 612 2797 parte
620 2748 695 2786 servavit
703 2748 799 2793 Eusebius,

24 2809 28 2814 ⁴
102 2806 299 2844 HEv6rEt!
354 2808 457 2826 1⁸¹
559 2808 564 2821 ν
634 2807 693 2821 ιιι
755 2809 791 2822 ιιι

123 2833 132 2853 ,Α
154 2833 158 2842 .
201 2834 205 2844 .
236 2809 800 2856 πιτοντοιιονντονΚλημενπσςστσσεωςονκσλιγηςτσιςεν

101 2864 179 2914 Κορίνθῳ
186 2865 278 2913 γενομένης
285 2868 375 2917 ἀδελφοῖς,
381 2868 481 2906 ἐπέστειλεν
488 2867 498 2913 ἡ
506 2867 525 2903 ἐν
532 2866 586 2914 Ῥώμη
594 2864 689 2912 Ἐκκλησία
697 2866 800 2914 ἶκᾱνωτᾶτην

100 2922 170 2970 γραφὴν
178 2926 214 2962 τοῖς
222 2926 325 2973 Κορινθίοις,
333 2928 357 2966 εἰς
369 2927 436 2976 εἰρήνην
443 2927 577 2973 σνμβιβάζονσσ
588 2923 655 2968 abacis,
665 2926 692 2962 καὶ
704 2925 805 2973 ἀνιινεσῦσαἸ

101 2982 132 3028 τὴν
138 2981 199 3019 πίστιν
206 2984 267 3029 αὐτῶν,
276 2986 303 3023 καὶ
311 2985 332 3034 ἣν
339 2988 401 3025 νεωστὶ
408 2982 442 3024 dub
450 2990 484 3024 τῶν
490 2984 603 3023 ’λπσστόλων
610 2985 708 3034 παράδοσιν
715 2985 790 3035 εἰλήφει.
