<?xml version="1.0" encoding="UTF-8"?>
<!DOCTYPE html PUBLIC "-//W3C//DTD XHTML 1.0 Transitional//EN"
    "http://www.w3.org/TR/xhtml1/DTD/xhtml1-transitional.dtd">
<html xmlns="http://www.w3.org/1999/xhtml" xml:lang="en" lang="en">
 <head>
  <title>
</title>
<meta http-equiv="Content-Type" content="text/html;charset=utf-8" />
  <meta name='ocr-system' content='tesseract 3.04.00' />
  <meta name='ocr-capabilities' content='ocr_page ocr_carea ocr_par ocr_line ocrx_word'/>
</head>
<body>
  <div class='ocr_page' id='page_1' title='image "./MN41360ucmf_0/MN41360ucmf_0_0439.png"; bbox 0 0 1931 3420; ppageno 0'>
   <div class='ocr_carea' id='block_1_1' title="bbox 302 207 822 268">
    <p class='ocr_par' dir='ltr' id='par_1_1' title="bbox 302 207 822 268">
     <span class='ocr_line' id='line_1_1' title="bbox 302 207 822 268; baseline -0.002 0"><span class='ocrx_word' id='word_1_1' title='bbox 302 224 340 268; x_wconf 77' lang='grc' dir='ltr'>αα</span> <span class='ocrx_word' id='word_1_2' title='bbox 360 223 581 267; x_wconf 76' lang='grc' dir='ltr'>νοιιιιααιιιιιιι.</span> <span class='ocrx_word' id='word_1_3' title='bbox 603 210 604 214; x_wconf 77' lang='grc'>’</span> <span class='ocrx_word' id='word_1_4' title='bbox 643 207 646 212; x_wconf 78' lang='grc'><em>’</em></span> <span class='ocrx_word' id='word_1_5' title='bbox 794 223 822 267; x_wconf 76' lang='grc' dir='ltr'>ιι</span> 
     </span>
    </p>
   </div>
   <div class='ocr_carea' id='block_1_2' title="bbox 68 339 433 1873">
    <p class='ocr_par' dir='ltr' id='par_1_2' title="bbox 90 339 431 666">
     <span class='ocr_line' id='line_1_2' title="bbox 95 339 431 391; baseline -0.021 -8"><span class='ocrx_word' id='word_1_6' title='bbox 95 346 138 383; x_wconf 83' lang='grc' dir='ltr'>Θεοῦ</span> <span class='ocrx_word' id='word_1_7' title='bbox 152 341 233 391; x_wconf 72' lang='grc' dir='ltr'>ἐπιτύχω.</span> <span class='ocrx_word' id='word_1_8' title='bbox 247 339 322 391; x_wconf 74' lang='lat' dir='ltr'><strong>Smyrn.</strong></span> <span class='ocrx_word' id='word_1_9' title='bbox 337 351 366 378; x_wconf 88' lang='lat'><strong>11.</strong></span> <span class='ocrx_word' id='word_1_10' title='bbox 403 340 431 377; x_wconf 85' lang='grc' dir='ltr'>ἐάν</span> 
     </span>
     <span class='ocr_line' id='line_1_3' title="bbox 95 393 430 448; baseline -0.018 -11"><span class='ocrx_word' id='word_1_11' title='bbox 95 414 127 448; x_wconf 90' lang='grc' dir='ltr'>περ</span> <span class='ocrx_word' id='word_1_12' title='bbox 141 398 167 435; x_wconf 80' lang='grc' dir='ltr'>θιίι</span> <span class='ocrx_word' id='word_1_13' title='bbox 180 399 213 434; x_wconf 80' lang='grc' dir='ltr'>τοῦ</span> <span class='ocrx_word' id='word_1_14' title='bbox 224 396 340 434; x_wconf 77' lang='grc' dir='ltr'>παθεῖν’θεοῦ</span> <span class='ocrx_word' id='word_1_15' title='bbox 352 393 430 443; x_wconf 71' lang='grc' dir='ltr'>ἐπιτύχω.</span> 
     </span>
     <span class='ocr_line' id='line_1_4' title="bbox 95 449 431 504; baseline -0.021 -12"><span class='ocrx_word' id='word_1_16' title='bbox 95 452 156 504; x_wconf 79' lang='lat' dir='ltr'><strong>Polye.</strong></span> <span class='ocrx_word' id='word_1_17' title='bbox 168 459 187 501; x_wconf 89' lang='lat'><strong>7.</strong></span> <span class='ocrx_word' id='word_1_18' title='bbox 223 449 334 500; x_wconf 81' lang='grc' dir='ltr'>ἐπετίγχανεν</span> <span class='ocrx_word' id='word_1_19' title='bbox 349 453 383 486; x_wconf 78' lang='grc' dir='ltr'>τῶν</span> <span class='ocrx_word' id='word_1_20' title='bbox 397 449 431 486; x_wconf 77' lang='grc' dir='ltr'>κατ’</span> 
     </span>
     <span class='ocr_line' id='line_1_5' title="bbox 94 504 431 558; baseline -0.018 -12"><span class='ocrx_word' id='word_1_21' title='bbox 94 507 150 558; x_wconf 73' lang='grc' dir='ltr'>εὐχὴν.</span> <span class='ocrx_word' id='word_1_22' title='bbox 167 505 226 544; x_wconf 71' lang='lat' dir='ltr'><strong>Mart.</strong></span> <span class='ocrx_word' id='word_1_23' title='bbox 243 504 285 556; x_wconf 85' lang='lat' dir='ltr'><strong>Ign.</strong></span> <span class='ocrx_word' id='word_1_24' title='bbox 303 516 319 542; x_wconf 93' lang='lat'><strong>1.</strong></span> <span class='ocrx_word' id='word_1_25' title='bbox 347 507 378 541; x_wconf 84' lang='grc' dir='ltr'>τοῦ</span> <span class='ocrx_word' id='word_1_26' title='bbox 394 520 431 541; x_wconf 81' lang='grc' dir='ltr'>στε-</span> 
     </span>
     <span class='ocr_line' id='line_1_6' title="bbox 94 557 430 613; baseline -0.009 -13"><span class='ocrx_word' id='word_1_27' title='bbox 94 564 149 613; x_wconf 91' lang='grc' dir='ltr'>φάνου</span> <span class='ocrx_word' id='word_1_28' title='bbox 168 563 199 609; x_wconf 85' lang='grc' dir='ltr'>τῆς</span> <span class='ocrx_word' id='word_1_29' title='bbox 216 559 304 607; x_wconf 76' lang='grc' dir='ltr'>άθλίησεως</span> <span class='ocrx_word' id='word_1_30' title='bbox 322 557 397 607; x_wconf 74' lang='grc' dir='ltr'>ἐπιτύχῃ.</span> <span class='ocrx_word' id='word_1_31' title='bbox 413 567 430 607; x_wconf 89' lang='lat'>5.</span> 
     </span>
     <span class='ocr_line' id='line_1_7' title="bbox 90 612 266 666; baseline -0.011 -12"><span class='ocrx_word' id='word_1_32' title='bbox 90 618 132 666; x_wconf 86' lang='grc' dir='ltr'>νηός</span> <span class='ocrx_word' id='word_1_33' title='bbox 141 616 231 664; x_wconf 79' lang='grc' dir='ltr'>ἐπιτυχὼν.</span> <span class='ocrx_word' id='word_1_34' title='bbox 241 612 266 652; x_wconf 80' lang='lat' dir='ltr'><strong>ib.</strong></span> 
     </span>
    </p>

    <p class='ocr_par' dir='ltr' id='par_1_3' title="bbox 68 668 430 829">
     <span class='ocr_line' id='line_1_8' title="bbox 68 668 430 722; baseline -0.017 -11"><span class='ocrx_word' id='word_1_35' title='bbox 68 672 170 722; x_wconf 79' lang='grc' dir='ltr'>Ἐπιφάνεια</span> <span class='ocrx_word' id='word_1_36' title='bbox 205 669 235 717; x_wconf 78' lang='grc' dir='ltr'>τὴν</span> <span class='ocrx_word' id='word_1_37' title='bbox 249 668 310 718; x_wconf 78' lang='grc' dir='ltr'>ἡμέραν</span> <span class='ocrx_word' id='word_1_38' title='bbox 324 670 355 716; x_wconf 80' lang='grc' dir='ltr'>τῆς</span> <span class='ocrx_word' id='word_1_39' title='bbox 370 668 430 717; x_wconf 90' lang='grc' dir='ltr'>ἐπιφα-</span> 
     </span>
     <span class='ocr_line' id='line_1_9' title="bbox 95 722 430 765; baseline -0.015 0"><span class='ocrx_word' id='word_1_40' title='bbox 95 728 138 765; x_wconf 90' lang='grc' dir='ltr'>νείας</span> <span class='ocrx_word' id='word_1_41' title='bbox 160 728 191 762; x_wconf 89' lang='grc' dir='ltr'>τοῦ</span> <span class='ocrx_word' id='word_1_42' title='bbox 210 727 260 762; x_wconf 85' lang='grc' dir='ltr'>θεοῦ.</span> <span class='ocrx_word' id='word_1_43' title='bbox 279 722 339 762; x_wconf 78' lang='lat' dir='ltr'><strong>Olem.</strong></span> <span class='ocrx_word' id='word_1_44' title='bbox 360 722 382 760; x_wconf 91' lang='grc' dir='ltr'>Π</span> <span class='ocrx_word' id='word_1_45' title='bbox 402 735 430 761; x_wconf 81' lang='lat'><strong>12.</strong></span> 
     </span>
     <span class='ocr_line' id='line_1_10' title="bbox 95 776 412 829; baseline -0.013 -9"><span class='ocrx_word' id='word_1_46' title='bbox 95 782 183 829; x_wconf 87' lang='grc' dir='ltr'>ἐπιφάνεια</span> <span class='ocrx_word' id='word_1_47' title='bbox 192 782 223 817; x_wconf 88' lang='grc' dir='ltr'>τοῦ</span> <span class='ocrx_word' id='word_1_48' title='bbox 232 780 276 817; x_wconf 79' lang='grc' dir='ltr'>Υίοῦ.</span> <span class='ocrx_word' id='word_1_49' title='bbox 287 777 364 829; x_wconf 76' lang='lat' dir='ltr'><strong>Fragm.</strong></span> <span class='ocrx_word' id='word_1_50' title='bbox 374 776 412 817; x_wconf 76' lang='lat' dir='ltr'><strong>viii.</strong></span> 
     </span>
    </p>

    <p class='ocr_par' dir='ltr' id='par_1_4' title="bbox 68 833 429 940">
     <span class='ocr_line' id='line_1_11' title="bbox 68 833 401 885; baseline -0.008 -11"><span class='ocrx_word' id='word_1_51' title='bbox 68 835 164 885; x_wconf 69' lang='grc' dir='ltr'>Ἐπιφανὴς.</span> <span class='ocrx_word' id='word_1_52' title='bbox 194 833 214 881; x_wconf 83' lang='grc' dir='ltr'>ἦν</span> <span class='ocrx_word' id='word_1_53' title='bbox 220 835 254 885; x_wconf 74' lang='grc' dir='ltr'>γὰρ</span> <span class='ocrx_word' id='word_1_54' title='bbox 262 833 356 882; x_wconf 74' lang='grc' dir='ltr'>ἐπιφανὴς.</span> <span class='ocrx_word' id='word_1_55' title='bbox 365 864 368 870; x_wconf 90' lang='grc'>.</span> <span class='ocrx_word' id='word_1_56' title='bbox 379 862 382 871; x_wconf 95' lang='grc'>.</span> <span class='ocrx_word' id='word_1_57' title='bbox 391 833 401 881; x_wconf 82' lang='grc' dir='ltr'><em>ἡ</em></span> 
     </span>
     <span class='ocr_line' id='line_1_12' title="bbox 94 887 379 940; baseline -0.011 -12"><span class='ocrx_word' id='word_1_58' title='bbox 94 890 227 940; x_wconf 83' lang='grc' dir='ltr'>τρισκαιδεκάτη.</span> <span class='ocrx_word' id='word_1_59' title='bbox 239 887 295 927; x_wconf 71' lang='lat' dir='ltr'><strong>Mart.</strong></span> <span class='ocrx_word' id='word_1_60' title='bbox 307 887 351 940; x_wconf 83' lang='lat' dir='ltr'><strong>Igu.</strong></span> <span class='ocrx_word' id='word_1_61' title='bbox 362 888 379 925; x_wconf 79' lang='lat'><strong>6.</strong></span> 
     </span>
    </p>

    <p class='ocr_par' dir='ltr' id='par_1_5' title="bbox 68 943 431 1050">
     <span class='ocr_line' id='line_1_13' title="bbox 68 943 431 995; baseline -0.011 -11"><span class='ocrx_word' id='word_1_62' title='bbox 68 945 170 995; x_wconf 82' lang='grc' dir='ltr'>Ἐπιφέρειν,</span> <span class='ocrx_word' id='word_1_63' title='bbox 186 944 232 981; x_wconf 80' lang='grc' dir='ltr'>ὥστε</span> <span class='ocrx_word' id='word_1_64' title='bbox 241 945 268 981; x_wconf 90' lang='grc' dir='ltr'>καί</span> <span class='ocrx_word' id='word_1_65' title='bbox 275 944 389 992; x_wconf 77' lang='grc' dir='ltr'>βλασφημίας</span> <span class='ocrx_word' id='word_1_66' title='bbox 397 943 431 981; x_wconf 91' lang='grc' dir='ltr'>ἐπι-</span> 
     </span>
     <span class='ocr_line' id='line_1_14' title="bbox 95 997 316 1050; baseline -0.005 -13"><span class='ocrx_word' id='word_1_67' title='bbox 95 1000 184 1050; x_wconf 78' lang='grc' dir='ltr'>φέρεσθαι.</span> <span class='ocrx_word' id='word_1_68' title='bbox 196 997 255 1037; x_wconf 79' lang='lat' dir='ltr'><strong>Olem.</strong></span> <span class='ocrx_word' id='word_1_69' title='bbox 266 999 316 1048; x_wconf 88' lang='lat'><strong>147.</strong></span> 
     </span>
    </p>

    <p class='ocr_par' dir='ltr' id='par_1_6' title="bbox 69 1052 433 1104">
     <span class='ocr_line' id='line_1_15' title="bbox 69 1052 433 1104; baseline -0.011 -11"><span class='ocrx_word' id='word_1_70' title='bbox 69 1056 191 1104; x_wconf 81' lang='grc' dir='ltr'>Ἐπιχορηγεῖν.</span> <span class='ocrx_word' id='word_1_71' title='bbox 229 1056 239 1091; x_wconf 88' lang='grc' dir='ltr'>ὁ</span> <span class='ocrx_word' id='word_1_72' title='bbox 254 1052 338 1092; x_wconf 76' lang='grc' dir='ltr'>πλούσιος</span> <span class='ocrx_word' id='word_1_73' title='bbox 356 1053 433 1102; x_wconf 83' lang='grc' dir='ltr'>ἐπιχορη-</span> 
     </span>
    </p>

    <p class='ocr_par' dir='ltr' id='par_1_7' title="bbox 76 1107 433 1269">
     <span class='ocr_line' id='line_1_16' title="bbox 76 1107 431 1160; baseline -0.003 -13"><span class='ocrx_word' id='word_1_74' title='bbox 76 1127 82 1132; x_wconf 75' lang='grc'>“</span> <span class='ocrx_word' id='word_1_75' title='bbox 95 1111 145 1160; x_wconf 85' lang='grc' dir='ltr'>γείτω</span> <span class='ocrx_word' id='word_1_76' title='bbox 162 1111 187 1160; x_wconf 79' lang='grc' dir='ltr'>τῷ</span> <span class='ocrx_word' id='word_1_77' title='bbox 205 1112 273 1160; x_wconf 80' lang='grc' dir='ltr'>πτωχῷ.</span> <span class='ocrx_word' id='word_1_78' title='bbox 293 1107 354 1147; x_wconf 77' lang='lat' dir='ltr'><strong>Olem.</strong></span> <span class='ocrx_word' id='word_1_79' title='bbox 373 1107 383 1145; x_wconf 90' lang='lat' dir='ltr'>l</span> <span class='ocrx_word' id='word_1_80' title='bbox 401 1108 431 1157; x_wconf 81' lang='lat'><strong>38.</strong></span> 
     </span>
     <span class='ocr_line' id='line_1_17' title="bbox 95 1163 433 1214; baseline -0.009 -12"><span class='ocrx_word' id='word_1_81' title='bbox 95 1164 150 1214; x_wconf 77' lang='grc' dir='ltr'>ἕτερός</span> <span class='ocrx_word' id='word_1_82' title='bbox 159 1164 225 1201; x_wconf 88' lang='grc' dir='ltr'>ἐστινό</span> <span class='ocrx_word' id='word_1_83' title='bbox 234 1164 339 1213; x_wconf 76' lang='grc' dir='ltr'>ἐπιχορηγῶν</span> <span class='ocrx_word' id='word_1_84' title='bbox 348 1163 393 1214; x_wconf 76' lang='grc' dir='ltr'>αὐτῷ</span> <span class='ocrx_word' id='word_1_85' title='bbox 403 1163 433 1210; x_wconf 79' lang='grc' dir='ltr'>τὴν</span> 
     </span>
     <span class='ocr_line' id='line_1_18' title="bbox 95 1216 231 1269; baseline 0 -13"><span class='ocrx_word' id='word_1_86' title='bbox 95 1220 195 1269; x_wconf 85' lang='grc' dir='ltr'>ἐγκράτειαν.</span> <span class='ocrx_word' id='word_1_87' title='bbox 205 1216 231 1256; x_wconf 84' lang='lat' dir='ltr'><strong>ib.</strong></span> 
     </span>
    </p>

    <p class='ocr_par' dir='ltr' id='par_1_8' title="bbox 68 1272 433 1873">
     <span class='ocr_line' id='line_1_19' title="bbox 68 1272 430 1323; baseline -0.006 -12"><span class='ocrx_word' id='word_1_88' title='bbox 68 1275 182 1323; x_wconf 87' lang='grc' dir='ltr'>Ἐπονράνιος.</span> <span class='ocrx_word' id='word_1_89' title='bbox 208 1275 282 1320; x_wconf 87' lang='grc' dir='ltr'>πόλεμος</span> <span class='ocrx_word' id='word_1_90' title='bbox 295 1275 406 1322; x_wconf 65' lang='grc' dir='ltr'>καταργεῖται.</span> <span class='ocrx_word' id='word_1_91' title='bbox 415 1272 430 1309; x_wconf 89' lang='grc' dir='ltr'>ἐ-</span> 
     </span>
     <span class='ocr_line' id='line_1_20' title="bbox 94 1324 430 1379; baseline -0.006 -13"><span class='ocrx_word' id='word_1_92' title='bbox 94 1324 188 1378; x_wconf 88' lang='grc' dir='ltr'>πουρανίων</span> <span class='ocrx_word' id='word_1_93' title='bbox 197 1329 224 1365; x_wconf 87' lang='grc' dir='ltr'>καὶ</span> <span class='ocrx_word' id='word_1_94' title='bbox 236 1327 317 1377; x_wconf 87' lang='grc' dir='ltr'>ἐπιγείων.</span> <span class='ocrx_word' id='word_1_95' title='bbox 329 1326 372 1377; x_wconf 85' lang='lat' dir='ltr'><strong>Ign.</strong></span> <span class='ocrx_word' id='word_1_96' title='bbox 382 1326 430 1379; x_wconf 86' lang='lat' dir='ltr'><strong>Eph.</strong></span> 
     </span>
     <span class='ocr_line' id='line_1_21' title="bbox 98 1381 432 1433; baseline -0.006 -12"><span class='ocrx_word' id='word_1_97' title='bbox 98 1396 127 1433; x_wconf 84' lang='lat'><strong>13.</strong></span> <span class='ocrx_word' id='word_1_98' title='bbox 155 1383 184 1430; x_wconf 75' lang='grc' dir='ltr'>Μὴ</span> <span class='ocrx_word' id='word_1_99' title='bbox 198 1384 218 1420; x_wconf 81' lang='grc' dir='ltr'>οῦ</span> <span class='ocrx_word' id='word_1_100' title='bbox 230 1381 298 1430; x_wconf 85' lang='grc' dir='ltr'>δόναμαι</span> <span class='ocrx_word' id='word_1_101' title='bbox 308 1383 331 1419; x_wconf 84' lang='grc' dir='ltr'>τὰ</span> <span class='ocrx_word' id='word_1_102' title='bbox 344 1384 432 1432; x_wconf 76' lang='grc' dir='ltr'>ἐπουράνια</span> 
     </span>
     <span class='ocr_line' id='line_1_22' title="bbox 95 1436 432 1488; baseline 0 -13"><span class='ocrx_word' id='word_1_103' title='bbox 95 1439 173 1488; x_wconf 68' lang='grc' dir='ltr'>γράψαιῑ</span> <span class='ocrx_word' id='word_1_104' title='bbox 189 1436 246 1476; x_wconf 80' lang='lat' dir='ltr'><strong>Trall.</strong></span> <span class='ocrx_word' id='word_1_105' title='bbox 258 1445 276 1485; x_wconf 89' lang='lat'><strong>5.</strong></span> <span class='ocrx_word' id='word_1_106' title='bbox 304 1438 332 1474; x_wconf 85' lang='grc' dir='ltr'>καὶ</span> <span class='ocrx_word' id='word_1_107' title='bbox 344 1437 432 1485; x_wconf 83' lang='grc' dir='ltr'>δυνάμενος</span> 
     </span>
     <span class='ocr_line' id='line_1_23' title="bbox 94 1491 432 1542; baseline 0.003 -13"><span class='ocrx_word' id='word_1_108' title='bbox 94 1494 115 1530; x_wconf 80' lang='grc' dir='ltr'>τά</span> <span class='ocrx_word' id='word_1_109' title='bbox 129 1493 224 1542; x_wconf 85' lang='grc' dir='ltr'>ἐπουράνια.</span> <span class='ocrx_word' id='word_1_110' title='bbox 238 1491 262 1531; x_wconf 88' lang='lat' dir='ltr'><strong>ib.</strong></span> <span class='ocrx_word' id='word_1_111' title='bbox 290 1493 390 1536; x_wconf 82' lang='grc' dir='ltr'>βλεπόντων</span> <span class='ocrx_word' id='word_1_112' title='bbox 400 1496 432 1530; x_wconf 82' lang='grc' dir='ltr'>τῶν</span> 
     </span>
     <span class='ocr_line' id='line_1_24' title="bbox 96 1547 432 1597; baseline 0 -13"><span class='ocrx_word' id='word_1_113' title='bbox 96 1548 203 1597; x_wconf 83' lang='grc' dir='ltr'>ἐπουρανίων.</span> <span class='ocrx_word' id='word_1_114' title='bbox 215 1559 232 1597; x_wconf 88' lang='lat'>9.</span> <span class='ocrx_word' id='word_1_115' title='bbox 261 1548 293 1584; x_wconf 86' lang='grc' dir='ltr'>Καὶ</span> <span class='ocrx_word' id='word_1_116' title='bbox 306 1547 328 1584; x_wconf 80' lang='grc' dir='ltr'>τὰ</span> <span class='ocrx_word' id='word_1_117' title='bbox 339 1547 432 1596; x_wconf 87' lang='grc' dir='ltr'>ἐπουράνια,</span> 
     </span>
     <span class='ocr_line' id='line_1_25' title="bbox 95 1600 431 1652; baseline 0.003 -13"><span class='ocrx_word' id='word_1_118' title='bbox 95 1604 121 1639; x_wconf 83' lang='grc' dir='ltr'>καί</span> <span class='ocrx_word' id='word_1_119' title='bbox 134 1603 144 1650; x_wconf 84' lang='grc' dir='ltr'><strong><em>ἡ</em></strong></span> <span class='ocrx_word' id='word_1_120' title='bbox 157 1603 200 1649; x_wconf 82' lang='grc' dir='ltr'>δόξα</span> <span class='ocrx_word' id='word_1_121' title='bbox 213 1606 246 1640; x_wconf 84' lang='grc' dir='ltr'>τῶν</span> <span class='ocrx_word' id='word_1_122' title='bbox 259 1601 342 1652; x_wconf 70' lang='grc' dir='ltr'>άγγέλων,</span> <span class='ocrx_word' id='word_1_123' title='bbox 358 1600 431 1652; x_wconf 76' lang='lat' dir='ltr'><strong>Smyrn.</strong></span> 
     </span>
     <span class='ocr_line' id='line_1_26' title="bbox 96 1655 433 1709; baseline -0.003 -15"><span class='ocrx_word' id='word_1_124' title='bbox 96 1657 113 1695; x_wconf 88' lang='lat'>6.</span> <span class='ocrx_word' id='word_1_125' title='bbox 141 1655 240 1709; x_wconf 77' lang='grc' dir='ltr'>φῦπετάγη</span> <span class='ocrx_word' id='word_1_126' title='bbox 249 1657 269 1693; x_wconf 77' lang='grc' dir='ltr'>τά</span> <span class='ocrx_word' id='word_1_127' title='bbox 280 1657 334 1694; x_wconf 87' lang='grc' dir='ltr'>πάντα</span> <span class='ocrx_word' id='word_1_128' title='bbox 345 1656 433 1707; x_wconf 89' lang='grc' dir='ltr'>ἐπουράνια</span> 
     </span>
     <span class='ocr_line' id='line_1_27' title="bbox 96 1710 432 1763; baseline -0.003 -14"><span class='ocrx_word' id='word_1_129' title='bbox 96 1713 123 1749; x_wconf 80' lang='grc' dir='ltr'>καί</span> <span class='ocrx_word' id='word_1_130' title='bbox 132 1712 201 1762; x_wconf 82' lang='grc' dir='ltr'>ἐπίγεια.</span> <span class='ocrx_word' id='word_1_131' title='bbox 212 1711 275 1763; x_wconf 79' lang='lat' dir='ltr'><strong>Polyc.</strong></span> <span class='ocrx_word' id='word_1_132' title='bbox 286 1710 335 1749; x_wconf 76' lang='lat' dir='ltr'><strong>Phil.</strong></span> <span class='ocrx_word' id='word_1_133' title='bbox 347 1723 364 1748; x_wconf 84' lang='lat'><strong>2.</strong></span> <span class='ocrx_word' id='word_1_134' title='bbox 383 1712 432 1749; x_wconf 83' lang='grc' dir='ltr'>ἐπου·</span> 
     </span>
     <span class='ocr_line' id='line_1_28' title="bbox 94 1764 430 1817; baseline 0.003 -13"><span class='ocrx_word' id='word_1_135' title='bbox 94 1768 150 1815; x_wconf 91' lang='grc' dir='ltr'>ράνιον</span> <span class='ocrx_word' id='word_1_136' title='bbox 166 1768 248 1812; x_wconf 79' lang='grc' dir='ltr'>βασιλέα.</span> <span class='ocrx_word' id='word_1_137' title='bbox 272 1764 331 1805; x_wconf 63' lang='lat' dir='ltr'><strong>Marii.</strong></span> <span class='ocrx_word' id='word_1_138' title='bbox 350 1765 392 1817; x_wconf 84' lang='lat' dir='ltr'><strong>Ign.</strong></span> <span class='ocrx_word' id='word_1_139' title='bbox 414 1779 430 1805; x_wconf 85' lang='lat'><strong>2.</strong></span> 
     </span>
     <span class='ocr_line' id='line_1_29' title="bbox 95 1820 430 1873; baseline -0.003 -14"><span class='ocrx_word' id='word_1_140' title='bbox 95 1822 128 1859; x_wconf 84' lang='grc' dir='ltr'>σῦν</span> <span class='ocrx_word' id='word_1_141' title='bbox 141 1825 164 1873; x_wconf 78' lang='grc' dir='ltr'>τῷ</span> <span class='ocrx_word' id='word_1_142' title='bbox 178 1822 240 1873; x_wconf 79' lang='grc' dir='ltr'>αἰωνίῳ</span> <span class='ocrx_word' id='word_1_143' title='bbox 254 1823 280 1858; x_wconf 83' lang='grc' dir='ltr'>καί</span> <span class='ocrx_word' id='word_1_144' title='bbox 293 1820 386 1872; x_wconf 87' lang='grc' dir='ltr'>ἐπουρανίῳ</span> <span class='ocrx_word' id='word_1_145' title='bbox 398 1821 430 1868; x_wconf 85' lang='grc' dir='ltr'>Ἰη-</span> 
     </span>
    </p>
   </div>
   <div class='ocr_carea' id='block_1_3' title="bbox 96 1875 395 1928">
    <p class='ocr_par' dir='ltr' id='par_1_9' title="bbox 96 1875 395 1928">
     <span class='ocr_line' id='line_1_30' title="bbox 96 1875 395 1928; baseline 0.003 -15"><span class='ocrx_word' id='word_1_146' title='bbox 96 1879 128 1913; x_wconf 86' lang='grc' dir='ltr'>σοῦ</span> <span class='ocrx_word' id='word_1_147' title='bbox 136 1880 211 1928; x_wconf 80' lang='grc' dir='ltr'>Χριστῷ.</span> <span class='ocrx_word' id='word_1_148' title='bbox 222 1876 279 1915; x_wconf 71' lang='lat' dir='ltr'><strong>Mart.</strong></span> <span class='ocrx_word' id='word_1_149' title='bbox 290 1875 354 1927; x_wconf 78' lang='lat' dir='ltr'><strong>Polyo.</strong></span> <span class='ocrx_word' id='word_1_150' title='bbox 367 1888 395 1923; x_wconf 88' lang='lat'>14.</span> 
     </span>
    </p>
   </div>
   <div class='ocr_carea' id='block_1_4' title="bbox 68 1930 456 1981">
    <p class='ocr_par' dir='ltr' id='par_1_10' title="bbox 68 1930 456 1981">
     <span class='ocr_line' id='line_1_31' title="bbox 68 1930 456 1981; baseline 0.003 -13"><span class='ocrx_word' id='word_1_151' title='bbox 68 1931 127 1969; x_wconf 81' lang='grc' dir='ltr'>Ἐπτά.</span> <span class='ocrx_word' id='word_1_152' title='bbox 156 1933 191 1981; x_wconf 82' lang='grc' dir='ltr'>πρὸ</span> <span class='ocrx_word' id='word_1_153' title='bbox 209 1933 250 1969; x_wconf 83' lang='grc' dir='ltr'>ἑπτὰ</span> <span class='ocrx_word' id='word_1_154' title='bbox 267 1932 358 1968; x_wconf 84' lang='grc' dir='ltr'>καλανδῶν.</span> <span class='ocrx_word' id='word_1_155' title='bbox 375 1930 430 1969; x_wconf 68' lang='lat' dir='ltr'><strong>Mart.</strong></span> <span class='ocrx_word' id='word_1_156' title='bbox 454 1943 456 1947; x_wconf 65' lang='lat'><em>⁴</em></span> 
     </span>
    </p>
   </div>
   <div class='ocr_carea' id='block_1_5' title="bbox 96 1984 201 2037">
    <p class='ocr_par' dir='ltr' id='par_1_11' title="bbox 96 1984 201 2037">
     <span class='ocr_line' id='line_1_32' title="bbox 96 1984 201 2037; baseline 0 -13"><span class='ocrx_word' id='word_1_157' title='bbox 96 1984 157 2037; x_wconf 79' lang='lat' dir='ltr'><strong>Polyo.</strong></span> <span class='ocrx_word' id='word_1_158' title='bbox 169 1998 201 2024; x_wconf 79' lang='grc' dir='ltr'>αι.</span> 
     </span>
    </p>
   </div>
   <div class='ocr_carea' id='block_1_6' title="bbox 8 2040 431 2090">
    <p class='ocr_par' dir='ltr' id='par_1_12' title="bbox 8 2040 431 2090">
     <span class='ocr_line' id='line_1_33' title="bbox 8 2040 431 2090; baseline 0.002 -13"><span class='ocrx_word' id='word_1_159' title='bbox 8 2063 9 2066; x_wconf 65' lang='lat'><em>=</em></span> <span class='ocrx_word' id='word_1_160' title='bbox 68 2040 150 2080; x_wconf 81' lang='grc' dir='ltr'>Ἑπτάκις.</span> <span class='ocrx_word' id='word_1_161' title='bbox 188 2042 256 2080; x_wconf 83' lang='grc' dir='ltr'>ἑπτάκις</span> <span class='ocrx_word' id='word_1_162' title='bbox 273 2041 329 2089; x_wconf 81' lang='grc' dir='ltr'>δεσμὰ</span> <span class='ocrx_word' id='word_1_163' title='bbox 350 2040 431 2090; x_wconf 87' lang='grc' dir='ltr'>φορέσας.</span> 
     </span>
    </p>
   </div>
   <div class='ocr_carea' id='block_1_7' title="bbox 64 2094 433 3133">
    <p class='ocr_par' dir='ltr' id='par_1_13' title="bbox 96 2094 205 2145">
     <span class='ocr_line' id='line_1_34' title="bbox 96 2094 205 2145; baseline -0.018 -11"><span class='ocrx_word' id='word_1_164' title='bbox 96 2094 205 2145; x_wconf 79' lang='lat' dir='ltr'><strong>Olem.15.</strong></span> 
     </span>
    </p>

    <p class='ocr_par' dir='ltr' id='par_1_14' title="bbox 69 2149 433 2366">
     <span class='ocr_line' id='line_1_35' title="bbox 69 2149 433 2200; baseline 0.008 -14"><span class='ocrx_word' id='word_1_165' title='bbox 69 2149 125 2199; x_wconf 80' lang='grc' dir='ltr'>Ἐρᾶν.</span> <span class='ocrx_word' id='word_1_166' title='bbox 157 2152 187 2189; x_wconf 82' lang='grc' dir='ltr'>ἐὰν</span> <span class='ocrx_word' id='word_1_167' title='bbox 201 2152 220 2188; x_wconf 79' lang='grc' dir='ltr'>δὲ</span> <span class='ocrx_word' id='word_1_168' title='bbox 233 2150 314 2200; x_wconf 77' lang='grc' dir='ltr'>ἐρασθῆτε</span> <span class='ocrx_word' id='word_1_169' title='bbox 328 2152 358 2197; x_wconf 76' lang='grc' dir='ltr'>τῆς</span> <span class='ocrx_word' id='word_1_170' title='bbox 372 2152 433 2199; x_wconf 88' lang='grc' dir='ltr'>σαρκός</span> 
     </span>
     <span class='ocr_line' id='line_1_36' title="bbox 95 2205 431 2258; baseline -0.003 -16"><span class='ocrx_word' id='word_1_171' title='bbox 95 2221 132 2253; x_wconf 88' lang='grc' dir='ltr'>μου.</span> <span class='ocrx_word' id='word_1_172' title='bbox 142 2205 184 2258; x_wconf 83' lang='lat' dir='ltr'><strong>Ign.</strong></span> <span class='ocrx_word' id='word_1_173' title='bbox 196 2205 251 2244; x_wconf 84' lang='lat' dir='ltr'><strong>Rom.</strong></span> <span class='ocrx_word' id='word_1_174' title='bbox 263 2217 279 2243; x_wconf 81' lang='lat'><strong>2.</strong></span> <span class='ocrx_word' id='word_1_175' title='bbox 300 2206 344 2255; x_wconf 80' lang='grc' dir='ltr'>ἐρῶν</span> <span class='ocrx_word' id='word_1_176' title='bbox 352 2208 382 2242; x_wconf 89' lang='grc' dir='ltr'>τοῦ</span> <span class='ocrx_word' id='word_1_177' title='bbox 390 2205 431 2242; x_wconf 88' lang='grc' dir='ltr'>άπο-</span> 
     </span>
     <span class='ocr_line' id='line_1_37' title="bbox 95 2260 432 2311; baseline 0 -14"><span class='ocrx_word' id='word_1_178' title='bbox 95 2260 155 2300; x_wconf 76' lang='grc' dir='ltr'>θανεῖν.</span> <span class='ocrx_word' id='word_1_179' title='bbox 168 2268 186 2311; x_wconf 92' lang='lat'><strong>7.</strong></span> <span class='ocrx_word' id='word_1_180' title='bbox 215 2261 237 2308; x_wconf 79' lang='grc' dir='ltr'>μὴ</span> <span class='ocrx_word' id='word_1_181' title='bbox 251 2261 340 2310; x_wconf 87' lang='grc' dir='ltr'>ἐράτωσαν</span> <span class='ocrx_word' id='word_1_182' title='bbox 353 2260 386 2298; x_wconf 81' lang='grc' dir='ltr'>άπὸ</span> <span class='ocrx_word' id='word_1_183' title='bbox 403 2263 432 2297; x_wconf 88' lang='grc' dir='ltr'>τοῦ</span> 
     </span>
     <span class='ocr_line' id='line_1_38' title="bbox 96 2314 397 2366; baseline 0.007 -15"><span class='ocrx_word' id='word_1_184' title='bbox 96 2319 149 2353; x_wconf 84' lang='grc' dir='ltr'>κοινοῦ</span> <span class='ocrx_word' id='word_1_185' title='bbox 158 2316 293 2364; x_wconf 82' lang='grc' dir='ltr'>ἐλευθεροῦσθαι.</span> <span class='ocrx_word' id='word_1_186' title='bbox 304 2314 369 2366; x_wconf 79' lang='lat' dir='ltr'><strong>Polyo.</strong></span> <span class='ocrx_word' id='word_1_187' title='bbox 380 2327 397 2362; x_wconf 89' lang='lat'>4.</span> 
     </span>
    </p>

    <p class='ocr_par' dir='ltr' id='par_1_15' title="bbox 68 2368 432 2475">
     <span class='ocr_line' id='line_1_39' title="bbox 68 2368 432 2420; baseline 0.005 -15"><span class='ocrx_word' id='word_1_188' title='bbox 68 2368 183 2419; x_wconf 72' lang='grc' dir='ltr'>Ἐργάζεσθαι.</span> <span class='ocrx_word' id='word_1_189' title='bbox 201 2370 310 2420; x_wconf 79' lang='grc' dir='ltr'>ἐργασόμεθα</span> <span class='ocrx_word' id='word_1_190' title='bbox 321 2371 372 2420; x_wconf 90' lang='grc' dir='ltr'>ἔργον</span> <span class='ocrx_word' id='word_1_191' title='bbox 382 2371 432 2407; x_wconf 84' lang='grc' dir='ltr'>δικαι-</span> 
     </span>
     <span class='ocr_line' id='line_1_40' title="bbox 95 2424 294 2475; baseline 0.005 -13"><span class='ocrx_word' id='word_1_192' title='bbox 95 2424 160 2473; x_wconf 84' lang='grc' dir='ltr'>ουόνης.</span> <span class='ocrx_word' id='word_1_193' title='bbox 172 2424 233 2464; x_wconf 79' lang='lat' dir='ltr'><strong>Clem.</strong></span> <span class='ocrx_word' id='word_1_194' title='bbox 244 2425 252 2462; x_wconf 91' lang='grc' dir='ltr'>Ι</span> <span class='ocrx_word' id='word_1_195' title='bbox 263 2437 294 2475; x_wconf 87' lang='lat'><strong>33.</strong></span> 
     </span>
    </p>

    <p class='ocr_par' dir='ltr' id='par_1_16' title="bbox 68 2478 433 2640">
     <span class='ocr_line' id='line_1_41' title="bbox 68 2478 433 2531; baseline 0.005 -16"><span class='ocrx_word' id='word_1_196' title='bbox 68 2478 194 2531; x_wconf 74' lang='grc' dir='ltr'>Ἐργαστίγριον.</span> <span class='ocrx_word' id='word_1_197' title='bbox 223 2481 241 2517; x_wconf 88' lang='grc' dir='ltr'>ἔκ</span> <span class='ocrx_word' id='word_1_198' title='bbox 250 2496 268 2517; x_wconf 95' lang='grc' dir='ltr'>τε</span> <span class='ocrx_word' id='word_1_199' title='bbox 277 2484 309 2518; x_wconf 84' lang='grc' dir='ltr'>τῶν</span> <span class='ocrx_word' id='word_1_200' title='bbox 318 2480 433 2529; x_wconf 80' lang='grc' dir='ltr'>ἐργαστηρίων</span> 
     </span>
     <span class='ocr_line' id='line_1_42' title="bbox 96 2534 431 2582; baseline 0.006 -12"><span class='ocrx_word' id='word_1_201' title='bbox 96 2536 122 2571; x_wconf 86' lang='grc' dir='ltr'>καί</span> <span class='ocrx_word' id='word_1_202' title='bbox 137 2536 233 2578; x_wconf 84' lang='grc' dir='ltr'>βαλανείων</span> <span class='ocrx_word' id='word_1_203' title='bbox 251 2535 298 2582; x_wconf 82' lang='grc' dir='ltr'>ξόλα.</span> <span class='ocrx_word' id='word_1_204' title='bbox 318 2534 376 2573; x_wconf 67' lang='lat' dir='ltr'><strong>Mart.</strong></span> <span class='ocrx_word' id='word_1_205' title='bbox 396 2534 431 2572; x_wconf 87' lang='grc' dir='ltr'>Ρο-</span> 
     </span>
     <span class='ocr_line' id='line_1_43' title="bbox 96 2588 173 2640; baseline 0.026 -14"><span class='ocrx_word' id='word_1_206' title='bbox 96 2588 130 2639; x_wconf 82' lang='lat' dir='ltr'><strong>Iye.</strong></span> <span class='ocrx_word' id='word_1_207' title='bbox 144 2602 173 2640; x_wconf 84' lang='lat'><strong>13.</strong></span> 
     </span>
    </p>

    <p class='ocr_par' dir='ltr' id='par_1_17' title="bbox 68 2642 432 2805">
     <span class='ocr_line' id='line_1_44' title="bbox 68 2642 432 2695; baseline 0.003 -16"><span class='ocrx_word' id='word_1_208' title='bbox 68 2642 153 2693; x_wconf 87' lang='grc' dir='ltr'>Ἐργάτης.</span> <span class='ocrx_word' id='word_1_209' title='bbox 192 2645 212 2682; x_wconf 86' lang='grc' dir='ltr'>Ὀ</span> <span class='ocrx_word' id='word_1_210' title='bbox 228 2645 290 2695; x_wconf 81' lang='grc' dir='ltr'>ἁγαθός</span> <span class='ocrx_word' id='word_1_211' title='bbox 305 2645 377 2693; x_wconf 83' lang='grc' dir='ltr'>ἐργάτης</span> <span class='ocrx_word' id='word_1_212' title='bbox 391 2644 432 2691; x_wconf 82' lang='grc' dir='ltr'>μετὰ</span> 
     </span>
     <span class='ocr_line' id='line_1_45' title="bbox 95 2699 430 2749; baseline 0 -14"><span class='ocrx_word' id='word_1_213' title='bbox 95 2699 190 2749; x_wconf 78' lang='grc' dir='ltr'>παρρησίας</span> <span class='ocrx_word' id='word_1_214' title='bbox 215 2701 297 2748; x_wconf 85' lang='grc' dir='ltr'>λαμβάνει</span> <span class='ocrx_word' id='word_1_215' title='bbox 322 2700 353 2736; x_wconf 85' lang='grc' dir='ltr'>τόν</span> <span class='ocrx_word' id='word_1_216' title='bbox 377 2699 430 2747; x_wconf 81' lang='grc' dir='ltr'>όρτον,</span> 
     </span>
     <span class='ocr_line' id='line_1_46' title="bbox 96 2752 218 2805; baseline 0.016 -14"><span class='ocrx_word' id='word_1_217' title='bbox 96 2752 218 2805; x_wconf 77' lang='lat' dir='ltr'><strong>Olem.l34.</strong></span> 
     </span>
    </p>

    <p class='ocr_par' dir='ltr' id='par_1_18' title="bbox 64 2806 432 3133">
     <span class='ocr_line' id='line_1_47' title="bbox 64 2806 430 2859; baseline 0.003 -15"><span class='ocrx_word' id='word_1_218' title='bbox 64 2806 133 2857; x_wconf 75' lang='grc' dir='ltr'>Ἔργον.</span> <span class='ocrx_word' id='word_1_219' title='bbox 162 2810 226 2858; x_wconf 76' lang='grc' dir='ltr'>ἕτοιμοι</span> <span class='ocrx_word' id='word_1_220' title='bbox 235 2810 258 2848; x_wconf 88' lang='grc' dir='ltr'>εἰς</span> <span class='ocrx_word' id='word_1_221' title='bbox 267 2811 300 2847; x_wconf 81' lang='grc' dir='ltr'>πάν</span> <span class='ocrx_word' id='word_1_222' title='bbox 308 2810 360 2859; x_wconf 92' lang='grc' dir='ltr'>ἔργον</span> <span class='ocrx_word' id='word_1_223' title='bbox 365 2808 430 2858; x_wconf 84' lang='grc' dir='ltr'>ἀγαθόν.</span> 
     </span>
     <span class='ocr_line' id='line_1_48' title="bbox 96 2862 431 2913; baseline -0.003 -12"><span class='ocrx_word' id='word_1_224' title='bbox 96 2862 154 2903; x_wconf 77' lang='lat' dir='ltr'><strong>Olem.</strong></span> <span class='ocrx_word' id='word_1_225' title='bbox 171 2864 182 2902; x_wconf 91' lang='lat' dir='ltr'>I</span> <span class='ocrx_word' id='word_1_226' title='bbox 201 2877 217 2903; x_wconf 84' lang='lat'><strong>2.</strong></span> <span class='ocrx_word' id='word_1_227' title='bbox 244 2863 314 2913; x_wconf 76' lang='grc' dir='ltr'>φαύλων</span> <span class='ocrx_word' id='word_1_228' title='bbox 326 2865 381 2913; x_wconf 80' lang='grc' dir='ltr'>ἔργων</span> <span class='ocrx_word' id='word_1_229' title='bbox 394 2878 431 2910; x_wconf 87' lang='grc' dir='ltr'>μια-</span> 
     </span>
     <span class='ocr_line' id='line_1_49' title="bbox 95 2918 431 2968; baseline -0.003 -13"><span class='ocrx_word' id='word_1_230' title='bbox 95 2920 126 2966; x_wconf 81' lang='grc' dir='ltr'>ρίις</span> <span class='ocrx_word' id='word_1_231' title='bbox 141 2921 234 2967; x_wconf 88' lang='grc' dir='ltr'>ἐπιθυμίας.</span> <span class='ocrx_word' id='word_1_232' title='bbox 254 2920 283 2956; x_wconf 82' lang='lat'><strong>28.</strong></span> <span class='ocrx_word' id='word_1_233' title='bbox 311 2919 368 2968; x_wconf 79' lang='grc' dir='ltr'>ἔργοις</span> <span class='ocrx_word' id='word_1_234' title='bbox 381 2918 431 2954; x_wconf 79' lang='grc' dir='ltr'>δικαι-</span> 
     </span>
     <span class='ocr_line' id='line_1_50' title="bbox 95 2970 432 3023; baseline 0 -15"><span class='ocrx_word' id='word_1_235' title='bbox 95 2972 160 3020; x_wconf 78' lang='grc' dir='ltr'>ούμενοι</span> <span class='ocrx_word' id='word_1_236' title='bbox 171 2976 199 3011; x_wconf 85' lang='grc' dir='ltr'>καί</span> <span class='ocrx_word' id='word_1_237' title='bbox 210 2975 232 3022; x_wconf 81' lang='grc' dir='ltr'>μὴ</span> <span class='ocrx_word' id='word_1_238' title='bbox 244 2976 306 3023; x_wconf 88' lang='grc' dir='ltr'>λόγοις.</span> <span class='ocrx_word' id='word_1_239' title='bbox 317 2985 350 3023; x_wconf 85' lang='lat'><strong>30.</strong></span> <span class='ocrx_word' id='word_1_240' title='bbox 384 2974 403 3009; x_wconf 83' lang='grc' dir='ltr'>οὐ</span> <span class='ocrx_word' id='word_1_241' title='bbox 411 2970 432 3009; x_wconf 75' lang='grc' dir='ltr'>δι’</span> 
     </span>
     <span class='ocr_line' id='line_1_51' title="bbox 96 3026 432 3078; baseline 0.003 -14"><span class='ocrx_word' id='word_1_242' title='bbox 96 3029 149 3067; x_wconf 81' lang='grc' dir='ltr'>αὑτῶν</span> <span class='ocrx_word' id='word_1_243' title='bbox 165 3028 210 3077; x_wconf 75' lang='grc' dir='ltr'>ἢδί</span> <span class='ocrx_word' id='word_1_244' title='bbox 224 3030 277 3078; x_wconf 88' lang='grc' dir='ltr'>ἔργων</span> <span class='ocrx_word' id='word_1_245' title='bbox 289 3030 348 3066; x_wconf 74' lang='grc' dir='ltr'>αὐτῶν.</span> <span class='ocrx_word' id='word_1_246' title='bbox 365 3039 394 3076; x_wconf 85' lang='lat'><strong>32.</strong></span> <span class='ocrx_word' id='word_1_247' title='bbox 422 3026 432 3073; x_wconf 77' lang='grc' dir='ltr'>ἢ</span> 
     </span>
     <span class='ocr_line' id='line_1_52' title="bbox 96 3081 432 3133; baseline 0 -14"><span class='ocrx_word' id='word_1_248' title='bbox 96 3083 148 3132; x_wconf 89' lang='grc' dir='ltr'>ἔργων</span> <span class='ocrx_word' id='word_1_249' title='bbox 157 3085 180 3122; x_wconf 77' lang='grc' dir='ltr'>θιν</span> <span class='ocrx_word' id='word_1_250' title='bbox 190 3083 340 3133; x_wconf 90' lang='grc' dir='ltr'>κατειργασάμεθα.</span> <span class='ocrx_word' id='word_1_251' title='bbox 348 3081 372 3121; x_wconf 82' lang='lat' dir='ltr'><strong>ib.</strong></span> <span class='ocrx_word' id='word_1_252' title='bbox 400 3084 432 3120; x_wconf 80' lang='grc' dir='ltr'>πᾶν</span> 
     </span>
    </p>
   </div>
   <div class='ocr_carea' id='block_1_8' title="bbox 486 338 863 1981">
    <p class='ocr_par' dir='ltr' id='par_1_19' title="bbox 486 338 863 1981">
     <span class='ocr_line' id='line_1_53' title="bbox 486 338 821 389; baseline -0.009 -12"><span class='ocrx_word' id='word_1_253' title='bbox 486 341 535 389; x_wconf 87' lang='grc' dir='ltr'>ἔργον</span> <span class='ocrx_word' id='word_1_254' title='bbox 546 339 610 389; x_wconf 80' lang='grc' dir='ltr'>ἀγαθόν</span> <span class='ocrx_word' id='word_1_255' title='bbox 625 340 710 377; x_wconf 81' lang='grc' dir='ltr'>ἐπιτελεῖν.</span> <span class='ocrx_word' id='word_1_256' title='bbox 728 350 761 388; x_wconf 86' lang='lat'><strong>33.</strong></span> <span class='ocrx_word' id='word_1_257' title='bbox 794 338 821 375; x_wconf 85' lang='grc' dir='ltr'>ἐπὶ</span> 
     </span>
     <span class='ocr_line' id='line_1_54' title="bbox 486 391 820 443; baseline -0.006 -11"><span class='ocrx_word' id='word_1_258' title='bbox 486 398 521 433; x_wconf 80' lang='grc' dir='ltr'>τοῖς</span> <span class='ocrx_word' id='word_1_259' title='bbox 535 395 590 443; x_wconf 79' lang='grc' dir='ltr'>ἔργοις</span> <span class='ocrx_word' id='word_1_260' title='bbox 606 394 658 430; x_wconf 73' lang='grc' dir='ltr'>αὐτοῦ</span> <span class='ocrx_word' id='word_1_261' title='bbox 672 393 779 443; x_wconf 79' lang='grc' dir='ltr'>άγαλλιάται,</span> <span class='ocrx_word' id='word_1_262' title='bbox 795 391 820 431; x_wconf 89' lang='lat' dir='ltr'><strong>ib.</strong></span> 
     </span>
     <span class='ocr_line' id='line_1_55' title="bbox 486 447 821 498; baseline -0.003 -12"><span class='ocrx_word' id='word_1_263' title='bbox 486 450 504 486; x_wconf 90' lang='grc' dir='ltr'>ἐν</span> <span class='ocrx_word' id='word_1_264' title='bbox 519 450 573 498; x_wconf 84' lang='grc' dir='ltr'>ἔργοις</span> <span class='ocrx_word' id='word_1_265' title='bbox 589 448 658 498; x_wconf 84' lang='grc' dir='ltr'>άγοθοῖς</span> <span class='ocrx_word' id='word_1_266' title='bbox 672 448 734 486; x_wconf 88' lang='grc' dir='ltr'>πάντες</span> <span class='ocrx_word' id='word_1_267' title='bbox 750 447 821 495; x_wconf 79' lang='grc' dir='ltr'>ἐκοσμίη·</span> 
     </span>
     <span class='ocr_line' id='line_1_56' title="bbox 487 501 821 552; baseline -0.006 -11"><span class='ocrx_word' id='word_1_268' title='bbox 487 505 546 551; x_wconf 87' lang='grc' dir='ltr'>θησαν.</span> <span class='ocrx_word' id='word_1_269' title='bbox 563 501 588 541; x_wconf 82' lang='lat' dir='ltr'><strong>ib.</strong></span> <span class='ocrx_word' id='word_1_270' title='bbox 618 505 627 539; x_wconf 86' lang='grc' dir='ltr'>ὁ</span> <span class='ocrx_word' id='word_1_271' title='bbox 644 501 703 552; x_wconf 82' lang='grc' dir='ltr'>Κάριος</span> <span class='ocrx_word' id='word_1_272' title='bbox 716 503 773 552; x_wconf 88' lang='grc' dir='ltr'>ἔργοις</span> <span class='ocrx_word' id='word_1_273' title='bbox 786 504 821 539; x_wconf 82' lang='grc' dir='ltr'>ἔαυ-</span> 
     </span>
     <span class='ocr_line' id='line_1_57' title="bbox 487 556 822 607; baseline -0.003 -12"><span class='ocrx_word' id='word_1_274' title='bbox 487 560 517 596; x_wconf 88' lang='grc' dir='ltr'>τόν</span> <span class='ocrx_word' id='word_1_275' title='bbox 534 556 629 605; x_wconf 78' lang='grc' dir='ltr'>κοσμήσας.</span> <span class='ocrx_word' id='word_1_276' title='bbox 646 556 671 595; x_wconf 84' lang='lat' dir='ltr'><strong>ib.</strong></span> <span class='ocrx_word' id='word_1_277' title='bbox 698 558 749 607; x_wconf 89' lang='grc' dir='ltr'>ἔργον</span> <span class='ocrx_word' id='word_1_278' title='bbox 763 558 822 594; x_wconf 82' lang='grc' dir='ltr'>δικαιο-</span> 
     </span>
     <span class='ocr_line' id='line_1_58' title="bbox 487 611 823 661; baseline -0.006 -11"><span class='ocrx_word' id='word_1_279' title='bbox 487 612 544 660; x_wconf 76' lang='grc' dir='ltr'>σύνης,</span> <span class='ocrx_word' id='word_1_280' title='bbox 560 611 587 650; x_wconf 82' lang='lat' dir='ltr'><strong>ib.</strong></span> <span class='ocrx_word' id='word_1_281' title='bbox 622 613 651 649; x_wconf 84' lang='grc' dir='ltr'>τὸν</span> <span class='ocrx_word' id='word_1_282' title='bbox 664 612 714 661; x_wconf 83' lang='grc' dir='ltr'>ίίρτον</span> <span class='ocrx_word' id='word_1_283' title='bbox 728 615 760 649; x_wconf 84' lang='grc' dir='ltr'>τοῦ</span> <span class='ocrx_word' id='word_1_284' title='bbox 773 613 823 661; x_wconf 86' lang='grc' dir='ltr'>ἔργον</span> 
     </span>
     <span class='ocr_line' id='line_1_59' title="bbox 487 667 821 717; baseline 0 -12"><span class='ocrx_word' id='word_1_285' title='bbox 487 669 542 706; x_wconf 80' lang='grc' dir='ltr'>αὐτοῦ.</span> <span class='ocrx_word' id='word_1_286' title='bbox 554 680 584 717; x_wconf 88' lang='lat'>34.</span> <span class='ocrx_word' id='word_1_287' title='bbox 614 668 642 705; x_wconf 80' lang='grc' dir='ltr'>ἐπὶ</span> <span class='ocrx_word' id='word_1_288' title='bbox 650 669 683 705; x_wconf 84' lang='grc' dir='ltr'>ττᾶν</span> <span class='ocrx_word' id='word_1_289' title='bbox 694 668 745 716; x_wconf 84' lang='grc' dir='ltr'>ἔργον</span> <span class='ocrx_word' id='word_1_290' title='bbox 755 667 821 716; x_wconf 82' lang='grc' dir='ltr'>ἀγαθόν.</span> 
     </span>
     <span class='ocr_line' id='line_1_60' title="bbox 487 721 863 771; baseline -0.011 -10"><span class='ocrx_word' id='word_1_291' title='bbox 487 721 513 761; x_wconf 83' lang='lat' dir='ltr'><strong>ib.</strong></span> <span class='ocrx_word' id='word_1_292' title='bbox 546 725 568 770; x_wconf 82' lang='grc' dir='ltr'>μὴ</span> <span class='ocrx_word' id='word_1_293' title='bbox 586 723 605 759; x_wconf 90' lang='grc' dir='ltr'>ἐν</span> <span class='ocrx_word' id='word_1_294' title='bbox 622 724 684 771; x_wconf 79' lang='grc' dir='ltr'>λόγοις,</span> <span class='ocrx_word' id='word_1_295' title='bbox 702 721 743 758; x_wconf 80' lang='grc' dir='ltr'>ἀλλ’</span> <span class='ocrx_word' id='word_1_296' title='bbox 761 722 779 759; x_wconf 92' lang='grc' dir='ltr'>ἐν</span> <span class='ocrx_word' id='word_1_297' title='bbox 795 722 821 767; x_wconf 83' lang='grc' dir='ltr'>ἔρ·</span> <span class='ocrx_word' id='word_1_298' title='bbox 861 750 863 753; x_wconf 94' lang='grc'>.</span> 
     </span>
     <span class='ocr_line' id='line_1_61' title="bbox 487 775 824 827; baseline -0.003 -11"><span class='ocrx_word' id='word_1_299' title='bbox 487 793 523 827; x_wconf 87' lang='grc' dir='ltr'>γυις</span> <span class='ocrx_word' id='word_1_300' title='bbox 537 778 612 827; x_wconf 83' lang='grc' dir='ltr'>ἀγαθοῖς.</span> <span class='ocrx_word' id='word_1_301' title='bbox 629 779 659 826; x_wconf 84' lang='grc'>38.</span> <span class='ocrx_word' id='word_1_302' title='bbox 705 775 824 815; x_wconf 76' lang='grc' dir='ltr'>πιστευθέντες</span> 
     </span>
     <span class='ocr_line' id='line_1_62' title="bbox 487 833 823 882; baseline -0.006 -13"><span class='ocrx_word' id='word_1_303' title='bbox 487 833 532 882; x_wconf 82' lang='grc' dir='ltr'>παρὰ</span> <span class='ocrx_word' id='word_1_304' title='bbox 541 835 584 869; x_wconf 86' lang='grc' dir='ltr'>Θεοῦ</span> <span class='ocrx_word' id='word_1_305' title='bbox 594 833 644 881; x_wconf 87' lang='grc' dir='ltr'>ἔργον</span> <span class='ocrx_word' id='word_1_306' title='bbox 652 835 722 869; x_wconf 85' lang='grc' dir='ltr'>τοιοῦτο.</span> <span class='ocrx_word' id='word_1_307' title='bbox 734 843 767 881; x_wconf 83' lang='lat'>43.</span> <span class='ocrx_word' id='word_1_308' title='bbox 790 833 823 879; x_wconf 75' lang='grc' dir='ltr'>ἤτω</span> 
     </span>
     <span class='ocr_line' id='line_1_63' title="bbox 488 886 828 937; baseline 0 -14"><span class='ocrx_word' id='word_1_309' title='bbox 488 888 537 937; x_wconf 78' lang='grc' dir='ltr'>ἁγνός</span> <span class='ocrx_word' id='word_1_310' title='bbox 546 888 563 924; x_wconf 93' lang='grc' dir='ltr'>ἐν</span> <span class='ocrx_word' id='word_1_311' title='bbox 575 889 638 937; x_wconf 89' lang='grc' dir='ltr'>ἔργοις.</span> <span class='ocrx_word' id='word_1_312' title='bbox 649 889 680 934; x_wconf 83' lang='grc'>48.</span> <span class='ocrx_word' id='word_1_313' title='bbox 714 886 789 936; x_wconf 85' lang='grc' dir='ltr'>άργυρον</span> <span class='ocrx_word' id='word_1_314' title='bbox 797 887 828 923; x_wconf 75' lang='grc' dir='ltr'>καί</span> 
     </span>
     <span class='ocr_line' id='line_1_64' title="bbox 487 940 821 992; baseline 0 -13"><span class='ocrx_word' id='word_1_315' title='bbox 487 944 556 991; x_wconf 82' lang='grc' dir='ltr'>χαλκόν,</span> <span class='ocrx_word' id='word_1_316' title='bbox 580 944 623 992; x_wconf 90' lang='grc' dir='ltr'>ἔργα</span> <span class='ocrx_word' id='word_1_317' title='bbox 646 942 744 991; x_wconf 76' lang='grc' dir='ltr'>ἀνθρώπων.</span> <span class='ocrx_word' id='word_1_318' title='bbox 764 940 786 979; x_wconf 92' lang='grc' dir='ltr'>Π</span> <span class='ocrx_word' id='word_1_319' title='bbox 807 953 821 979; x_wconf 83' lang='grc'>1.</span> 
     </span>
     <span class='ocr_line' id='line_1_65' title="bbox 487 998 822 1047; baseline -0.003 -13"><span class='ocrx_word' id='word_1_320' title='bbox 487 998 505 1035; x_wconf 88' lang='grc' dir='ltr'>ἐν</span> <span class='ocrx_word' id='word_1_321' title='bbox 514 1000 548 1036; x_wconf 84' lang='grc' dir='ltr'>τοῖς</span> <span class='ocrx_word' id='word_1_322' title='bbox 556 999 613 1047; x_wconf 88' lang='grc' dir='ltr'>ἔργοις</span> <span class='ocrx_word' id='word_1_323' title='bbox 621 998 671 1034; x_wconf 76' lang='grc' dir='ltr'>αὐτὸν</span> <span class='ocrx_word' id='word_1_324' title='bbox 679 999 793 1046; x_wconf 81' lang='grc' dir='ltr'>ὁμολογῶμεν.</span> <span class='ocrx_word' id='word_1_325' title='bbox 804 1008 822 1044; x_wconf 94' lang='lat'>4.</span> 
     </span>
     <span class='ocr_line' id='line_1_66' title="bbox 489 1052 824 1102; baseline -0.003 -13"><span class='ocrx_word' id='word_1_326' title='bbox 489 1053 507 1090; x_wconf 90' lang='grc' dir='ltr'>ἐν</span> <span class='ocrx_word' id='word_1_327' title='bbox 521 1052 585 1091; x_wconf 74' lang='grc' dir='ltr'>τούτοις</span> <span class='ocrx_word' id='word_1_328' title='bbox 601 1053 657 1102; x_wconf 82' lang='grc' dir='ltr'>ἔργοις</span> <span class='ocrx_word' id='word_1_329' title='bbox 671 1054 781 1101; x_wconf 80' lang='grc' dir='ltr'>ὁμολογῶμεν</span> <span class='ocrx_word' id='word_1_330' title='bbox 796 1052 824 1089; x_wconf 82' lang='grc' dir='ltr'>τὸν</span> 
     </span>
     <span class='ocr_line' id='line_1_67' title="bbox 489 1106 824 1156; baseline -0.006 -11"><span class='ocrx_word' id='word_1_331' title='bbox 489 1109 536 1145; x_wconf 88' lang='grc' dir='ltr'>θεόν.</span> <span class='ocrx_word' id='word_1_332' title='bbox 545 1106 569 1146; x_wconf 87' lang='lat' dir='ltr'><strong>ib.</strong></span> <span class='ocrx_word' id='word_1_333' title='bbox 604 1108 634 1144; x_wconf 85' lang='grc' dir='ltr'>ἐὰν</span> <span class='ocrx_word' id='word_1_334' title='bbox 644 1107 665 1155; x_wconf 73' lang='grc' dir='ltr'>μὴ</span> <span class='ocrx_word' id='word_1_335' title='bbox 677 1107 772 1156; x_wconf 77' lang='grc' dir='ltr'>εὕρεθῶμεν</span> <span class='ocrx_word' id='word_1_336' title='bbox 783 1107 824 1156; x_wconf 86' lang='grc' dir='ltr'>ἔργα</span> 
     </span>
     <span class='ocr_line' id='line_1_68' title="bbox 488 1161 824 1211; baseline 0.003 -12"><span class='ocrx_word' id='word_1_337' title='bbox 488 1163 555 1211; x_wconf 83' lang='grc' dir='ltr'>ἔχοντες</span> <span class='ocrx_word' id='word_1_338' title='bbox 568 1162 616 1201; x_wconf 86' lang='grc' dir='ltr'>άσια.</span> <span class='ocrx_word' id='word_1_339' title='bbox 627 1162 645 1200; x_wconf 93' lang='lat'>6.</span> <span class='ocrx_word' id='word_1_340' title='bbox 677 1162 706 1200; x_wconf 82' lang='grc' dir='ltr'>τάς</span> <span class='ocrx_word' id='word_1_341' title='bbox 718 1161 824 1209; x_wconf 84' lang='grc' dir='ltr'>ἆντιμισθίας</span> 
     </span>
     <span class='ocr_line' id='line_1_69' title="bbox 487 1217 823 1268; baseline -0.003 -14"><span class='ocrx_word' id='word_1_342' title='bbox 487 1217 581 1255; x_wconf 80' lang='grc' dir='ltr'>ἀποδιδόναι</span> <span class='ocrx_word' id='word_1_343' title='bbox 596 1218 661 1268; x_wconf 78' lang='grc' dir='ltr'>ἑκάστῳ</span> <span class='ocrx_word' id='word_1_344' title='bbox 677 1220 710 1253; x_wconf 81' lang='grc' dir='ltr'>τῶν</span> <span class='ocrx_word' id='word_1_345' title='bbox 726 1217 781 1266; x_wconf 90' lang='grc' dir='ltr'>ἔργων</span> <span class='ocrx_word' id='word_1_346' title='bbox 794 1217 823 1253; x_wconf 81' lang='grc' dir='ltr'>αῦ-</span> 
     </span>
     <span class='ocr_line' id='line_1_70' title="bbox 487 1270 823 1321; baseline -0.003 -12"><span class='ocrx_word' id='word_1_347' title='bbox 487 1275 520 1310; x_wconf 83' lang='grc' dir='ltr'>τοῦ.</span> <span class='ocrx_word' id='word_1_348' title='bbox 534 1284 563 1310; x_wconf 89' lang='lat'><strong>11.</strong></span> <span class='ocrx_word' id='word_1_349' title='bbox 597 1270 666 1321; x_wconf 72' lang='grc' dir='ltr'>ἡψυχίη</span> <span class='ocrx_word' id='word_1_350' title='bbox 677 1287 708 1309; x_wconf 89' lang='grc' dir='ltr'>σου</span> <span class='ocrx_word' id='word_1_351' title='bbox 718 1272 771 1317; x_wconf 80' lang='grc' dir='ltr'>δῆλος</span> <span class='ocrx_word' id='word_1_352' title='bbox 779 1272 823 1309; x_wconf 86' lang='grc' dir='ltr'>ἔστω</span> 
     </span>
     <span class='ocr_line' id='line_1_71' title="bbox 487 1327 822 1376; baseline -0.003 -12"><span class='ocrx_word' id='word_1_353' title='bbox 487 1327 505 1364; x_wconf 91' lang='grc' dir='ltr'>ἐν</span> <span class='ocrx_word' id='word_1_354' title='bbox 513 1328 614 1368; x_wconf 82' lang='grc' dir='ltr'>τοῖςκαλοῖς</span> <span class='ocrx_word' id='word_1_355' title='bbox 624 1328 684 1376; x_wconf 89' lang='grc' dir='ltr'>ἔργοις.</span> <span class='ocrx_word' id='word_1_356' title='bbox 697 1337 725 1364; x_wconf 84' lang='lat'><strong>12.</strong></span> <span class='ocrx_word' id='word_1_357' title='bbox 751 1328 771 1363; x_wconf 81' lang='grc' dir='ltr'>τό</span> <span class='ocrx_word' id='word_1_358' title='bbox 780 1341 822 1376; x_wconf 86' lang='grc' dir='ltr'>συγ·</span> 
     </span>
     <span class='ocr_line' id='line_1_72' title="bbox 486 1380 821 1432; baseline -0.003 -14"><span class='ocrx_word' id='word_1_359' title='bbox 486 1383 550 1431; x_wconf 78' lang='grc' dir='ltr'>γενικὸν</span> <span class='ocrx_word' id='word_1_360' title='bbox 561 1383 613 1431; x_wconf 86' lang='grc' dir='ltr'>ἔργον</span> <span class='ocrx_word' id='word_1_361' title='bbox 622 1413 626 1420; x_wconf 87' lang='grc'><em>,</em></span> <span class='ocrx_word' id='word_1_362' title='bbox 634 1412 638 1419; x_wconf 87' lang='grc'>.</span> <span class='ocrx_word' id='word_1_363' title='bbox 646 1410 650 1419; x_wconf 92' lang='grc'>.</span> <span class='ocrx_word' id='word_1_364' title='bbox 658 1380 767 1430; x_wconf 80' lang='grc' dir='ltr'>ἀπηρτίσιιτε.</span> <span class='ocrx_word' id='word_1_365' title='bbox 781 1380 821 1432; x_wconf 83' lang='lat' dir='ltr'><strong>Ign.</strong></span> 
     </span>
     <span class='ocr_line' id='line_1_73' title="bbox 487 1435 823 1487; baseline -0.003 -13"><span class='ocrx_word' id='word_1_366' title='bbox 487 1435 536 1487; x_wconf 77' lang='lat' dir='ltr'><strong>Eph.</strong></span> <span class='ocrx_word' id='word_1_367' title='bbox 548 1449 564 1475; x_wconf 89' lang='lat'><strong>1.</strong></span> <span class='ocrx_word' id='word_1_368' title='bbox 593 1436 624 1473; x_wconf 81' lang='grc' dir='ltr'>κᾶν</span> <span class='ocrx_word' id='word_1_369' title='bbox 638 1437 656 1474; x_wconf 85' lang='grc' dir='ltr'>ἐκ</span> <span class='ocrx_word' id='word_1_370' title='bbox 670 1440 702 1473; x_wconf 82' lang='grc' dir='ltr'>τῶν</span> <span class='ocrx_word' id='word_1_371' title='bbox 716 1437 772 1485; x_wconf 89' lang='grc' dir='ltr'>ἔργων</span> <span class='ocrx_word' id='word_1_372' title='bbox 786 1437 823 1483; x_wconf 80' lang='grc' dir='ltr'>ὑμῖν</span> 
     </span>
     <span class='ocr_line' id='line_1_74' title="bbox 487 1491 823 1540; baseline 0 -12"><span class='ocrx_word' id='word_1_373' title='bbox 487 1492 612 1540; x_wconf 77' lang='grc' dir='ltr'>μαθητευθΐηναι.</span> <span class='ocrx_word' id='word_1_374' title='bbox 635 1503 663 1529; x_wconf 89' lang='lat'><strong>10.</strong></span> <span class='ocrx_word' id='word_1_375' title='bbox 704 1492 725 1527; x_wconf 76' lang='grc' dir='ltr'>οῦ</span> <span class='ocrx_word' id='word_1_376' title='bbox 743 1491 777 1540; x_wconf 82' lang='grc' dir='ltr'>γάρ</span> <span class='ocrx_word' id='word_1_377' title='bbox 795 1494 823 1528; x_wconf 81' lang='grc' dir='ltr'>νῦν</span> 
     </span>
     <span class='ocr_line' id='line_1_75' title="bbox 488 1546 822 1596; baseline 0 -13"><span class='ocrx_word' id='word_1_378' title='bbox 488 1546 587 1596; x_wconf 87' lang='grc' dir='ltr'>ἐπαγγελίας</span> <span class='ocrx_word' id='word_1_379' title='bbox 601 1547 621 1583; x_wconf 85' lang='grc' dir='ltr'>τὸ</span> <span class='ocrx_word' id='word_1_380' title='bbox 633 1546 687 1595; x_wconf 88' lang='grc' dir='ltr'>ἔργον.</span> <span class='ocrx_word' id='word_1_381' title='bbox 703 1558 735 1593; x_wconf 88' lang='lat'>14.</span> <span class='ocrx_word' id='word_1_382' title='bbox 769 1546 822 1594; x_wconf 89' lang='grc' dir='ltr'>κρείτ-</span> 
     </span>
     <span class='ocr_line' id='line_1_76' title="bbox 488 1599 822 1652; baseline 0 -14"><span class='ocrx_word' id='word_1_383' title='bbox 488 1616 523 1638; x_wconf 92' lang='grc' dir='ltr'>τονι</span> <span class='ocrx_word' id='word_1_384' title='bbox 530 1602 573 1652; x_wconf 87' lang='grc' dir='ltr'>ἔργῳ</span> <span class='ocrx_word' id='word_1_385' title='bbox 581 1631 585 1640; x_wconf 94' lang='grc'>.</span> <span class='ocrx_word' id='word_1_386' title='bbox 594 1632 599 1640; x_wconf 88' lang='grc'>.</span> <span class='ocrx_word' id='word_1_387' title='bbox 607 1601 733 1651; x_wconf 63' lang='grc' dir='ltr'>,ἐπιγραφῆναι</span> <span class='ocrx_word' id='word_1_388' title='bbox 742 1599 796 1638; x_wconf 87' lang='lat' dir='ltr'><strong>Rom.</strong></span> <span class='ocrx_word' id='word_1_389' title='bbox 805 1612 822 1638; x_wconf 81' lang='lat'><strong>2.</strong></span> 
     </span>
     <span class='ocr_line' id='line_1_77' title="bbox 489 1654 823 1705; baseline 0 -13"><span class='ocrx_word' id='word_1_390' title='bbox 489 1657 513 1693; x_wconf 84' lang='grc' dir='ltr'>Οῦ</span> <span class='ocrx_word' id='word_1_391' title='bbox 522 1658 586 1703; x_wconf 82' lang='grc' dir='ltr'>σιωπῆς</span> <span class='ocrx_word' id='word_1_392' title='bbox 597 1657 648 1703; x_wconf 89' lang='grc' dir='ltr'>μόνον</span> <span class='ocrx_word' id='word_1_393' title='bbox 655 1656 675 1692; x_wconf 81' lang='grc' dir='ltr'>τό</span> <span class='ocrx_word' id='word_1_394' title='bbox 685 1656 741 1705; x_wconf 89' lang='grc' dir='ltr'>ἔργον.</span> <span class='ocrx_word' id='word_1_395' title='bbox 752 1668 769 1704; x_wconf 89' lang='lat'><strong>3.</strong></span> <span class='ocrx_word' id='word_1_396' title='bbox 787 1654 823 1692; x_wconf 83' lang='grc' dir='ltr'>Ἵνα</span> 
     </span>
     <span class='ocr_line' id='line_1_78' title="bbox 488 1710 821 1760; baseline 0 -12"><span class='ocrx_word' id='word_1_397' title='bbox 488 1710 517 1748; x_wconf 78' lang='grc' dir='ltr'>οῦν</span> <span class='ocrx_word' id='word_1_398' title='bbox 528 1711 594 1748; x_wconf 83' lang='grc' dir='ltr'>τελειον</span> <span class='ocrx_word' id='word_1_399' title='bbox 605 1711 650 1758; x_wconf 80' lang='grc' dir='ltr'>ὑμῶν</span> <span class='ocrx_word' id='word_1_400' title='bbox 658 1710 725 1759; x_wconf 89' lang='grc' dir='ltr'>γε’νηται</span> <span class='ocrx_word' id='word_1_401' title='bbox 736 1711 757 1747; x_wconf 79' lang='grc' dir='ltr'>τὸ</span> <span class='ocrx_word' id='word_1_402' title='bbox 766 1711 821 1760; x_wconf 84' lang='grc' dir='ltr'>ἔργον.</span> 
     </span>
     <span class='ocr_line' id='line_1_79' title="bbox 488 1764 824 1816; baseline -0.009 -12"><span class='ocrx_word' id='word_1_403' title='bbox 488 1764 561 1816; x_wconf 75' lang='lat' dir='ltr'><strong>Smyrn.</strong></span> <span class='ocrx_word' id='word_1_404' title='bbox 574 1777 604 1803; x_wconf 86' lang='lat'>11.</span> <span class='ocrx_word' id='word_1_405' title='bbox 619 1765 640 1802; x_wconf 82' lang='grc' dir='ltr'>τά</span> <span class='ocrx_word' id='word_1_406' title='bbox 650 1765 731 1803; x_wconf 85' lang='grc' dir='ltr'>δεπόσιτα</span> <span class='ocrx_word' id='word_1_407' title='bbox 742 1766 794 1813; x_wconf 78' lang='grc' dir='ltr'>ὑμῶν,</span> <span class='ocrx_word' id='word_1_408' title='bbox 803 1766 824 1802; x_wconf 79' lang='grc' dir='ltr'>τὰ</span> 
     </span>
     <span class='ocr_line' id='line_1_80' title="bbox 487 1819 823 1871; baseline 0 -14"><span class='ocrx_word' id='word_1_409' title='bbox 487 1821 529 1870; x_wconf 85' lang='grc' dir='ltr'>ἔργα</span> <span class='ocrx_word' id='word_1_410' title='bbox 543 1821 595 1868; x_wconf 80' lang='grc' dir='ltr'>ὑμῶν.</span> <span class='ocrx_word' id='word_1_411' title='bbox 611 1819 674 1871; x_wconf 81' lang='lat' dir='ltr'><strong>Polyo.</strong></span> <span class='ocrx_word' id='word_1_412' title='bbox 692 1820 709 1857; x_wconf 89' lang='lat'><strong>6.</strong></span> <span class='ocrx_word' id='word_1_413' title='bbox 738 1823 791 1857; x_wconf 80' lang='grc' dir='ltr'>Τοῦτο</span> <span class='ocrx_word' id='word_1_414' title='bbox 804 1821 823 1858; x_wconf 83' lang='grc' dir='ltr'>τὸ</span> 
     </span>
     <span class='ocr_line' id='line_1_81' title="bbox 487 1875 824 1924; baseline 0 -12"><span class='ocrx_word' id='word_1_415' title='bbox 487 1876 536 1924; x_wconf 84' lang='grc' dir='ltr'>ἔργον</span> <span class='ocrx_word' id='word_1_416' title='bbox 545 1879 588 1912; x_wconf 87' lang='grc' dir='ltr'>θεοῦ</span> <span class='ocrx_word' id='word_1_417' title='bbox 598 1875 646 1912; x_wconf 88' lang='grc' dir='ltr'>ἐστιν</span> <span class='ocrx_word' id='word_1_418' title='bbox 654 1875 680 1912; x_wconf 85' lang='grc' dir='ltr'>καὶ</span> <span class='ocrx_word' id='word_1_419' title='bbox 688 1876 741 1922; x_wconf 77' lang='grc' dir='ltr'>ὑμῶν.</span> <span class='ocrx_word' id='word_1_420' title='bbox 753 1882 770 1924; x_wconf 87' lang='lat'><strong>7.</strong></span> <span class='ocrx_word' id='word_1_421' title='bbox 798 1875 824 1913; x_wconf 87' lang='grc' dir='ltr'>ίνα</span> 
     </span>
     <span class='ocr_line' id='line_1_82' title="bbox 488 1930 741 1981; baseline 0.004 -14"><span class='ocrx_word' id='word_1_422' title='bbox 488 1930 581 1978; x_wconf 79' lang='grc' dir='ltr'>δοξασθῆτε</span> <span class='ocrx_word' id='word_1_423' title='bbox 591 1930 653 1980; x_wconf 77' lang='grc' dir='ltr'>αἰωνίῳ</span> <span class='ocrx_word' id='word_1_424' title='bbox 662 1931 711 1981; x_wconf 88' lang='grc' dir='ltr'>ἔργῳ.</span> <span class='ocrx_word' id='word_1_425' title='bbox 722 1931 741 1968; x_wconf 89' lang='grc'>8.</span> 
     </span>
    </p>
   </div>
   <div class='ocr_carea' id='block_1_9' title="bbox 460 1985 823 2037">
    <p class='ocr_par' dir='ltr' id='par_1_20' title="bbox 460 1985 823 2037">
     <span class='ocr_line' id='line_1_83' title="bbox 460 1985 823 2037; baseline 0.006 -16"><span class='ocrx_word' id='word_1_426' title='bbox 460 1985 601 2035; x_wconf 85' lang='grc' dir='ltr'>Ἐργοπαρέκτης.</span> <span class='ocrx_word' id='word_1_427' title='bbox 630 1985 659 2022; x_wconf 84' lang='grc' dir='ltr'>οῦκ</span> <span class='ocrx_word' id='word_1_428' title='bbox 672 1985 789 2034; x_wconf 83' lang='grc' dir='ltr'>άντοφθαλμεί</span> <span class='ocrx_word' id='word_1_429' title='bbox 801 1989 823 2037; x_wconf 74' lang='grc' dir='ltr'>τῷ</span> 
     </span>
    </p>
   </div>
   <div class='ocr_carea' id='block_1_10' title="bbox 488 2038 739 2090">
    <p class='ocr_par' dir='ltr' id='par_1_21' title="bbox 488 2038 739 2090">
     <span class='ocr_line' id='line_1_84' title="bbox 488 2038 739 2090; baseline 0.008 -14"><span class='ocrx_word' id='word_1_430' title='bbox 488 2040 606 2090; x_wconf 83' lang='grc' dir='ltr'>ἐργοπαρέκτη.</span> <span class='ocrx_word' id='word_1_431' title='bbox 617 2038 676 2078; x_wconf 78' lang='lat' dir='ltr'><strong>Olem.</strong></span> <span class='ocrx_word' id='word_1_432' title='bbox 686 2040 694 2077; x_wconf 95' lang='lat' dir='ltr'>I</span> <span class='ocrx_word' id='word_1_433' title='bbox 705 2052 739 2089; x_wconf 84' lang='lat'>34.</span> 
     </span>
    </p>
   </div>
   <div class='ocr_carea' id='block_1_11' title="bbox 459 2094 822 2146">
    <p class='ocr_par' dir='ltr' id='par_1_22' title="bbox 459 2094 822 2146">
     <span class='ocr_line' id='line_1_85' title="bbox 459 2094 822 2146; baseline 0.003 -15"><span class='ocrx_word' id='word_1_434' title='bbox 459 2094 563 2146; x_wconf 75' lang='grc' dir='ltr'>Ἐρευνητίρς.</span> <span class='ocrx_word' id='word_1_435' title='bbox 591 2095 689 2144; x_wconf 76' lang='grc' dir='ltr'>Ἐρευνητίρς</span> <span class='ocrx_word' id='word_1_436' title='bbox 697 2096 732 2145; x_wconf 92' lang='grc' dir='ltr'>γάρ</span> <span class='ocrx_word' id='word_1_437' title='bbox 741 2095 788 2133; x_wconf 89' lang='grc' dir='ltr'>ἐστιν</span> <span class='ocrx_word' id='word_1_438' title='bbox 797 2096 822 2132; x_wconf 87' lang='grc' dir='ltr'>ε’ν-</span> 
     </span>
    </p>
   </div>
   <div class='ocr_carea' id='block_1_12' title="bbox 488 2148 676 2188">
    <p class='ocr_par' dir='ltr' id='par_1_23' title="bbox 488 2148 676 2188">
     <span class='ocr_line' id='line_1_86' title="bbox 488 2148 676 2188; baseline 0 -1"><span class='ocrx_word' id='word_1_439' title='bbox 488 2153 542 2188; x_wconf 83' lang='grc' dir='ltr'>νοιῶν.</span> <span class='ocrx_word' id='word_1_440' title='bbox 552 2148 614 2188; x_wconf 82' lang='lat' dir='ltr'><strong>Olem.</strong></span> <span class='ocrx_word' id='word_1_441' title='bbox 625 2149 636 2187; x_wconf 90' lang='grc' dir='ltr'>Ι</span> <span class='ocrx_word' id='word_1_442' title='bbox 647 2162 676 2187; x_wconf 81' lang='lat'>21.</span> 
     </span>
    </p>
   </div>
   <div class='ocr_carea' id='block_1_13' title="bbox 456 2202 823 2254">
    <p class='ocr_par' dir='ltr' id='par_1_24' title="bbox 456 2202 823 2254">
     <span class='ocr_line' id='line_1_87' title="bbox 456 2202 823 2254; baseline -0.003 -13"><span class='ocrx_word' id='word_1_443' title='bbox 456 2204 536 2254; x_wconf 78' lang='grc' dir='ltr'>Ἔρημος.</span> <span class='ocrx_word' id='word_1_444' title='bbox 581 2206 644 2254; x_wconf 89' lang='grc' dir='ltr'>ἔρημος</span> <span class='ocrx_word' id='word_1_445' title='bbox 661 2202 774 2243; x_wconf 77' lang='grc' dir='ltr'>ἐδάκειέἶναι</span> <span class='ocrx_word' id='word_1_446' title='bbox 791 2203 823 2241; x_wconf 85' lang='grc' dir='ltr'>άπὸ</span> 
     </span>
    </p>
   </div>
   <div class='ocr_carea' id='block_1_14' title="bbox 488 2256 822 2307">
    <p class='ocr_par' dir='ltr' id='par_1_25' title="bbox 488 2256 822 2307">
     <span class='ocr_line' id='line_1_88' title="bbox 488 2256 822 2307; baseline -0.003 -11"><span class='ocrx_word' id='word_1_447' title='bbox 488 2263 518 2297; x_wconf 89' lang='grc' dir='ltr'>τοῦ</span> <span class='ocrx_word' id='word_1_448' title='bbox 541 2263 583 2297; x_wconf 82' lang='grc' dir='ltr'>θεοῦ</span> <span class='ocrx_word' id='word_1_449' title='bbox 603 2262 613 2296; x_wconf 83' lang='grc' dir='ltr'>ὁ</span> <span class='ocrx_word' id='word_1_450' title='bbox 632 2261 673 2298; x_wconf 76' lang='grc' dir='ltr'>λαὸς</span> <span class='ocrx_word' id='word_1_451' title='bbox 692 2260 743 2307; x_wconf 75' lang='grc' dir='ltr'>ἡμῶν.</span> <span class='ocrx_word' id='word_1_452' title='bbox 763 2256 822 2296; x_wconf 74' lang='lat' dir='ltr'><strong>Olem.</strong></span> 
     </span>
    </p>
   </div>
   <div class='ocr_carea' id='block_1_15' title="bbox 488 2313 536 2352">
    <p class='ocr_par' dir='ltr' id='par_1_26' title="bbox 488 2313 536 2352">
     <span class='ocr_line' id='line_1_89' title="bbox 488 2313 536 2352; baseline 0.021 -1"><span class='ocrx_word' id='word_1_453' title='bbox 488 2313 510 2351; x_wconf 92' lang='grc' dir='ltr'>ΙΙ</span> <span class='ocrx_word' id='word_1_454' title='bbox 520 2326 536 2352; x_wconf 83' lang='lat'><strong>2.</strong></span> 
     </span>
    </p>
   </div>
   <div class='ocr_carea' id='block_1_16' title="bbox 459 2368 821 2418">
    <p class='ocr_par' dir='ltr' id='par_1_27' title="bbox 459 2368 821 2418">
     <span class='ocr_line' id='line_1_90' title="bbox 459 2368 821 2418; baseline -0.003 -13"><span class='ocrx_word' id='word_1_455' title='bbox 459 2369 538 2418; x_wconf 83' lang='grc' dir='ltr'>Ἐριθεία.</span> <span class='ocrx_word' id='word_1_456' title='bbox 566 2369 618 2416; x_wconf 76' lang='grc' dir='ltr'>μηδὲν</span> <span class='ocrx_word' id='word_1_457' title='bbox 633 2368 668 2405; x_wconf 77' lang='grc' dir='ltr'>κατ’</span> <span class='ocrx_word' id='word_1_458' title='bbox 682 2368 756 2417; x_wconf 83' lang='grc' dir='ltr'>ἐριθείαν</span> <span class='ocrx_word' id='word_1_459' title='bbox 766 2368 821 2416; x_wconf 88' lang='grc' dir='ltr'>πράσ-</span> 
     </span>
    </p>
   </div>
   <div class='ocr_carea' id='block_1_17' title="bbox 488 2421 692 2473">
    <p class='ocr_par' dir='ltr' id='par_1_28' title="bbox 488 2421 692 2473">
     <span class='ocr_line' id='line_1_91' title="bbox 488 2421 692 2473; baseline -0.005 -12"><span class='ocrx_word' id='word_1_460' title='bbox 488 2439 528 2461; x_wconf 81' lang='grc' dir='ltr'>σειν.</span> <span class='ocrx_word' id='word_1_461' title='bbox 539 2422 580 2473; x_wconf 80' lang='lat' dir='ltr'><strong>Igu.</strong></span> <span class='ocrx_word' id='word_1_462' title='bbox 592 2421 665 2460; x_wconf 80' lang='lat' dir='ltr'><strong>Philad.</strong></span> <span class='ocrx_word' id='word_1_463' title='bbox 676 2424 692 2460; x_wconf 89' lang='lat'><strong>8.</strong></span> 
     </span>
    </p>
   </div>
   <div class='ocr_carea' id='block_1_18' title="bbox 457 2476 821 2527">
    <p class='ocr_par' dir='ltr' id='par_1_29' title="bbox 457 2476 821 2527">
     <span class='ocr_line' id='line_1_92' title="bbox 457 2476 821 2527; baseline -0.008 -12"><span class='ocrx_word' id='word_1_464' title='bbox 457 2478 511 2527; x_wconf 81' lang='grc' dir='ltr'>Ἔρις.</span> <span class='ocrx_word' id='word_1_465' title='bbox 539 2477 567 2514; x_wconf 82' lang='grc' dir='ltr'>Ἐκ</span> <span class='ocrx_word' id='word_1_466' title='bbox 576 2476 637 2514; x_wconf 81' lang='grc' dir='ltr'>τοῦτον</span> <span class='ocrx_word' id='word_1_467' title='bbox 647 2478 695 2524; x_wconf 62' lang='grc' dir='ltr'>ᾄρλος</span> <span class='ocrx_word' id='word_1_468' title='bbox 705 2478 770 2515; x_wconf 85' lang='grc' dir='ltr'>...καὶ</span> <span class='ocrx_word' id='word_1_469' title='bbox 782 2477 821 2525; x_wconf 87' lang='grc' dir='ltr'>ἔρις.</span> 
     </span>
    </p>
   </div>
   <div class='ocr_carea' id='block_1_19' title="bbox 487 2531 823 3076">
    <p class='ocr_par' dir='ltr' id='par_1_30' title="bbox 487 2531 823 3076">
     <span class='ocr_line' id='line_1_93' title="bbox 488 2531 822 2581; baseline -0.006 -10"><span class='ocrx_word' id='word_1_470' title='bbox 488 2531 545 2571; x_wconf 78' lang='lat' dir='ltr'><strong>Olem.</strong></span> <span class='ocrx_word' id='word_1_471' title='bbox 560 2532 599 2580; x_wconf 90' lang='lat' dir='ltr'><strong>I3.</strong></span> <span class='ocrx_word' id='word_1_472' title='bbox 629 2532 663 2581; x_wconf 89' lang='grc' dir='ltr'>ἔρις</span> <span class='ocrx_word' id='word_1_473' title='bbox 675 2534 733 2570; x_wconf 81' lang='grc' dir='ltr'>πολεις</span> <span class='ocrx_word' id='word_1_474' title='bbox 749 2532 822 2580; x_wconf 86' lang='grc' dir='ltr'>μεγάλας</span> 
     </span>
     <span class='ocr_line' id='line_1_94' title="bbox 488 2586 822 2636; baseline -0.003 -12"><span class='ocrx_word' id='word_1_475' title='bbox 488 2588 607 2636; x_wconf 73' lang='grc' dir='ltr'>κατέστρεφεν.</span> <span class='ocrx_word' id='word_1_476' title='bbox 623 2587 640 2625; x_wconf 92' lang='lat'><strong>6.</strong></span> <span class='ocrx_word' id='word_1_477' title='bbox 668 2586 780 2624; x_wconf 77' lang='grc' dir='ltr'>ἀπολιπόντες</span> <span class='ocrx_word' id='word_1_478' title='bbox 793 2586 822 2633; x_wconf 76' lang='grc' dir='ltr'>τὴν</span> 
     </span>
     <span class='ocr_line' id='line_1_95' title="bbox 487 2640 822 2690; baseline 0.003 -12"><span class='ocrx_word' id='word_1_479' title='bbox 487 2642 611 2689; x_wconf 84' lang='grc' dir='ltr'>ματαιοπονίαν,</span> <span class='ocrx_word' id='word_1_480' title='bbox 619 2641 649 2689; x_wconf 76' lang='grc' dir='ltr'>τήν</span> <span class='ocrx_word' id='word_1_481' title='bbox 654 2657 672 2678; x_wconf 90' lang='grc' dir='ltr'>τε</span> <span class='ocrx_word' id='word_1_482' title='bbox 681 2642 720 2690; x_wconf 85' lang='grc' dir='ltr'>ἔριν.</span> <span class='ocrx_word' id='word_1_483' title='bbox 731 2653 748 2690; x_wconf 85' lang='grc'>9.</span> <span class='ocrx_word' id='word_1_484' title='bbox 764 2640 822 2679; x_wconf 81' lang='grc' dir='ltr'>οἵτινες</span> 
     </span>
     <span class='ocr_line' id='line_1_96' title="bbox 488 2696 820 2745; baseline -0.003 -12"><span class='ocrx_word' id='word_1_485' title='bbox 488 2697 621 2743; x_wconf 80' lang='grc' dir='ltr'>ἐξακοντίζουσιν</span> <span class='ocrx_word' id='word_1_486' title='bbox 628 2697 651 2734; x_wconf 85' lang='grc' dir='ltr'>εἷς</span> <span class='ocrx_word' id='word_1_487' title='bbox 658 2697 695 2745; x_wconf 89' lang='grc' dir='ltr'>ἔριν.</span> <span class='ocrx_word' id='word_1_488' title='bbox 709 2708 739 2743; x_wconf 84' lang='lat'>14.</span> <span class='ocrx_word' id='word_1_489' title='bbox 769 2696 820 2745; x_wconf 84' lang='grc' dir='ltr'>άπορ-</span> 
     </span>
     <span class='ocr_line' id='line_1_97' title="bbox 487 2751 820 2801; baseline 0 -13"><span class='ocrx_word' id='word_1_490' title='bbox 487 2752 567 2801; x_wconf 72' lang='grc' dir='ltr'>ρίφαντες</span> <span class='ocrx_word' id='word_1_491' title='bbox 579 2751 611 2799; x_wconf 85' lang='grc' dir='ltr'>ἀφ’</span> <span class='ocrx_word' id='word_1_492' title='bbox 621 2752 719 2788; x_wconf 79' lang='grc' dir='ltr'>ἑαυτῶν...</span> <span class='ocrx_word' id='word_1_493' title='bbox 729 2751 779 2800; x_wconf 81' lang='grc' dir='ltr'>ἕρεις.</span> <span class='ocrx_word' id='word_1_494' title='bbox 790 2759 820 2800; x_wconf 89' lang='lat'><strong>35.</strong></span> 
     </span>
     <span class='ocr_line' id='line_1_98' title="bbox 487 2805 823 2854; baseline 0.003 -11"><span class='ocrx_word' id='word_1_495' title='bbox 487 2805 513 2843; x_wconf 84' lang='grc' dir='ltr'>ότι</span> <span class='ocrx_word' id='word_1_496' title='bbox 521 2807 554 2854; x_wconf 91' lang='grc' dir='ltr'>ἔρις</span> <span class='ocrx_word' id='word_1_497' title='bbox 567 2807 617 2842; x_wconf 81' lang='grc' dir='ltr'>ἔσται</span> <span class='ocrx_word' id='word_1_498' title='bbox 627 2806 653 2843; x_wconf 81' lang='grc' dir='ltr'>ἐπὶ</span> <span class='ocrx_word' id='word_1_499' title='bbox 665 2808 694 2842; x_wconf 88' lang='grc' dir='ltr'>τοῦ</span> <span class='ocrx_word' id='word_1_500' title='bbox 702 2806 784 2853; x_wconf 83' lang='grc' dir='ltr'>ὀνόματος</span> <span class='ocrx_word' id='word_1_501' title='bbox 794 2808 823 2853; x_wconf 78' lang='grc' dir='ltr'>τῆς</span> 
     </span>
     <span class='ocr_line' id='line_1_99' title="bbox 487 2859 823 2910; baseline 0.003 -13"><span class='ocrx_word' id='word_1_502' title='bbox 487 2861 581 2908; x_wconf 81' lang='grc' dir='ltr'>ἐπισκοπῆς.</span> <span class='ocrx_word' id='word_1_503' title='bbox 598 2872 630 2908; x_wconf 85' lang='lat'>44.</span> <span class='ocrx_word' id='word_1_504' title='bbox 655 2859 690 2897; x_wconf 79' lang='grc' dir='ltr'>Ἵνα</span> <span class='ocrx_word' id='word_1_505' title='bbox 703 2861 720 2898; x_wconf 88' lang='grc' dir='ltr'>τί</span> <span class='ocrx_word' id='word_1_506' title='bbox 734 2861 783 2910; x_wconf 89' lang='grc' dir='ltr'>ἔρεις,</span> <span class='ocrx_word' id='word_1_507' title='bbox 797 2863 823 2898; x_wconf 82' lang='grc' dir='ltr'>καί</span> 
     </span>
     <span class='ocr_line' id='line_1_100' title="bbox 487 2915 823 2964; baseline 0.003 -12"><span class='ocrx_word' id='word_1_508' title='bbox 487 2916 535 2962; x_wconf 85' lang='grc' dir='ltr'>θυμοί</span> <span class='ocrx_word' id='word_1_509' title='bbox 541 2931 547 2957; x_wconf 73' lang='lat'>,-</span> <span class='ocrx_word' id='word_1_510' title='bbox 562 2915 595 2963; x_wconf 91' lang='lat'>46.</span> <span class='ocrx_word' id='word_1_511' title='bbox 633 2916 699 2958; x_wconf 82' lang='grc' dir='ltr'>εἰπάτω,</span> <span class='ocrx_word' id='word_1_512' title='bbox 715 2916 738 2952; x_wconf 69' lang='lat' dir='ltr'>E?</span> <span class='ocrx_word' id='word_1_513' title='bbox 756 2917 777 2953; x_wconf 79' lang='grc' dir='ltr'>δι’</span> <span class='ocrx_word' id='word_1_514' title='bbox 795 2918 823 2964; x_wconf 80' lang='grc' dir='ltr'>ἐμὲ</span> 
     </span>
     <span class='ocr_line' id='line_1_101' title="bbox 487 2970 823 3022; baseline 0.006 -15"><span class='ocrx_word' id='word_1_515' title='bbox 487 2971 548 3009; x_wconf 87' lang='grc' dir='ltr'>στάσις</span> <span class='ocrx_word' id='word_1_516' title='bbox 565 2972 592 3007; x_wconf 81' lang='grc' dir='ltr'>καὶ</span> <span class='ocrx_word' id='word_1_517' title='bbox 608 2971 646 3019; x_wconf 84' lang='grc' dir='ltr'>ἔρις.</span> <span class='ocrx_word' id='word_1_518' title='bbox 665 2979 694 3018; x_wconf 87' lang='lat'>54.</span> <span class='ocrx_word' id='word_1_519' title='bbox 721 2970 776 3009; x_wconf 78' lang='grc' dir='ltr'>’Ὅταν</span> <span class='ocrx_word' id='word_1_520' title='bbox 791 2974 823 3022; x_wconf 78' lang='grc' dir='ltr'>γὰρ</span> 
     </span>
     <span class='ocr_line' id='line_1_102' title="bbox 487 3026 822 3076; baseline 0.009 -14"><span class='ocrx_word' id='word_1_521' title='bbox 487 3026 556 3073; x_wconf 82' lang='grc' dir='ltr'>μηδεμία</span> <span class='ocrx_word' id='word_1_522' title='bbox 575 3026 610 3074; x_wconf 86' lang='grc' dir='ltr'>ἔρις</span> <span class='ocrx_word' id='word_1_523' title='bbox 633 3026 722 3075; x_wconf 85' lang='grc' dir='ltr'>ἐνείρισπαι</span> <span class='ocrx_word' id='word_1_524' title='bbox 745 3027 763 3070; x_wconf 83' lang='grc' dir='ltr'>ἐν</span> <span class='ocrx_word' id='word_1_525' title='bbox 780 3029 822 3076; x_wconf 77' lang='grc' dir='ltr'>ὑμῖν.</span> 
     </span>
    </p>
   </div>
   <div class='ocr_carea' id='block_1_20' title="bbox 0 0 972 3420">
    <p class='ocr_par' dir='ltr' id='par_1_31' title="bbox 0 0 972 3420">
     <span class='ocr_line' id='line_1_103' title="bbox 0 0 972 3420; baseline 0 0"><span class='ocrx_word' id='word_1_526' title='bbox 0 0 972 3420; x_wconf 95' lang='lat' dir='ltr'> </span> 
     </span>
    </p>
   </div>
  </div>
 </body>
</html>
