1931 3420
268 238 272 242 ’
312 241 349 284 ΕΤ
364 238 590 287 FORMULARUM.
619 204 620 207 ἐ

66 358 176 409 Χυνηγέσιον.
214 355 271 402 ἐπειδὴ
289 357 396 404 πεπληράκει
414 356 436 393 τὰ

93 412 190 461 κυνηγέσια.
206 409 264 448 Mart.
275 408 339 460 Polyo.
350 421 388 452 12„

67 468 170 516 Χυοφορεῖν.
189 466 213 511 Γῆ
223 465 339 513 κναφοροῦσα.
356 462 435 502 Olem.I

95 534 125 559 20.
148 519 216 566 Ἰησοῦς
225 520 235 554 ό
243 519 318 566 Χριστδς
329 516 443 567 ἐκυοφορίηθη,

94 575 127 613 ῦπδ
137 573 209 622 Μαρίας.
224 571 266 622 Igu.
278 570 373 622 Eph.18.-

67 629 155 679 Κυριακός.
179 626 222 664 κατὰ
231 626 309 676 κνριακίην
318 625 435 679 ζωὴνζῶντες.

94 683 137 734 Ign.
148 680 213 731 Magn.
226 693 243 729 9.

67 737 133 787 Χῦριος.
162 736 182 772 τὸ
196 735 214 771 δέ
229 735 329 782 κυριώτερον
337 733 396 781 Ἰησοῦ
409 734 436 771 καὶ

94 791 168 837 Πατρός.
183 787 226 839 Ign.
237 787 302 838 Magn.
311 800 328 826 1.

68 845 126 883 Κότος.
155 844 178 879 Τό
190 841 239 880 κότος
248 843 278 888 τῆς
288 842 358 892 ἀπείρου
370 842 437 879 θαλάσ-

94 913 133 945 σης.
149 895 208 935 θίεαι.
219 895 230 933 Ι
241 907 273 934 αα.-

68 953 123 990 Κόων.
152 952 196 988 εἰσίν
213 950 247 1000 γὰρ
265 949 313 988 κῦνες
330 951 435 988 λυσσῶντες,

95 1006 139 1057 Igu.
150 1003 198 1055 Eph.
211 1011 229 1053 7.

68 1060 149 1097 Κωλῦειν.
177 1059 238 1107 ἐάνπερ
247 1059 294 1107 ῦμεῖς
306 1058 329 1106 μὴ
342 1057 435 1104 κωλύσητε.

95 1113 138 1164 Ign.
149 1112 205 1151 Rom.
217 1125 234 1159 4.
293 1123 295 1127 ’

68 1169 153 1217 Χωφάειν,
182 1167 282 1215 Κωφώθητε
291 1166 326 1209 οῦν,
337 1165 361 1203 ὅτ’
369 1166 389 1204 ἂν
399 1166 437 1213 ὑμῖν

94 1222 148 1270 χωρὶς
160 1220 219 1268 Ἰησοῦ
241 1223 318 1270 Χριστοῦ
338 1222 385 1267 λαλῇ
405 1235 436 1258 τις,

95 1277 136 1327 lgn.
148 1273 204 1313 Trall.
217 1286 234 1323 9.

69 1330 131 1379 Λάθρα.
160 1331 190 1366 οῦκ
211 1330 247 1377 ’ἔχει
264 1344 290 1367 τις
311 1328 435 1376 καυχήσασθαι,

96 1386 135 1420 οὔτε
156 1384 212 1431 λάθρα
233 1385 272 1420 οὕτε
290 1384 373 1431 φανερῶς.
393 1381 436 1432 Igu.

96 1436 168 1475 Philad.
181 1437 197 1475 6.
227 1439 237 1473 ὁ
248 1436 304 1486 λάθρα
316 1438 409 1475 ἐπισκόπου
420 1452 437 1473 τι

95 1493 187 1541 πράσσων.
203 1489 308 1541 5111311119.

69 1545 192 1595 Λαθροδίηκτης.
223 1545 282 1583 κῦνες.
292 1574 296 1583 .
306 1574 309 1583 .
318 1545 435 1594 λαθροδῆκται.

95 1599 140 1651 Ign.
151 1599 200 1651 Eph.
212 1606 229 1648 7.

69 1656 134 1692 Λαῖκός.
164 1657 173 1691 ό
185 1655 243 1692 λαῖκὸς
255 1653 342 1702 άνθμωπος
351 1655 387 1692 τοῖς
398 1654 436 1690 λαῖι

95 1711 131 1746 κοῖς
144 1710 276 1757 προστάγμασιν
290 1708 359 1744 δέδεσαι.
375 1706 434 1745 Glem.

96 1762 148 1809 140.

69 1817 139 1854 Λάκκος.
167 1815 232 1863 ἐβλήθη
245 1816 269 1853 εἷς
281 1816 342 1853 λάκκον
352 1817 436 1857 λεόντωνε

97 1869 220 1918 Olem.145.

69 1927 137 1962 Λαλεῖν.
155 1927 176 1961 Οἱ
185 1925 281 1973 λειτουργοὶ
290 1925 320 1971 τῆς
328 1924 409 1972 χάριτος.
418 1952 421 1961 .
431 1951 435 1960 .

96 1979 135 2028 περὶ
147 1978 234 2026 μετανοίας
243 1978 335 2024 ἐλάλησαν·
350 1978 377 2014 καί
387 1975 437 2016 αὐτὸς

96 2033 115 2069 δέ
124 2035 134 2068 ό
141 2034 237 2079 Δεσπότης.
245 2062 250 2070 .
258 2033 303 2081 περὶ
312 2047 330 2079 μ.
338 2030 436 2070 ἐλ.·(ίίθη1.

96 2086 134 2124 Ῑδ.
164 2087 193 2125 οῦς
209 2087 285 2133 έλάλησε
301 2086 386 2123 διδάσκων
400 2085 436 2123 ε’πι-

24 2155 26 2159 ’
96 2141 161 2179 είκειαν.
179 2152 208 2188 13.
237 2140 292 2178 καθὼς
304 2142 323 2177 πδ
336 2143 406 2188 Πνεῦμα
418 2142 438 2177 τδ

93 2194 273 2244 ”Αγιον...ἐλάλησεν,
286 2194 315 2232 16.
335 2193 439 2231 ὅτανλαλῶ-

93 2264 128 2296 μεν
136 2250 193 2288 αὑτοῖς
202 2248 286 2296 ἀλήθειαν.
303 2248 325 2286 Π
337 2260 366 2286 12.
395 2250 439 2298 ἥπερ

29 2350 31 2352 ‚
96 2303 154 2350 Ἰησοῦ
167 2306 244 2353 Χριστοῦ
258 2304 352 2341 λαλοῦντος
366 2304 384 2340 ἐν
397 2303 438 2349 άλη-

96 2357 139 2405 θείη,
156 2356 198 2408 Igu.
214 2356 263 2408 Eph.
280 2357 297 2395 6.
328 2357 338 2404 ἢ
354 2359 439 2394 λαλοῦντα

96 2412 119 2459 μὴ
138 2409 185 2451 εἶναι.
203 2420 233 2460 15.
268 2410 295 2449 ἵνα
314 2411 334 2449 διΙ
348 2412 372 2448 δν
389 2412 439 2448 λαλεῖ

97 2467 175 2515 πράσση.
188 2464 214 2504 ib.
243 2467 319 2515 Χριστὸν
327 2465 396 2512 Ἰησοῦν
406 2467 438 2501 λα-

97 2523 140 2558 λεῖν.
155 2519 220 2571 Magn.
235 2532 263 2558 10.
293 2520 317 2557 ὅτ’
327 2519 348 2556 δν
356 2521 395 2567 ὑμῖν
403 2534 438 2567 χω-

97 2576 124 2622 ρὶς
130 2574 188 2622 Ἰησοῦ
196 2577 274 2624 Χριστοῦ
283 2576 328 2622 λαλῇ
337 2589 369 2612 τις.
380 2572 437 2610 Tl'all.

99 2642 116 2678 9.
152 2630 180 2677 Μὴ
195 2631 264 2667 λαλεῖτε
276 2629 344 2676 Ἰησοῦν
356 2629 437 2677 Χριστόν,

98 2686 163 2731 κόσμον
184 2684 202 2721 δέ
226 2683 325 2730 ἐπιθυμεῖτε.
346 2682 401 2720 Rom.
420 2689 436 2730 7.

97 2737 143 2786 ὕδωρ
151 2739 169 2775 δέ
179 2740 216 2784 ζῶν,
224 2740 251 2775 καί
259 2739 325 2775 λαλοῦν
333 2739 351 2774 ἐν
360 2738 401 2785 ἐμοί.
412 2735 437 2773 ib.

98 2793 116 2829 ἐν
126 2791 140 2843 ᾦ
149 2795 158 2829 ὁ
168 2793 227 2842 Πατὴρ
237 2793 322 2839 ἐλάλησεν
331 2792 404 2838 άληθῶς.
420 2792 437 2828 8.

97 2848 169 2884 πλείονα
178 2846 245 2884 δῦναι-αι
254 2851 288 2884 τῶν
296 2847 358 2894 μάταια
366 2844 438 2882 λαλοῦν-

98 2917 137 2939 των.
150 2900 223 2939 Philad.
233 2914 248 2940 1.
268 2901 309 2938 Ἐάν
318 2901 337 2938 δέ
346 2900 440 2949 ἀμφότεροι

98 2957 138 3004 περί
144 2956 202 3003 Ἰησοῦ
208 2959 285 3005 Χριστοῦ
294 2956 317 3002 μὴ
326 2957 409 2992 λαλῶσιν.
421 2954 437 2991 6.

99 3011 126 3047 καὶ
141 3013 185 3048 πᾶσι
201 3011 225 3053 δέ,
241 3012 258 3047 ἐν
273 3007 298 3048 οἷς
315 3011 399 3055 ἐλάλησα.
413 3007 438 3045 ib.

99 3065 173 3101 ἐλάλουν
191 3066 257 3113 μεγάλῃ
276 3066 330 3112 φωνῇ.
347 3071 363 3112 7.
399 3062 440 3109 μίμε

804 240 833 286 77

489 359 523 396 κατ’
547 358 590 395 ίδίαν
617 358 657 406 περὶ
683 357 738 392 αὐτῶν
764 356 831 392 λαλεῖν.

489 411 599 463 8111971117.
631 413 666 449 ταῖς
679 409 714 446 κατΙ
724 409 776 457 ἄνδρα
789 409 831 446 κατὰ
896 442 898 445 ,

488 467 568 514 βοήθειαν
591 467 636 502 θεοῦ
658 464 714 501 λάλει.
733 461 796 513 Polye.
813 474 828 500 1.

489 522 522 558 ῦπδ
535 523 570 557 τῶν
583 520 636 556 ἐθνῶν
646 518 664 555 ἐν
676 518 726 555 παντὶ
739 518 786 567 τόπῳ
799 519 831 553 λα-

489 574 562 612 λεῖσθαι.
578 573 636 611 Mart.
647 570 712 622 Polyo.
723 583 752 620 19.

462 630 564 675 Λαμβάνειν,
591 628 639 675 ἥδιον
652 627 726 664 διδόντες
739 624 749 672 ἢ
763 624 831 672 λαμβά-

490 698 550 720 νοντες.
566 680 676 719 01911112.
707 680 788 726 λάβωμεν
801 680 831 726 τῆς

489 739 548 786 γενεάς
571 735 622 783 ἡμῶν.
638 742 656 783 5.
692 734 775 781 Λάβωμεν
797 732 831 781 πρό

489 791 589 839 ὀφθαλμῶν.
603 788 629 827 ib.
642 810 644 813 ·
658 791 688 836 τῆς
696 785 771 825 πίστεως
780 787 831 823 αῦτοῦ

489 845 538 883 κλέος
550 845 620 888 ἐλαβεν.
635 842 660 881 ib.
690 842 717 878 καὶ
728 840 794 884 ’ἔλαβον
802 840 831 890 γέ-

489 914 525 948 ρας.
541 898 558 936 ό.
579 899 645 942 ἔλαβον
654 896 743 944 σωτηρίαν.
759 901 776 943 7.
797 895 831 931 Λά-

489 955 547 1001 βωμεν
564 952 625 1000 Ἐνάχ.
641 964 658 1001 9.
696 950 780 997 λαμβάνει
802 950 832 986 τδν

489 1007 540 1056 άμταν
553 1008 649 1056 ταῦέργοα
662 1006 719 1043 αὐτοῦ.
735 1015 766 1053 34.
797 1003 831 1040 Λά-

489 1063 547 1109 βωμεν
562 1061 582 1098 τδ
599 1064 649 1108 σῶμα
664 1060 715 1107 ἡμῶν.
732 1065 763 1108 37.
794 1063 831 1094 Πα-

489 1115 580 1165 ραγγελίας
593 1114 624 1153 οῦν
634 1115 723 1159 λαβόντες.
739 1124 770 1160 42.
799 1114 831 1148 λα-

489 1171 526 1214 βὼν
535 1170 586 1208 αὐτὸς
594 1169 660 1215 ἐδησεν.
674 1179 704 1217 43.
732 1168 831 1216 πρόγνωσιν

490 1224 585 1272 είληφάτες
597 1222 668 1261 τελείαν.
684 1233 715 1269 44.
750 1221 774 1259 εἷς
789 1220 829 1257 άνά-

489 1292 551 1325 μνησιν
559 1277 589 1314 οῦν
598 1280 651 1315 ταῦτα
659 1277 729 1320 λάβετε.
743 1282 754 1323 5
756 1287 774 1323 3.
798 1276 830 1311 λα-

489 1334 549 1376 βόντες
562 1332 592 1370 τὰς
605 1331 654 1378 τιμάς
668 1331 727 1368 αὐτῶν.
743 1337 775 1378 55.
804 1343 830 1376 μι-

490 1387 521 1434 κρὰ
539 1386 566 1422 καὶ
584 1385 674 1433 ἐλπίζομεν
691 1386 757 1428 λαβεῖν.
775 1381 798 1420 ΙΙ
813 1393 829 1419 1.

489 1440 551 1487 μισθδν
557 1439 663 1487 άντιμισθίας
669 1439 794 1485 άννέλάβομεν,Ι
803 1435 829 1475 ib.

489 1494 582 1543 ληψόμεθα
591 1493 634 1540 ζωὴν
643 1493 714 1531 αίάνιον.
730 1494 747 1531 8.
772 1492 831 1539 ληφθ-

488 1548 532 1595 μεθα
545 1549 575 1586 τὰς
590 1546 697 1596 ἐπαγγελίας.
712 1558 741 1584 11.
771 1546 831 1583 Οὐδείς

488 1603 522 1651 γὰρ
535 1602 602 1639 δικαίων
614 1602 667 1650 ταχῦν
680 1601 745 1650 καρπὸν
758 1600 829 1644 ἔλαβεν.

489 1655 566 1707 Fragm.
577 1654 603 1694 iii.
629 1656 716 1703 Μακάριος
724 1657 734 1691 ὁ
742 1655 831 1704 γινώσκων

489 1711 516 1747 καὶ
524 1711 589 1754 λαβών.
599 1707 638 1748 viii.
660 1712 714 1746 Τοῦτο
723 1711 739 1745 οἱ
748 1709 831 1752 λαβόντες

489 1766 584 1802 τνποῦνται.
594 1763 619 1802 ib.
641 1765 726 1812 φρόνησιν
734 1763 815 1811 ἔχομεν..
825 1790 830 1799 .

489 1818 528 1866 παρΙ
544 1819 595 1855 αὔταῦ
611 1819 700 1861 λαβόντες.
714 1815 741 1854 ix.
770 1820 832 1865 χρῶμα

490 1875 534 1909 θεοῦ
543 1873 631 1916 λαβόντες.
646 1870 689 1926 Ign.
701 1869 750 1921 Eph.
759 1883 777 1917 4.
799 1868 831 1918 μό·

489 1942 521 1973 ραν
535 1926 601 1971 ἐλαβεν
614 1926 642 1963 ἐπὶ
656 1928 685 1974 τῆς
702 1927 783 1973 κεφαλῆς.
801 1931 831 1973 17.

489 1982 573 2024 λαβόντες
583 1983 627 2018 θεοῦ
635 1984 705 2029 γνῶσιν.
719 1978 744 2018 ib.
768 1978 833 2027 Ἀρχίην

490 2035 509 2071 δέ
524 2035 621 2082 ἐλάμβανεν
632 2036 653 2071 τδ
667 2034 715 2082 παρά
728 2036 766 2083 θεῷ
779 2034 833 2082 άπηρ-

491 2088 577 2136 τισμένον.
590 2101 619 2139 19.
648 2087 737 2135 ὁμοὴθειιιν
746 2090 791 2139 θεοῦ
801 2089 832 2124 λα-

490 2145 557 2187 βόντες.
572 2142 639 2193 Magn.
650 2143 667 2181 6.
696 2143 747 2191 χάριν
754 2142 778 2189 μὴ
787 2142 832 2187 εἴλη-

491 2198 548 2246 φέναι.
557 2198 575 2235 8.
595 2198 680 2244 ἐλάβομεν
687 2197 707 2233 τά
713 2195 804 2234 πιστεόειν.
814 2207 831 2244 9.

491 2253 514 2288 Τό
528 2252 561 2301 γὰρ
572 2252 684 2299 ἐξεμπλάριον
693 2252 722 2298 τῆς
734 2251 800 2298 ἀγάπης
813 2249 832 2286 ῦ-

491 2310 527 2352 μῶν
535 2306 607 2350 έλιιβον,
617 2303 673 2342 Trall.
685 2317 702 2352 3.
726 2303 779 2351 ἡδέως
787 2306 831 2350 λαμ-

490 2361 539 2403 βάνει
552 2360 571 2396 ἐν
583 2359 639 2405 ἡδονῇ.
655 2359 672 2395 6.
703 2358 766 2395 ὧςνκαί
779 2357 832 2395 πλέον

490 2412 564 2460 ᾐτούμην
572 2414 638 2457 λαβεῖν.
653 2411 708 2450 Rom.
718 2423 735 2448 1.
759 2412 832 2459 καθαρὸν

491 2468 529 2515 φῶς
537 2468 603 2511 λαβεῖν.
619 2466 636 2503 6.
665 2466 736 2509 Λάβετε,
746 2463 832 2513 ψηλαφη-

491 2521 534 2557 σατέ
548 2536 575 2568 με.
591 2519 667 2570 Smyrn.
682 2531 699 2567 3.
737 2519 766 2555 ἐὰν
781 2520 831 2563 λάβω

491 2576 547 2624 καιρὸν
565 2575 637 2612 εῦθετον.
656 2573 719 2624 Ροίγο,
735 2571 783 2610 Phil.
800 2585 830 2622 13.

491 2629 542 2678 μέρος
555 2629 662 2677 χαρίσματος
675 2629 745 2672 λάβωσι
756 2642 831 2675 πνενμα-

491 2686 542 2720 τικοῦ.
557 2681 615 2721 Mart.
630 2682 672 2733 Igu.
689 2694 706 2730 3.
744 2681 775 2728 τὴν
792 2683 832 2731 περὶ

491 2741 524 2774 σοῦ
544 2737 635 2786 ἐπίγνωσιν
653 2736 753 2784 εἶλίηφαμεν,
772 2735 830 2774 Mart.

492 2791 554 2842 Polye.
568 2803 597 2838 14.
626 2794 656 2828 τοῦ
668 2792 729 2835 λαβεῖν
740 2805 761 2838 με
775 2791 832 2840 μέρος.

491 2845 515 2884 ib.
547 2846 589 2892 μηδὲ
602 2846 622 2882 τὸ
637 2846 720 2895 λείψανον
734 2845 786 2882 αὐτοῦ
801 2845 832 2895 ὑφ’
880 2871 884 2877 ·

492 2900 538 2948 ιἠμῶν
546 2900 636 2948 ληφθῆναι.
655 2907 683 2949 17.
713 2900 731 2936 ἐκ
740 2902 771 2936 τοῦ
779 2900 833 2949 πνρδς

492 2955 590 3002 λαμβάνειν.
604 2953 629 2991 ib.

466 3010 546 3055 Λάμπειν.
569 3008 634 3056 Ἀστὴρ
644 3008 661 3044 ἐν
670 3009 735 3059 οὐρανῷ
744 3009 833 3058 έλαμφεν.

493 3063 535 3114 Ign.
547 3062 595 3113 Eph.
606 3075 635 3111 19.
