2017 3420
196 176 239 219 130

222 290 258 343 lya.
278 292 308 329 16.
337 291 401 342 σχεδόν
417 293 435 330 ἐκ
453 295 484 331 τοῦ
501 294 565 343 χρόνον

223 348 318 395 κεκμηκότα.
331 358 363 385 22.

195 401 275 452 Χρυσίου.
309 401 414 449 δοκιμώτερα
432 403 475 453 ὑπὲρ
493 400 565 452 χρυσίον

222 456 271 496 ὀστᾶ.
282 455 340 495 Mart.
351 455 415 508 Polyc.
426 458 455 496 18.
527 480 528 484 =

195 513 269 562 Χρυσίς.
297 515 433 559 προσκυνοῦντες
441 511 522 552 λίθους..
530 512 565 551 ,καί

221 567 292 616 χρυσόν.
313 565 373 605 Olem.
393 565 416 605 II
434 579 449 606 1.
483 569 506 606 ὡς
522 582 565 616 χρυ·

222 621 299 661 σὸς...ε’ν
310 622 374 673 καμίνῳ
386 621 496 672 πυρούμενος.
506 621 563 661 Marii.

223 675 328 728 Polyc.15.

196 735 264 781 Χρῖηια.
292 735 354 782 χρῶμα
366 734 411 769 θεοῦ
422 733 509 778 λαβόντες.
520 730 563 783 Igu.

223 785 274 838 Eph.
290 800 308 835 4.
342 786 376 825 ἀπό
393 788 457 827 παντὸς
474 788 566 837 ἀλλοτρίου

223 843 316 891 χρώματος.
327 840 385 880 Βοαα.
395 840 456 881 Inser.

196 898 251 946 Χρός.
274 895 323 935 όστις
331 897 391 945 τάχιον
399 900 430 934 τοῦ
439 898 505 947 χρωτὸς
514 898 565 934 αὐτοῦ

223 951 295 1001 ἅψηται,
305 950 365 990 Mart.
376 950 440 1003 Polyc.
452 964 481 1001 13.

196 1007 252 1055 Χεῖρα.
289 1009 427 1045 κατασκοπεῖααι
449 1007 479 1056 ,τόν
500 1008 563 1059 χώραν.

224 1058 284 1099 Olem.
303 1059 315 1099 Ι
332 1072 362 1100 12.
396 1061 467 1099 διανεύει
485 1062 519 1099 ἀπὸ
536 1065 566 1110 τῆς

222 1115 313 1166 Ἀραβικῆς
321 1117 385 1166 χώρας.
397 1124 428 1165 25.
452 1118 500 1154 Κατά
508 1118 566 1166 χώρας

223 1170 401 1221 οόν.,.κηρόσσοντες.
413 1183 445 1219 42.
532 1210 533 1214 ,

196 1228 268 1275 Χωρεῖν.
296 1226 306 1273 ἡ
324 1227 365 1274 ἀκοὴ
382 1227 402 1264 οὐ
418 1228 469 1274 μόνον
484 1227 508 1265 είς
523 1225 567 1275 ἡρκῖς

223 1281 314 1330 ἐχώρησεν.
333 1278 394 1320 Olem.
411 1280 423 1319 I
440 1288 471 1331 47.
507 1282 531 1320 είς
546 1282 566 1319 τό

222 1339 257 1385 πῦρ
275 1337 295 1373 τὸ
312 1335 403 1382 ἄσβεστον
420 1336 502 1387 χωρήσει.
522 1334 564 1387 Ign.

223 1388 272 1442 Eph.
289 1391 320 1429 16.
354 1391 427 1431 ἕκαστος
442 1392 466 1431 είς
481 1393 511 1429 τόν
524 1389 566 1430 ἴδιον

150 1443 152 1448 ’
223 1447 276 1483 πόντον
291 1445 353 1494 με’λλει
372 1448 440 1497 χωρεῖν.
460 1444 526 1497 Magn.
546 1455 565 1495 5.

224 1500 248 1540 είς
265 1500 294 1538 ἕνα
312 1500 352 1538 όντα
370 1502 397 1539 καὶ
416 1501 527 1551 χωρήσαντα.
547 1509 564 1550 7.

224 1556 244 1592 οὐ
260 1555 357 1603 δυνηθέντες
371 1557 455 1606 χωρῆσαι.
472 1554 530 1594 Trall.
547 1565 564 1604 5.

223 1609 243 1647 ‘0
253 1614 314 1660 χωρῶν
322 1610 405 1660 χωρείτω.
416 1609 492 1662 Smyrn.
504 1611 521 1650 6.

197 1665 268 1714 Χωρίον.
299 1665 317 1702 ε’ν
332 1667 380 1716 τόπῳ
395 1667 460 1716 χωρίου
475 1665 565 1714 Ῥωμαίων.

224 1718 268 1771 Igu.
278 1718 334 1759 Rom.
345 1718 407 1759 Inscr.
432 1721 456 1759 εῖς
464 1720 522 1771 ἕτερον
530 1737 565 1769 χω-

223 1777 261 1824 ρίον
269 1775 354 1813 ἀπελθεῖν.
365 1774 424 1814 Mart.
434 1774 498 1826 Polye.
510 1783 527 1825 7.

197 1830 257 1880 Χωρίς.
282 1831 338 1879 Χωρὶς
347 1829 408 1868 ποότου
416 1831 469 1879 μηδὲν
478 1832 516 1880 ὑμῖν
524 1846 565 1880 πρε-

224 1884 275 1923 πέτω.
290 1884 335 1937 Ign.
351 1884 400 1937 Eph.
415 1897 445 1923 11.
479 1886 532 1935 χωρὶς
548 1885 566 1923 δὲ

224 1940 275 1977 αὐτοῦ
284 1942 339 1978 πάντα
347 1941 464 1989 πράσσουσιν.
473 1939 538 1992 Magn.
547 1952 565 1988 4.

225 1995 274 2042 ζῖησαι
282 1994 336 2044 χωρίς
348 1996 405 2034 αὐτοῦ.
416 2007 433 2044 9.
462 1996 518 2045 Χωρλς
526 1995 565 2033 ταό-

216 2064 258 2087 -των
267 2050 348 2096 ἐκκλησία
357 2050 377 2086 οὗ
388 2051 469 2087 καλεῖται.
479 2049 536 2088 Trall.
548 2063 566 2099 3.

224 2106 234 2141 ό
243 2104 296 2153 χωρὶς
304 2104 538 2153 ε’πιακόπου...πράσσωντι.
547 2112 565 2154 7.

224 2157 249 2196 ὅτ’
262 2159 283 2197 ἀν
298 2160 337 2207 ὑμῖν
352 2160 406 2208 χωρίς
418 2158 476 2206 Ἰησοῦ
490 2162 567 2208 Χριστοῦ

224 2215 269 2261 λαλῇ
278 2229 308 2253 τις.
320 2226 338 2263 9.
368 2213 389 2250 οιί
396 2214 451 2263 χωρίς
459 2215 479 2251 τδ
488 2214 567 2262 ἀληθινὸν

225 2270 254 2316 ζῆν
262 2269 295 2317 οὐχ
304 2269 371 2318 ἔχομεν.
381 2267 407 2307 ib.
436 2269 504 2318 κεφαλὴ
514 2270 567 2318 χωρίς

224 2323 321 2372 γεννηθῆναι
330 2323 370 2361 ἀνευ
379 2326 440 2372 μελῶν.
454 2335 483 2361 11.
512 2326 567 2373 Χωρὶς

223 2381 254 2415 τοῦ
268 2379 363 2417 ἐπισκόπου
376 2379 429 2427 μηδὲν
442 2381 512 2417 ποιεῖτε.
523 2377 567 2416 Phi-

223 2432 262 2471 lad.
273 2442 290 2483 7.
320 2435 384 2481 Μηδεὶς
395 2434 449 2484 χωρίς
459 2437 490 2471 τοῦ
499 2433 567 2472 ε’πισκό-

224 2504 257 2526 που
266 2504 283 2526 τι
291 2490 392 2538 πρασσέτω.
400 2487 477 2540 Smym.
486 2490 504 2527 8.
532 2505 567 2537 χιι-

224 2544 250 2592 pk
264 2545 340 2591 τῆς...ε’κ
354 2547 388 2581 τῶν
402 2544 450 2591 ἥλων
464 2543 566 2593 ἀσφαλείας.

224 2596 283 2638 Mart.
293 2598 356 2650 Polyc.
367 2611 397 2648 13.

195 2655 293 2702 ’Χωρισμός
321 2655 349 2692 ἐπὶ
358 2657 382 2704 τῷ
391 2654 422 2702 ἀφ’
432 2654 479 2702 ἡμῶν
487 2653 567 2701 με’λλοντι

224 2712 313 2760 χωρισμῷ.
324 2707 384 2747 Mart.
394 2707 438 2759 Igu.
447 2717 466 2757 5.

198 2766 262 2812 Χῶρος.
283 2768 340 2813 χῶρον
348 2765 430 2809 εὐσεβῶν.
442 2762 501 2802 Olem.
513 2762 524 2800 I
535 2771 566 2811 50.

198 2818 325 2867 Ψευδάδελφος.
349 2819 567 2868 ἀπεχόμενοι...τῶνψευ-

224 2873 320 2922 δαδὲλφων.
331 2873 396 2925 Ροίγυ.
406 2873 454 2913 Phil.
466 2875 484 2912 6.

198 2927 297 2967 Ψεόδεσθαι,
325 2929 346 2965 Ὃ
360 2930 477 2979 παραγγείλας
488 2929 512 2978 μὴ
522 2928 567 2978 ψεό-
580 2954 581 2957 =

225 2983 297 3026 δεαθαι,.
306 3015 310 3022 .
320 2985 377 3023 ,αὐτὸς
391 2985 411 3021 οὗ
426 2984 525 3034 ψεύσεται·.
534 3015 538 3023 .
547 2984 567 3021 ,εί

224 3038 247 3086 μὴ
257 3040 276 3076 τδ
285 3039 393 3088 ψεύσασθαι.
404 3037 463 3079 Olem.
474 3038 485 3078 I
497 3048 528 3088 27.

434 176 532 220 INDEX
547 175 720 220 VERBOR'UM

592 291 662 340 Ψενδίης.
676 292 697 329 τό
705 290 724 329 δὲ
733 290 803 335 ἕθος...,
811 288 844 327 εῖτε
852 287 919 336 ἀληθὲς,
925 284 958 325 είτε

619 346 688 397 ψευδές.
698 344 759 386 clem.
768 343 844 397 Fragm.
851 342 876 383 Vi.

592 401 754 441 Ψευδοδιδασκαλία.
778 396 958 439 ἀπολείποπες...πάς

618 456 792 507 ψευδοδιδασκαλίας.
801 454 864 507 Polyo.
875 450 925 491 Phil.
934 458 961 501 7.

591 511 736 562 Ψευδομαρτυρία.
762 511 863 560 ἀπεχόριενοι
875 507 955 555 πόσης...

618 566 771 618 ψευδομαρτυρίας.
790 563 854 616 Polyc.
871 561 922 602 Phil.
940 573 956 601 2.

617 623 683 673 μακρὰν
698 624 751 661 οόσας
766 620 823 669 πόσης
860 619 957 669 ψευδομαρ-

618 677 681 727 πυρίας.
692 690 710 725 4.

592 734 682 783 Ψηλαφᾶν.
692 731 735 785 Igu.
746 730 823 782 Smyrn.
832 742 850 780 3.

592 787 702 837 Ψιθυρισρός.
730 787 867 837 ἐγκρατευόμενοι
874 783 908 822 ἀπό
916 796 958 820 παν-

619 843 649 882 τὸς
670 842 784 893 ψιθυρισμοῦ.
808 838 867 879 Olem.
891 837 903 876 I
926 849 957 887 30.

618 897 746 947 ἀπορρίψαντες
763 895 794 946 ἀφ’
809 896 879 934 ἑαυτῶν.
887 924 892 932 .
899 893 958 943 ,ψιθυ-

618 951 739 1002 συννοοῦ-

591 1006 648 1056 Ψυχή.
668 1009 703 1046 τοῖς
712 1006 777 1055 όρρασι
785 1007 814 1054 τῆς
823 1006 887 1055 ψυχῆς.
898 1000 957 1042 Olem.

620 1061 672 1111 119.
707 1062 749 1110 μηδὲ
763 1060 869 1098 ίνδαλλέσθω
883 1059 893 1106 ἡ
908 1058 959 1108 ψυχὴ

619 1117 671 1164 ἡμῶν.
683 1129 694 1155 2
697 1129 715 1167 3.
743 1117 759 1153 οῖ
768 1115 874 1162 διστάζοντες
882 1114 913 1162 τὴν
921 1114 957 1163 ψυ-

619 1172 657 1221 χην.
680 1171 707 1210 ib.
744 1174 764 1218 τῇ
787 1170 849 1209 ε’λπίδι·
864 1167 958 1218 προσδεδέ-

620 1227 692 1265 σθωσαν
708 1228 724 1264 αῖ
738 1225 796 1276 ψυχαί
811 1224 863 1274 ἡμῶν.
881 1231 911 1273 27.
942 1223 960 1260 ἒν

620 1283 696 1330 ὁσιότητι
717 1282 782 1331 ψυχῆς.
806 1291 837 1330 29.
873 1279 904 1327 τὴν
923 1279 960 1328 ψυ-

620 1337 653 1386 χίην
667 1337 710 1387 ὑπὲρ
727 1340 761 1373 τῶν
778 1336 842 1385 ψυχῶν
857 1334 909 1383 ἡμῶν,
927 1345 957 1383 49.

619 1393 639 1429 τό
652 1392 730 1431 ταπεινόν
742 1392 772 1438 τῆς
785 1391 850 1440 ψυχῆς.
865 1396 897 1438 55.
926 1387 959 1439 δῴη

619 1447 667 1494 πόση
685 1447 844 1496 ψυχῇ,..πίστιν,
860 1445 893 1493 58.
930 1444 960 1481 τάς

620 1501 702 1541 ἀναιτίους
717 1500 782 1550 ψυχάς,
796 1499 819 1538 Π
830 1511 859 1538 10.
888 1500 906 1536 ε’ν
919 1498 960 1535 δυσί

620 1556 755 1605 σόρασιν...ρία
763 1554 819 1605 ψυχή.
829 1567 858 1593 12.
886 1554 958 1603 τὴνψυ-

620 1612 654 1661 χὴν
667 1610 714 1661 λέγει
731 1612 751 1648 τὸ
769 1612 811 1648 ἔσω.
828 1609 853 1649 ib·
881 1609 891 1656 ἡ
909 1608 960 1658 ψυχίη

621 1682 655 1704 σου
673 1667 725 1714 δῆλος
742 1666 788 1703 ἴστω
808 1665 826 1702 ἔν
845 1667 881 1704 τοῖς
903 1665 960 1702 καλοῖς

620 1722 681 1771 ἔργοις.
691 1719 717 1759 ib.
744 1720 830 1769 μακαρίζει
841 1723 874 1768 μοῦ
885 1719 896 1766 ἡ
908 1719 959 1768 ψυχὴ

620 1776 651 1823 τὴν
666 1777 690 1815 είς
706 1776 750 1814 Θεδν
763 1776 815 1812 αὐτοῦ
828 1776 900 1824 γνώμην.
915 1772 959 1825 Ign.

620 1829 693 1869 Philad.
717 1842 733 1869 1.
776 1830 800 1868 εἷς
821 1829 840 1867 όν
862 1829 960 1875 ἐλπίζουσιν

620 1886 676 1936 σαρκί,
693 1887 750 1936 ψυχῇ.
767 1896 798 1923 11.
827 1886 851 1923 εῖς
866 1883 960 1921 ἀνάστασιν

622 1942 718 1991 ...ψυχῆς
733 1955 752 1978 τε
765 1941 792 1978 καί
806 1941 890 1988 σώματος.
901 1936 958 1977 Mart.

620 1994 684 2046 Polye.
697 2008 726 2044 14.
754 1996 785 2034 τὸν
797 1997 866 2044 Σωτῆρα
879 1997 912 2031 τῶν
922 1994 959 2042 ψυ·

619 2051 714 2099 χῶνὴρῶν.
727 2062 756 2100 19.

592 2108 665 2155 Ψυχρός.
694 2107 715 2143 τὸ
730 2108 763 2154 πῦρ
779 2103 799 2151 ἦν
813 2105 870 2143 αὐτοῖς
883 2104 958 2153 ψυχρόν.

621 2159 678 2199 Maris.
688 2159 753 2211 Polye.
765 2172 782 2198 α.

593 2214 682 2262 Ψωμίζειν.
709 2216 791 2260 λαβόντες
801 2214 831 2253 τὰς
841 2214 889 2262 τιμὰς
898 2213 957 2256 αῧτῶν,

620 2270 687 2320 ἑτέρους
696 2270 793 2319 ἐψόηιισαν.
803 2267 862 2308 Olem.
872 2268 882 2307 I
893 2276 925 2316 55.

593 2325 670 2363 Ὠδῖνειν.
698 2325 726 2373 μὴ,
736 2325 759 2363 ὣς
772 2326 789 2362 σῖ
803 2324 897 2367 ὠδίνουσαι,
911 2323 959 2372 ε’γκα-

621 2384 680 2428 κῶμεν.
691 2378 750 2418 Olem.
761 2377 785 2417 Π
795 2391 811 2417 2.

593 2435 655 2473 Ὠθεῖν.
696 2434 770 2473 Ἐκεῖθεν
797 2437 838 2484 γοῦν
863 2432 958 2480 ε’όισθησαν.

621 2489 762 2542 Mm.1gn.6.

592 2545 670 2584 Ὠκεανός
683 2545 777 2596 ἀνθρώποις
790 2543 886 2594 ἀπέραντος.
899 2539 959 2581 (ίῖθΠι.

621 2599 675 2639 120.

593 2654 649 2704 Ὤρός.
682 2655 743 2704 θηρσὶν
757 2652 971 2703 ὠμοῖς...παρεβόλλετο.’

620 2708 678 2749 Mart.
688 2708 733 2761 Ign.
744 2710 762 2747 6.

591 2763 641 2815 Ὥρα.
670 2765 769 2815 ὡρισμέναις
785 2766 847 2813 καιροῖς
863 2763 890 2801 καί
904 2763 959 2812 ὥραις.

622 2818 684 2859 Olem.
703 2819 714 2857 Ι
733 2832 764 2868 40.
794 2817 913 2868 Ἐκδεχόρεθα
931 2816 960 2854 σόν

621 2875 660 2913 καθ’
669 2876 714 2926 ὤραν
722 2875 753 2923 τὴν
764 2874 854 2919 βασιλείαν
865 2876 895 2911 τοῦ
909 2874 959 2909 θεοῦ.

621 2929 686 2969 1112.
714 2930 793 2976 ε’νέκείνη
805 2931 826 2976 τῇ
839 2929 875 2978 όιρᾳ
887 2930 959 2972 βασανι-

621 2987 692 3034 ζόμενοι.
703 2983 760 3023 Mart.
767 2983 831 3035 Polyc.
840 2995 858 3022 2.
886 2983 914 3020 διά
921 2984 960 3031 μιᾶς

621 3042 665 3090 ὥρας
678 3042 708 3088 τὴν
719 3041 785 3078 αἰώνιον
796 3040 866 3077 κολασιν
877 3038 959 3087 ε’ξαγορα-
