1958 3490
135 268 136 271 Ἰ
177 274 178 277 ¹
256 218 295 261 DE
312 217 334 260 S.
350 214 470 259 luNArlr
485 213 645 258 EPISTOLIS.
786 212 801 255 li

102 338 167 393 puto,
183 333 239 391 quod
254 349 281 377 ne
298 348 341 375 una
357 335 389 375 est
404 346 441 388 per
457 330 584 387 quingentos
601 344 613 371 a
628 328 713 372 Christo
728 343 801 382 annos,

103 420 155 462 qnae
171 419 214 447 non
230 418 294 460 aeque
310 417 359 445 cum
370 399 471 457 Epistolis
484 398 619 443 Brevioribus
633 414 657 441 ac
672 412 720 440 cum
732 397 801 441 Inter-

102 473 178 532 polatis
193 473 291 517 conuenit
297 490 304 525 ;
320 487 345 516 ea
359 470 416 515 enim
430 470 542 528 inquibus
555 468 665 513 contendit
679 466 802 511 allusionem

102 558 146 587 esse
158 542 185 585 ad
197 541 302 598 Epistolas
314 539 404 598 Ignatii,
414 543 452 583 ant
465 539 575 597 praecipue
589 538 704 596 respiciunt
716 537 801 594 Episto-

101 613 132 656 las
143 612 260 665 Breviores,
270 614 307 654 aut
317 611 344 654 ad
354 609 466 667 Ignatium
478 626 521 654 non
533 608 638 667 pertinere
648 608 755 661 videntur,
765 612 802 651 aut

102 681 156 725 nihil
167 685 217 725 suut
227 681 254 724 ad
263 696 314 724 rem.

131 900 241 943 Hactenus
251 900 357 957 Excerpta
367 898 497 942 Russeliana.

130 969 283 1021 Brnrrmnrus,
294 984 312 1011 a.
322 978 384 1024 1740,
395 968 484 1011 Dissert.
495 968 503 1010 i
515 968 541 1011 de
551 968 625 1011 Oonst.
634 967 709 1024 Apost.
720 982 743 1023 p.⁴
751 979 800 1024 232,
809 973 890 1008 Boraeier.

100 1053 178 1082 novam
185 1038 312 1082 seutentiam
319 1038 443 1096 preferebat,
452 1040 563 1095 utramque
571 1036 650 1081 scilicet
657 1036 800 1094 Epistolamm

37 1130 39 1133 ·
100 1108 214 1153 editionem
229 1108 373 1152 authenticam
384 1123 435 1152 esse.
466 1113 480 1134 “
487 1107 608 1165 Ignatius‚”
618 1106 695 1164 inquit,
706 1113 720 1134 “
727 1106 800 1163 singu-

101 1184 116 1205 “
125 1178 151 1221 lis
161 1177 259 1222 Ecclesiis
269 1177 375 1235 Epistulas
388 1177 435 1221 illas
449 1176 540 1234 scripsit,
550 1192 602 1234 quas
615 1176 677 1221 hodie
690 1175 801 1233 ampliores

101 1254 115 1275 ‘¹
125 1248 227 1291 habemus
246 1252 268 1291 et
287 1247 424 1305 interpolatas
443 1262 549 1291 vocamus.
578 1246 661 1290 Deinde
680 1246 717 1291 ubi
736 1245 799 1303 Poly-

101 1324 116 1345 “
126 1333 200 1374 carpus
215 1332 264 1360 eum
279 1321 364 1374 rogaret
378 1317 404 1360 de
418 1317 521 1374 Epistolis
538 1317 581 1360 suis
598 1332 668 1361 secum
684 1315 800 1360 communi-

101 1394 115 1415 “
126 1387 451 1445 candis,Ignatius‚quiea1um
463 1387 589 1444 exemplaria
602 1403 645 1430 non
658 1386 756 1439 habebat,
766 1385 800 1429 vel

101 1464 152 1501 “ex
166 1456 273 1510 memoria,
287 1457 321 1500 vel
338 1473 364 1500 ex
380 1456 448 1513 primo
463 1457 554 1513 quodam
570 1460 591 1500 et
606 1456 701 1500 nondum
717 1456 800 1512 digesto

100 1533 115 1554 “
125 1530 234 1584 conceptu,
248 1542 261 1570 a
275 1526 366 1584 quodam
380 1542 466 1570 suorum
479 1526 526 1570 illas
541 1525 631 1571 describi
645 1525 733 1579 curavit,
747 1541 800 1582 quae

100 1603 114 1624 “
124 1595 186 1640 hodie
196 1595 299 1639 breviores
309 1599 401 1639 exstant.
431 1596 476 1638 Has
487 1596 614 1654 Polycarpus
625 1595 718 1652 collegit,
728 1598 750 1638 et
760 1595 799 1638 hae

100 1673 114 1693 “
125 1665 216 1709 notiores
226 1665 308 1708 erant.”

129 1736 215 1788 Contra,
228 1735 249 1777 J.
258 1736 283 1777 E.
291 1735 315 1777 Ο.
328 1735 468 1787 Soumumus,
478 1751 497 1778 a.
508 1745 570 1792 1795,
581 1723 684 1791 singulari
694 1749 799 1779 commen·
809 1746 890 1780 Schmidt.

99 1805 180 1848 tatione
201 1804 285 1848 Versata
302 1805 350 1847 aher
367 1804 399 1846 die
416 1805 532 1860 pedoppelte
548 1805 658 1847 Itecccoioa
677 1805 713 1848 aa·
729 1804 800 1862 Briesc

100 1876 134 1917 dec
151 1873 244 1928 [paraliae
263 1873 371 1930 inscripta,
391 1889 444 1931 quae
463 1874 542 1930 prodiit
561 1874 584 1916 in
605 1874 687 1917 Henkii
703 1875 800 1930 Mapacia

91 1945 135 2001 fiir
151 1943 256 1998 Beripara
272 1942 408 1998 Pdilocopdie,
426 1943 518 1998 Eacpccc,
536 1945 580 1987 aad
597 1943 799 1999 Kireleapeoaz'otte,

99 2013 186 2069 probare
201 2016 289 2056 conatus
303 2016 342 2065 est,
356 2027 394 2055 nec
408 2012 526 2069 longiorem
541 2029 578 2057 nec
593 2014 710 2057 breviorem
724 2015 800 2058 harum

94 2082 243 2138 ¹Epistolarum
253 2082 394 2125 recensionem
405 2097 457 2138 opus
466 2097 510 2126 esse
520 2082 608 2139 Ignatii.
635 2083 718 2127 “Idem
728 2088 800 2128 tamen

100 2158 114 2178 “
124 2151 157 2194 vir
167 2150 323 2203 doctissimus,”
333 2154 359 2194 ut
368 2151 437 2194 verbis
448 2152 498 2194 Jani
508 2168 548 2195 van
561 2152 632 2196 Gilse¹
641 2157 697 2206 utar,
704 2159 719 2180 “
725 2153 800 2196 deiude

100 2227 114 2247 “
125 2220 252 2264 sententiam
269 2236 329 2263 suam
348 2221 380 2263 ita
396 2220 496 2274 mutavit,
513 2225 539 2264 nt
554 2223 601 2280 jam
621 2226 701 2280 septem
718 2223 801 2280 Ignatii

99 2296 114 2316 “
123 2290 236 2346 Epistolas,
253 2306 264 2333 e
280 2290 374 2333 breviore
389 2290 518 2344 recensione,
535 2290 553 2334 si
568 2308 580 2335 a
594 2293 702 2335 nonnullis
718 2292 800 2336 serioris

100 2365 114 2385 “
124 2359 224 2416 temporis
235 2358 384 2402 additamentis
394 2359 495 2413 discedas,
503 2361 606 2417 genuinas
617 2366 639 2405 et
648 2377 707 2405 veras
718 2362 800 2419 Ignatii

100 2434 114 2455 “
125 2444 168 2471 esse
179 2428 285 2485 Epistulas
300 2433 373 2472 contra
388 2429 504 2472 Semlerum
519 2430 629 2474 defendere
643 2431 700 2474 haud
715 2431 798 2474 dubita-

100 2504 114 2524 “
124 2499 185 2542 verit.
216 2499 249 2541 Of.
269 2499 420 2542 Oboeroatioaca
435 2500 482 2542 aba
495 2500 528 2543 dic
540 2500 669 2556 Ipaaaiocdea
684 2501 761 2559 Bciese,
776 2502 799 2544 in

100 2574 114 2594 “
124 2570 160 2611 der·
177 2569 292 2612 Baliarici·
303 2570 346 2627 sr'c'r
365 2570 435 2613 Krita'lc
454 2571 498 2613 acad
516 2571 601 2626 Idrcpere
620 2573 654 2614 deu
670 2572 698 2613 N.
717 2572 738 2613 Τ.
757 2573 800 2615 arrd

100 2644 114 2663 “
125 2639 197 2682 artesae
213 2639 416 2694 Kueteapecelaetre,
437 2641 504 2698 1463
520 2655 565 2696 sq.;
591 2640 674 2683 Vercacd
695 2641 742 2683 aaa
761 2641 799 2683 dea

76 2732 79 2741 ·
99 2711 114 2731 “
128 2707 229 2763 Is'r‘sprrcap
249 2710 284 2751 der
300 2708 443 2752 Kassandreia
459 2710 540 2762 Kirclrc,
558 2709 585 2751 ib.
603 2713 622 2751 ΙΙ
637 2709 644 2750 i
661 2725 682 2765 p.
701 2722 709 2751 1
720 2727 726 2761 ρ
752 2710 799 2753 iiber

100 2776 162 2818 “dea
185 2778 259 2820 Karrea
282 2779 316 2821 dec
335 2779 435 2833 [piratica
461 2783 490 2821 111
510 2794 531 2834 p.
548 2792 589 2836 299
607 2793 637 2834 sq.
678 2779 743 2822 Haud
767 2779 799 2823 ita

100 2849 114 2869 ‘¹
124 2845 216 2889 multum
231 2847 257 2890 ab
273 2849 312 2891 hoc
329 2848 442 2891 Schmidtii
456 2848 535 2905 judicio
550 2848 632 2891 diversa
646 2851 678 2891 est
693 2850 799 2894 sententia

120 2956 130 2974 x
141 2951 163 2983 Iu
175 2953 319 2988 commentatione
333 2956 354 2989 de
367 2956 438 2989 Patrum
449 2958 509 2999 Apost.
522 2956 603 2989 Doctrina
615 2956 682 2993 Murali.
694 2968 750 3001 quam,
761 2969 799 2992 cum

97 3006 162 3039 duabus
169 3009 206 3042 aliis
214 3010 288 3052 ejusdem
296 3013 391 3054 argumenti
401 3013 446 3055 legas
454 3013 471 3044 in
478 3012 541 3045 Annal.
550 3012 605 3045 Acad.
614 3012 668 3055 Lugd.
677 3013 715 3047 Ba.
727 3017 774 3057 1832,
784 3026 798 3057 3.

446 3082 484 3123 ga
