2061 3403
208 170 222 211 8
431 171 433 178 “
455 170 475 214 S.
492 168 658 215 suauitatis

206 282 345 355 ἐξέκαυσαν,
358 283 422 340 ὥστε
434 284 463 342 τὸ
479 287 569 356 σεμνὸν
578 290 616 343 καὶ
627 285 769 359 περιβόητον
780 289 818 342 καὶ
829 290 904 341 πᾶσιν

207 368 519 442 ἀνθρώποιςοὶξιαγοίπητον
531 373 606 442 ὄνομα
618 376 683 442 ὑμῶν
694 372 806 444 μεγάλως
820 371 917 439 βλασα

207 458 352 529 φημηθῆναι.
397 458 443 517 Τίς
467 458 515 530 γὰρ
539 460 737 531 παρεπιδημήσας
760 458 820 532 πρὸς
844 461 903 527 ὑμᾶς

206 538 254 608 τὴν
271 539 403 613 πανάρετον
424 545 464 598 καὶ
485 545 586 610 βεβαίαν
604 549 669 615 ὑμῶν
690 547 774 602 πίστιν
792 547 834 601 οὐκ
851 546 901 599 tto·

206 626 323 696 κίμοισεν;
348 627 392 697 τήν
410 652 437 683 τε
458 629 577 704 σώφρονα
597 633 635 687 καὶ
654 634 742 701 ἐπιεικῆ
760 633 784 686 ἐν
802 633 923 704 Χριστῴὅ
950 626 951 631 ¹

205 713 326 779 εὐσέβειαν
339 716 380 769 οὐκ
397 714 546 786 {euriporum
567 717 648 774 καὶτὸ
664 717 844 789 μεγαλοπρεπὲς
859 719 901 785 τῆς

205 799 344 873 φιλοξενίαις
356 803 422 870 ὑμῶν
434 800 492 870 ἦθος
502 806 549 859 ὀὐκ
559 803 685 876 ἐκήρυξενς
707 806 746 860 καὶ
757 802 800 872 τὴν
812 804 901 858 τελείαν

206 886 245 941 καὶ
261 889 364 961 ἀσφαλῆ
381 893 475 957 γνῶσιν
490 890 531 944 οὐκ
546 889 687 961 ἐμακάρισεν
695 912 702 956 ;
723 888 905 960 ἀπροσωπολήὲ

204 996 270 1032 πτας
284 972 333 1044 γὰρ
350 973 429 1030 πάντα
447 976 548 1042 ἐποιεῖτε,
564 978 602 1031 καὶ
616 980 665 1034 τοῖς
684 974 764 1043 νόμοις
781 981 823 1031 τοῦ
838 979 900 1031 Θεοῦ

205 1132 274 1175 τοῦτον,
292 1131 326 1169 ίπὸ
343 1131 423 1170 ἀπονοίας
443 1131 540 1178 ἐξέκαυσαν,
572 1128 591 1184 [ξ
601 1144 619 1182 9,
632 1143 650 1183 p.
662 1131 688 1181 69
703 1130 732 1170 ed.
743 1127 824 1184 Potior]
843 1133 853 1168 ὁ
868 1131 899 1179 μὲν

204 1196 265 1235 usque
280 1184 332 1234 adeo,
341 1197 391 1236 ριαο
404 1184 495 1235 ςνρονὸιιι
510 1198 541 1225 aa·
567 1186 600 1236 γὰρ
614 1183 673 1240 (θεὸς)
687 1185 706 1223 ἐκ
720 1184 785 1224 δούλαν
798 1185 843 1224 υἱοὺς
857 1185 899 1234 ἡμᾶς

204 1238 320 1279 condemnat:
329 1239 353 1278 ad
362 1239 446 1279 auctoris
455 1242 540 1279 mentem
566 1241 645 1290 γενέσθαι
660 1239 749 1286 βούλεται·
762 1241 778 1277 οἶ
792 1241 810 1278 δὲ
826 1241 853 1278 καὶ
865 1241 898 1278 atat

204 1298 256 1333 reete
265 1293 347 1346 quidem.
366 1293 404 1334 Sed
413 1293 489 1334 minore
497 1307 539 1334 mu·
565 1295 644 1344 γενέσθαι
656 1294 812 1345 ὕπερηφανὴκασιν.
833 1292 859 1332 Ὢ
868 1296 898 1343 τῆς

202 1347 276 1388 tatione
289 1348 425 1401 reponendum,
439 1350 463 1389 εἷς
475 1353 537 1388 τοσοῦ-
564 1348 643 1389 ἀπονοίας
669 1350 753 1398 auitas!
780 1351 810 1388 τὸν
836 1349 898 1399 Κύριον

202 1419 233 1441 τον
239 1404 309 1452 ἀπονοία
315 1403 346 1444 vel
352 1404 432 1443 ἀπονοίας
439 1404 537 1451 ἐξέκαυσαν,
565 1403 703 1453 ε’παισχίνεσθε5
713 1419 749 1442 aer.
755 1405 773 1442 λ.
787 1415 848 1456 neque
860 1402 898 1443 aliu

202 1457 226 1497 ιἰι
243 1464 325 1508 tonsura,
340 1471 377 1510 ριν
393 1458 537 1509 οινιοραιαίίααι,
564 1456 633 1498 hocin
646 1457 690 1498 loeo
703 1457 767 1511 aptior
780 1471 820 1498 esse
833 1462 898 1510 potest

201 1512 233 1553 vel
246 1513 325 1553 οιαίοννιι
338 1513 448 1563 audaciora
459 1512 538 1565 uastae
563 1511 619 1565 hujus
640 1512 694 1553 vocis
716 1511 835 1565 significatio,
857 1512 897 1553 eive

202 1574 288 1608 νιυνννιν.
310 1567 363 1608 Nam
375 1569 447 1608 ἀπόνοια
461 1569 538 1617 σημαίνει
564 1580 607 1607 eum
620 1567 679 1609 MSto
693 1571 713 1607 et
729 1566 786 1608 editis
801 1566 899 1608 codicibus

202 1623 238 1668 δίο,
247 1625 278 1673 τὴν
288 1623 403 1674 ὑπερηφανίαν
415 1625 443 1661 καὶ
454 1624 485 1672 τὴν
496 1624 537 1674 θρα·
563 1621 647 1676 legamus
669 1624 694 1662 εἷς
711 1626 794 1661 τοσοῦτον
811 1623 895 1670 ἀπονοίας,

202 1677 273 1726 σίτητα,
292 1677 341 1718 sicut
361 1677 389 1717 ait
407 1677 537 1730 Etymologioi
563 1676 655 1717 siveoum
664 1676 896 1717 Βοὶεἰοεῖςτοσαῦτονὺπὸ

202 1732 269 1784 Magni
279 1732 366 1785 vscriptor
374 1745 380 1782 3
398 1736 419 1772 et
437 1731 475 1772 huo
492 1746 536 1772 eoa·
562 1733 643 1773 ἀπονοίας.
659 1731 764 1772 Eodemin
773 1744 829 1772 sensu
835 1731 896 1784 expli-

201 1787 255 1827 venit
268 1787 299 1827 vel
312 1787 363 1837 haee,
372 1788 403 1827 vei
416 1786 451 1826 illa
464 1787 536 1840 signifi-
562 1787 621 1827 aenda
634 1792 663 1828 est
676 1787 724 1827 haee
732 1800 771 1827 vox
782 1786 896 1840 §46,huJ'us

201 1841 257 1882 catio
272 1841 359 1883 DAVIS.
383 1842 446 1881 Ἀνοια
458 1842 536 1894 proprie
562 1841 756 1894 Epistolaeuouu
781 1841 864 1894 Optime,
873 1845 896 1881 ut

200 1897 310 1947 amentiam,
321 1896 414 1937 insaniam
428 1896 535 1949 signifieat3
561 1896 582 1935 in
590 1897 633 1937 Vet.
644 1895 731 1938 Glossis:
747 1896 843 1946 6Ἀπόνοια,
852 1910 895 1936 οοα-

201 1965 237 1991 nee
245 1951 320 1996 inficior
328 1953 409 1991 ἀπόνοιαν
416 1951 470 1991 idem
478 1951 536 2004 signi·
563 1951 667 2000 ίαναονοιά,
683 1951 780 1991 damaeta
790 1966 796 1991 :
819 1952 894 2006 ἀπονοίᾳ,

200 2006 263 2056 tiuare,
272 2006 310 2047 vid.
321 2006 373 2047 Suid.
383 2011 406 2046 ut
419 2010 440 2046 et
449 2006 536 2058 despera·
562 2006 683 2046 ‘temeritate
711 2006 855 2055 Ἀπονενοηρένος,
870 2012 895 2045 te-

200 2061 275 2101 tionem
287 2065 349 2101 ortam
360 2075 384 2101 ex
395 2061 454 2101 rebus
467 2060 535 2110 malis3
564 2061 678 2110 ίιιιονονιίιι,
684 2060 771 2100 datam!
780 2060 830 2100 Vide
835 2060 895 2100 Theo-

200 2116 237 2156 hoo
250 2120 315 2156 tamen
328 2117 349 2156 in
362 2116 403 2156 loeo
418 2115 473 2155 innui
484 2115 536 2156 vide-
562 2114 634 2168 phrasti
642 2115 698 2155 Ohaa.
706 2128 721 2155 ο.
728 2114 760 2164 vii,
766 2117 805 2166 περὶ
810 2116 894 2161 ἀπονοίας,

200 2175 234 2212 tur
240 2170 330 2224 superbia
338 2171 370 2211 illa
377 2175 397 2211 et
403 2170 462 2210 elatio
471 2170 535 2221 animi,
562 2174 582 2210 et
591 2184 606 2210 ο.
612 2183 658 2220 xxv,
667 2171 707 2220 περὶ
715 2171 833 2220 ὑπερηφανίας,
841 2174 861 2210 et
869 2170 894 2210 ad

200 2226 252 2266 uude
264 2225 365 2279 praecipue
378 2225 469 2265 oriuntur
479 2224 536 2265 sohis-
562 2224 595 2265 illa
608 2224 747 2266 casaubonum.
762 2223 835 2264 OLER.
863 2224 895 2264 Ad

199 2285 253 2321 mata
266 2285 286 2322 et
299 2281 390 2329 haereses,
400 2284 421 2321 et
434 2293 478 2332 qua,
491 2293 535 2332 pro·
560 2279 612 2320 loeos
624 2279 739 2320 aWottouo
751 2278 849 2329 indicatos,
861 2280 894 2319 ad-

199 2336 274 2376 ouloata
295 2336 390 2376 Ecclesiae
412 2334 535 2385 authoritate,
561 2334 595 2375 das
610 2334 708 2387 Chrysost.
724 2333 748 2373 de
762 2331 857 2374 Saaerdot.
871 2334 893 2375 iii

198 2392 311 2445 plerumque
324 2394 457 2444 propagantur
465 2404 471 2440 ;
487 2403 535 2442 quae
562 2389 597 2441 ξι,
606 2389 625 2430 vi
635 2390 645 2441 ξ
654 2402 684 2429 12.
709 2388 767 2428 Plura
780 2388 833 2429 dabit
842 2389 892 2430 Mat·

198 2446 277 2500 quidam
293 2446 407 2499 significatio
422 2445 441 2486 S.
452 2444 535 2497 Chryso·
561 2443 617 2494 thaei,
627 2444 645 2483 J.
654 2444 787 2495 Ohrysostomi
798 2444 893 2485 Humiliae

198 2499 535 2550 stomoestadeafamiliarisuadu-
561 2499 595 2539 IV.
615 2499 675 2539 Hom.
690 2498 717 2547 iii,
736 2501 776 2538 not.
792 2512 810 2549 3.
847 2501 893 2539 ἄνοια

198 2557 264 2606 bitem,
273 2570 391 2610 anunquam
399 2553 534 2595 haovoeeali-
561 2552 661 2594 Sohutzius
676 2553 736 2594 vertit
751 2553 832 2604 οαρανοα
846 2554 892 2595 αναί-

198 2617 229 2653 ter
237 2616 309 2653 utatur.
329 2609 532 2662 Vol.v,H0m.xxiii‚
560 2608 604 2649 titia
625 2608 677 2661 apud
698 2607 785 2659 Aeschyl.
805 2608 856 2661 Sept.
875 2623 890 2650 a

197 2667 245 2707 xxiv
260 2665 296 2722 [ed.
315 2667 371 2708 Savil.
391 2667 451 2706 Hom.
466 2665 493 2713 iii,
506 2664 532 2715 iv,
559 2663 617 2704 Theb.
630 2676 676 2713 40²·

197 2723 218 2762 in
236 2721 289 2773 illud,
309 2723 354 2764 Vidi
368 2721 484 2770 Dominum,
500 2720 532 2759 &a
590 2732 605 2759 1.
625 2721 644 2757 τὸ
660 2720 724 2767 σεμνὸν
739 2720 766 2757 καὶ
780 2717 888 2774 περιβόητον]

197 2777 249 2818 Esai.
264 2778 284 2818 vi
296 2791 311 2818 1.
326 2779 355 2818 ed.
371 2776 443 2818 Bened.
456 2780 503 2816 tom.
513 2774 534 2814 vi
561 2772 594 2814 sie
606 2773 655 2814 infra
668 2785 745 2826 quoque
759 2773 810 2825 ξιτ,
825 2776 845 2813 τὰ
861 2791 890 2814 πε-

196 2831 338 2888 p.112etsq.]
368 2832 426 2873 Idam
439 2831 499 2871 etiam
512 2834 532 2870 et
558 2830 600 2878 μνὸν
607 2831 637 2877 τῆς
644 2827 748 2880 περιβοήτου
756 2830 876 2879 φιλαδελφίας.

196 2888 248 2941 apud
261 2888 320 2930 Olem.
330 2888 423 2928 Alexand.
437 2885 533 2940 signifieat
587 2898 604 2935 3.
614 2884 685 2935 Τίςηὰρ
694 2882 839 2939 παρεπιδημήσας]
852 2885 890 2924 Ηίο
943 2913 945 2920 ,

196 2941 207 2990 ’ἡ
227 2945 301 2985 ἀπόνοια.
332 2943 411 2984 Oohort.
430 2941 456 2982 ad
474 2939 530 2981 uana
559 2938 783 2993 loaususqueadvooem
790 2940 890 2991 ἐπορεύεσθε
