1931 3420
298 235 335 279 ET
350 235 575 281 FORMULARUM.

88 347 150 392 ζῶντες.
167 339 225 380 Trall.
237 352 254 378 2.
290 340 310 377 οὗ
332 340 384 389 χωρὶς
405 341 424 378 τδ

87 398 166 446 άληθινδν
175 398 207 445 ζῆν
215 396 246 433 οὐκ
255 395 320 443 ἔχομεν.
336 405 354 443 9.
377 393 395 433 Ἰ.
402 401 422 434 X.

87 455 106 492 τό
119 452 199 500 άληθινδν
210 450 257 498 ἡμῶν
268 451 303 497 ζῆν.
319 447 393 500 Smyrn.
405 461 422 497 4.

86 509 109 557 μὴ
118 504 223 557 ἐμποδίσητέ
230 520 259 553 μοι
268 506 279 551 ζ
280 506 326 552 ῆσαι.
341 503 395 542 Rom.
405 505 421 543 6.

87 568 122 601 Ζῶν
126 563 191 613 γράφω
197 560 256 609 ύμῖν.7
259 588 263 597 .
276 557 321 609 ὕδωρ
327 559 345 596 δὲ
353 560 390 605 ζῶν.
398 558 422 598 ib.

63 649 65 652 .
88 618 122 656 Ούκ
134 618 159 655 ἐτι
170 614 216 654 θέλω
227 615 269 652 κατὰ
280 613 377 664 ἀνθρώπους
388 615 423 663 ζῆν.

87 675 104 711 8.
133 673 151 709 ἐν
160 672 208 718 πάσῃ
217 668 295 717 ἐπιεικείᾳ
304 671 348 706 θεοῦ
359 671 423 715 ζῶντος.

87 725 159 766 Ρῦἰίαό.
172 737 190 764 1.
218 724 260 762 κατὰ
271 724 338 771 Ἰησοῦν
351 726 425 774 Χριστόν

87 786 149 830 ζῶντες,
166 793 184 830 3.
213 779 270 829 κριτὴς
283 779 348 825 ζώντων
358 780 385 816 καί
398 795 424 817 νε-

86 841 133 887 κρῶν.
146 835 211 886 Polyo.
220 832 268 872 Phil.
277 846 293 872 2.
312 832 339 871 ἵνα
348 833 423 882 ζὴσωμεν

66 933 68 936 ,
85 894 103 931 ἐν
112 893 156 942 αὐτῷ
165 892 220 929 πάντα
229 889 310 937 ὑπέμεινε.
325 889 342 927 8.
361 890 423 929 πάντας

85 947 124 985 τοός
130 947 209 990 εὐσεβῶς
215 945 282 990 ζῶντας.
293 942 350 982 Mart.
357 943 398 995 Ign.
404 957 421 982 2.

85 1005 137 1048 ζῶντα
153 1000 238 1047 καυθῆναι,
254 997 310 1037 Mam
326 997 388 1050 Polyc.
402 1007 419 1048 5.

86 1060 137 1103 ζῶντα
153 1054 280 1102 κατακαυθῆναι.
297 1066 326 1098 12,
336 1052 369 1100 ὗῖε.
406 1053 422 1092 οί

86 1114 136 1159 ζῶσιν
145 1111 216 1148 ἐνώπιόν
225 1124 262 1147 σου.
279 1121 308 1157 14.
376 1145 378 1149 ,

59 1169 120 1215 Ζητεῖν.
149 1167 204 1213 ζητεῖν
216 1166 236 1202 τὸ
249 1164 351 1212 κοινωφελές
363 1166 420 1203 πᾶσιν.

85 1220 144 1261 (ίίθῐιι.
160 1219 171 1257 Ι
186 1220 217 1268 48.
260 1218 329 1266 άλὴθειο
349 1219 422 1268 γνησίως

85 1275 180 1325 ζητουμένη.
196 1273 273 1325 Fragm.
283 1272 307 1312 vi.
350 1273 422 1312 Ἐκεῖνον

84 1334 133 1380 ζητῶ.
148 1330 191 1381 Ign.
201 1328 258 1367 Rom.
268 1329 286 1367 6.
314 1328 334 1375 ἐξ
342 1329 422 1377 ὀνόματος

83 1387 146 1425 πάντας
164 1384 216 1433 ζὴτει.
232 1382 294 1434 Polyc.
309 1396 327 1431 4.
370 1384 421 1431 ζητεί-

84 1442 120 1479 σθω
129 1439 248 1489 Πολύκαμπος.
263 1437 320 1478 Μυτό.
330 1436 391 1489 Polye.
401 1452 419 1488 3.

84 1497 195 1543 ἐπιμενόντων
201 1498 236 1531 τῶν
242 1493 334 1541 ζητούντων
340 1494 393 1532 αὐτόν.
403 1495 420 1532 6.

84 1551 181 1597 ἐπέστησαν
190 1551 206 1587 οἱ
216 1550 301 1597 ζητοῦντες
309 1548 363 1587 αὐτόν.
376 1547 401 1587 ib.

57 1609 113 1656 Ζυγάς.
148 1605 196 1653 ἡμεῖς
209 1606 226 1641 οἱ
240 1604 273 1641 ὑπό
287 1605 316 1641 τόν
329 1604 379 1653 ζυγὸν
391 1605 420 1651 τῆς

82 1661 151 1710 χάριτος
160 1661 217 1697 αὐτοῦ.
233 1657 292 1697 Olem.
300 1658 312 1696 Ῑ
321 1659 349 1697 16.
373 1665 420 1708 Παμ-

83 1716 137 1753 θινίας
146 1717 202 1765 ζυγόν.
217 1713 259 1765 Ign.
270 1713 345 1765 Fragm.
353 1712 377 1752 vi.

57 1769 105 1818 Ζύμη.
133 1769 239 1819 Ὕπέμθεσθε
251 1768 280 1806 οὗν
288 1770 318 1817 τὴν
330 1769 379 1816 κοκὴν
391 1768 418 1815 ζύ-

82 1840 118 1873 μην.
129 1824 172 1875 Ign.
180 1824 245 1876 Magn.
255 1836 283 1862 10.
302 1824 419 1872 μεταβάλεσθε

83 1878 106 1918 είς
115 1880 153 1916 νέαν
162 1879 220 1928 ζύμην.
235 1877 260 1917 ib.

56 1935 98 1982 Ζωὴ.
126 1935 166 1973 τοὺς
177 1936 221 1984 πρὸς
233 1936 276 1981 ζωῆς
286 1933 378 1983 ἀνθρώποις
387 1949 419 1981 μα-

83 1988 126 2036 ζούς.
141 1988 201 2028 Olem.
213 1988 224 2026 Ι
235 2001 265 2027 20.
301 1988 333 2035 ζωὴ
347 1989 365 2025 ἐν
377 1988 418 2025 ἀθο-

82 2045 136 2093 νιισίη.
151 2053 183 2094 35.
212 2043 261 2091 Πύλη
274 2044 307 2094 γὰρ
316 2043 419 2091 δικαιοσύνης

81 2100 162 2149 ἅνεωγυῖα
172 2100 196 2138 εἷς
205 2098 252 2146 ζωὴν,
268 2100 299 2147 48.
327 2098 419 2137 ἀνάπαυσις

81 2158 110 2203 τῆς
123 2153 222 2202 μελλούσης
234 2154 324 2199 βασιλείας
337 2154 364 2191 καὶ
378 2154 419 2201 ζωῆς

81 2210 152 2247 αἰωνίου.
168 2208 192 2247 ΙΙ
204 2217 221 2258 5.
263 2208 355 2258 ληψόμεθα
377 2209 419 2256 ζωὴν

80 2265 150 2303 αἷόινιον.
167 2266 185 2303 8.
220 2262 247 2302 ἵνα
258 2264 288 2312 τὴν
299 2264 365 2301 αἰώνιον
376 2264 419 2311 ζωὴν

80 2320 198 2368 ἀπολάβωμεν.
209 2318 234 2358 ib.
254 2317 379 2369 ἐνὴάθανάτῳί
386 2319 418 2366 ζωὴ

80 2374 154 2422 άληθίνη.
170 2373 214 2426 Ign.
224 2372 273 2425 Eph.
285 2381 302 2423 7.
326 2373 362 2421 ἡτις
372 2374 419 2411 ἐστὶν

80 2429 124 2480 άμχὴ
138 2431 181 2478 ζωῆς
193 2431 221 2467 καὶ
229 2428 284 2468 τέλος.
296 2441 325 2477 14.
353 2427 391 2475 ἡμῖν
400 2428 418 2465 δὲ

81 2486 156 2535 σωτηρία
169 2485 196 2521 καὶ
209 2485 242 2532 ζωὴ
255 2485 324 2522 αίώνιος.
337 2484 366 2521 18.
395 2484 418 2521 εἷς

78 2542 167 2587 καινότητα
173 2540 228 2577 άϊδίου
236 2541 282 2587 ζωῆς.
291 2551 321 2589 91.
339 2538 417 2576 ἐπίκειται

80 2595 101 2631 τό
116 2594 146 2631 δύο
161 2597 210 2642 ὁμοῦ,
226 2594 237 2631 ό
251 2610 270 2631 τε
284 2595 353 2631 θάνατος
367 2593 393 2630 καὶ
407 2592 417 2640 ἡ

80 2648 203 2701 ζωῆμΜιιςΠ.
220 2658 237 2698 5.
283 2650 324 2686 κατὰ
342 2648 417 2697 κυμιοκὴν

80 2702 126 2751 ζωὴν.
142 2717 159 2754 9.
188 2705 198 2752 ἡ
209 2704 242 2752 ζωὴ
251 2704 296 2752 ἡμῶν
305 2704 387 2741 άυέτειλεν
396 2701 416 2739 δι’

79 2760 136 2796 αὐτοῦ.
149 2758 175 2797 ib.
210 2760 261 2809 άρτου
270 2761 318 2807 ζωῆς.
333 2757 387 2796 Rom.
398 2764 416 2806 7.

80 2813 147 2853 ιῖένναος
156 2813 197 2861 ζωὴ.
207 2813 232 2852 ib.
254 2815 275 2851 τὸ
282 2815 324 2863 θέμα
330 2812 418 2862 ιῖφθαρσία

80 2869 106 2905 καί
120 2869 152 2917 ζωὴ
167 2870 239 2908 αίὼυιος.
255 2868 317 2920 Polyc.
332 2880 348 2906 2.
394 2867 417 2905 εἷς

79 2923 173 2961 ἀνάστασιν
196 2926 239 2972 ζωῆς
264 2925 337 2962 αἰωνίου.
359 2920 415 2960 Mart.

80 2976 141 3029 Polyc.
155 2991 185 3026 14.

52 3032 103 3080 Ζώνη.
126 3033 183 3072 λύσας
191 3034 221 3081 τὴν
228 3034 280 3081 ζώνην
288 3035 344 3072 αὑτοῦ.
359 3031 415 3069 Mart.

79 3086 140 3138 Polyc.
152 3100 182 3137 13.

789 236 819 281 63

451 345 502 379 Ζῶον.
530 343 552 380 τὰ
563 342 663 380 εἰσελθόντα
671 343 689 380 ἐν
697 344 766 392 όμονοίη
777 345 817 390 (aa.

479 395 538 436 Olem.
550 395 561 434 I
571 409 588 446 9.
617 399 670 435 πᾶσιν
681 400 716 436 τοῖς
727 397 777 436 οὖσιν
790 398 817 436 ἐπ’

478 452 530 499 αὗτὴν
539 452 591 497 ζώοις.
608 463 637 489 20.
666 452 690 489 Τά
702 467 720 489 τε
732 453 817 501 ἐλάχιστα

477 509 511 544 τῶν
520 508 572 553 ζώων.
586 504 611 545 ib.
644 506 663 543 ἐκ
671 509 700 554 τῆς
709 508 777 555 ίκμάδος
785 511 817 545 τοῦ

478 562 616 608 τετελευτηκότος
625 562 674 606 ζώου.
689 569 719 610 25.
740 562 761 599 τά
770 577 789 599 τε
799 563 818 599 ἐν

479 615 521 663 αὐτῇ
538 616 572 661 ζῶα
586 617 675 664 φοιτῶντα.
690 628 721 666 33.
761 617 782 653 τὰ
799 618 818 654 ἐν

479 670 521 718 αύτῆ
545 671 582 716 ζῶα
608 670 771 721 πρυδημιουργὴσας.
790 670 816 710 ib.

478 725 502 761 Τό
512 725 546 775 γάρ
556 726 598 771 ζῶον
606 725 674 763 άκακίου
683 727 723 775 ἔχει.
738 725 815 777 Fragm.

477 792 516 818 Vlll·

449 834 547 884 Ἢγεῖσθαι.
575 835 711 883 ὑποτασσόμενοι
719 838 755 875 τοῖς
765 834 817 885 ἡγου-

476 890 533 938 μένοις
545 890 596 937 ὑμῶν.
612 888 671 929 Olem.
681 889 693 928 I
703 902 720 940 3.
751 905 815 939 μαρτυ-

476 944 531 994 μὴσας
542 945 570 983 ἐπί
581 948 614 983 τῶν
625 945 725 996 ἡγουμένων.
740 954 757 995 5.
788 947 816 983 καὶ

476 999 571 1049 ἡγούμενοι,
589 1001 631 1038 κατὰ
648 1001 677 1038 τόν
692 1000 763 1039 Ἰούδαν.
781 1012 813 1050 32.

475 1055 516 1094 τοὺς
534 1055 674 1104 στρατευομένους
689 1058 724 1095 τοῖς
741 1056 814 1107 ἡγουμέ-

476 1124 516 1148 νοις.
531 1116 562 1160 37.
598 1111 619 1148 τὰ
636 1111 762 1159 ἐπιτασσόμενα
780 1112 814 1149 ύπδ

475 1167 506 1201 τού
523 1164 610 1210 βασιλέως
627 1166 654 1203 καὶ
669 1169 703 1203 τῶν
718 1165 815 1216 ἡγουμένων

460 1267 462 1271 Ι
476 1219 555 1258 ἐπιτελεῖ.
570 1218 594 1258 ib.
624 1221 651 1257 καῖ
661 1222 722 1260 πάντες
732 1223 749 1259 οί
760 1220 813 1271 ἡγού-

475 1289 523 1321 μενοι
531 1273 621 1324 Αἰγύπτου.
635 1283 666 1324 51.
688 1277 750 1314 πολλοὶ
758 1278 812 1321 βασι-

475 1330 511 1368 λεῖς
529 1330 556 1367 καὶ
574 1329 666 1380 ἡγούμενοι.
681 1338 711 1379 55.
748 1331 775 1369 καὶ
791 1332 813 1368 τά

475 1385 548 1432 κοσμικέι
563 1388 615 1422 ταῦτα
630 1386 653 1424 ὣς
668 1385 749 1435 άλλάτμια
765 1385 812 1435 ἡγεῖ-

475 1438 558 1478 σθαι.Ιῖ
572 1447 588 1488 5.
625 1439 689 1487 Ἐκείνη
703 1441 767 1485 βεβαία
782 1442 811 1478 εύ-

474 1494 556 1543 χαριστία
565 1494 645 1543 ἡγείσθω.
658 1494 700 1546 Ign.
709 1493 784 1546 Smyrn.
793 1497 811 1534 8.

475 1548 537 1598 ἀγέλης
561 1551 613 1597 καλῆς
635 1549 730 1599 ἡγούμενος.
752 1549 811 1589 Mart.

474 1601 517 1654 Igu.
528 1616 544 1642 2.
564 1606 600 1643 ταῖς
606 1605 710 1652 ἐκκλησίαις.
719 1636 723 1644 .
733 1605 771 1642 Ιδιὰ
778 1609 813 1643 τῶν

473 1658 574 1708 ἡγουμένων.
590 1671 607 1706 4.
644 1659 715 1698 ἐκείνους
737 1660 755 1697 δὲ
778 1661 812 1710 οὐχ

473 1713 545 1763 ἡγοῦμαι
554 1713 616 1760 ἀξίους.
628 1712 685 1753 Mart.
694 1713 756 1766 Polyo.
766 1726 796 1754 10.

445 1767 543 1817 Ἡγεμουία.
572 1769 590 1805 ἐν
607 1771 658 1820 καιρῷ
676 1771 705 1817 τῆς
722 1770 812 1820 ἡγεμονίας

472 1824 546 1861 Ποντίου
555 1824 637 1862 Πιλάτου.
652 1822 694 1876 Ign.
705 1824 770 1876 Magn.
779 1836 810 1863 11.

442 1876 534 1916 Ἦδεσθαι.
564 1877 632 1917 τούτοις
654 1879 728 1927 ἐμμένειν
748 1880 811 1928 ἥδεται.

474 1931 534 1972 Olem.
548 1931 625 1985 Fragm.
636 1932 660 1972 vi.
696 1935 733 1984 οὐχ
750 1934 812 1983 ἡδομοι

472 1990 530 2038 τροφῇ
539 1988 611 2037 φθορᾶς.
626 1987 668 2040 Igu.
679 1987 734 2028 Rom.
745 1997 763 2040 7.

444 2041 515 2082 Ἡδέως.
543 2043 596 2091 ἡδέως
604 2044 669 2093 ἐγένετο
679 2045 734 2083 θυσία.
749 2042 810 2084 Olem.

473 2096 484 2135 I
494 2110 526 2147 31.
555 2097 597 2147 όπεμ
609 2101 619 2135 ὁ
631 2099 695 2148 ἀγνοῶν
703 2099 754 2147 ἡδέως
767 2102 812 2147 λαμ-

472 2154 525 2197 βάνει.
542 2151 584 2204 Ῑὲη.
594 2152 650 2192 Trall.
662 2154 679 2192 6.

442 2205 509 2246 Ἥδιον.
529 2208 575 2257 ἥδιον
583 2209 656 2247 διδόντες
667 2208 677 2256 ἡ
688 2211 810 2258 λαμβάνοντες.

473 2261 583 2302 Olem.12.

443 2316 512 2365 Ἣδονῆ.
531 2317 583 2366 ἡδέως
589 2318 671 2365 λαμβάνει
677 2318 695 2355 ἐν
701 2318 756 2365 ἡδονὴ.
764 2317 808 2368 Igu.

471 2371 529 2411 Τιύίί.
544 2372 561 2410 6.
592 2373 631 2409 οὐδὲ
646 2372 711 2419 ἡδοναῖς
723 2376 753 2410 τοῦ
769 2374 810 2417 βίου

471 2426 537 2466 τούτου.
557 2426 612 2465 Rom.
629 2435 646 2475 7.
691 2427 741 2474 ἡδονῇ
768 2430 810 2474 κακῆ

471 2482 630 2530 αἷχμαλωτίζουσιν.
646 2480 717 2520 Ρίιὶίαό.
729 2494 746 2519 2.

441 2534 501 2574 Ἠθος.
525 2537 546 2574 τό
558 2537 685 2585 μεγαλοπρεπὲς
695 2539 724 2584 τῆς
736 2536 792 2585 φιλοξ
801 2558 809 2564 -

471 2591 507 2630 νίας
522 2591 569 2640 ἡμῶν
584 2590 628 2637 ἦθος.
643 2589 702 2629 Olem.
716 2591 726 2629 I
738 2603 753 2630 1.
788 2593 809 2628 τό

470 2646 585 2696 άξιαγάπητον
593 2647 622 2692 τῆς
631 2646 696 2695 ἁγνείας
705 2645 750 2693 ἦθος.
766 2657 797 2683 21.

440 2700 506 2738 Ἥκειν.
534 2699 560 2738 ότι
572 2700 622 2747 ῆκασι
634 2704 770 2739 κατασκοπεῦσαι
778 2701 810 2747 τὴν

470 2756 534 2805 χώραν.
552 2753 610 2793 Olem.
625 2753 676 2793 112.
710 2757 755 2793 Πότε
771 2756 810 2803 ἥξει

471 2811 522 2847 αὐτοῦ
531 2810 541 2857 ἡ
550 2809 636 2853 βασιλεία.
650 2809 673 2847 Π
682 2822 711 2848 12.

443 2865 517 2902 Ἡλικία.
538 2864 568 2911 τὴν
577 2864 657 2902 ἐπιοῦσαν
665 2881 685 2913 τη
695 2866 750 2914 ἡλικίᾳ
759 2864 810 2903 σύνε-

471 2935 505 2958 σιν.
522 2917 703 2971 Olem.Fragm.vi.
732 2923 810 2971 συγχριῖ-
834 2964 837 2970 .

471 2974 512 3012 σθαι
521 2977 541 3021 τῇ
550 2973 605 3021 ἡλικίη
614 2978 644 3011 τοῦ
654 2975 751 3015 ἐπισκόπου.
764 2975 809 3027 Ign.

470 3028 537 3080 Magn.
549 3041 566 3078 3.
595 3029 625 3076 τὴν
634 3029 698 3076 ἡλικίαν
706 3032 758 3070 αὐτοῦ
770 3047 810 3069 κατ-

470 3087 554 3134 οικτεῖραι.
569 3082 626 3124 Μυῐῦ.
636 3083 676 3124 Pol.
688 3099 704 3136 3.
733 3088 764 3135 τὴν
773 3087 811 3134 ἡλι-
