1958 3490
378 687 574 752 JUDIOIA

462 837 490 865 DE

293 945 316 995 s.
336 916 463 995 remur
486 943 657 1001 nursicus,

201 1079 258 1116 'l'UM
271 1080 480 1124 PROLIXIORIBUS,
493 1080 549 1117 TUM
563 1078 747 1121 BREVIORIBU&

125 1196 157 1236 Ex
169 1196 212 1236 Viri
225 1195 325 1236 clarissimi
338 1196 351 1237 J
352 1197 418 1237 cannis
433 1196 529 1246 Pearsoni‚
544 1196 657 1237 (lestriensis
670 1194 767 1248 Episcopi,
777 1193 825 1233 Vin·

333 1285 387 1325 diciis
396 1284 510 1338 Ignetienis,
520 1289 614 1336 excerpta.

294 1471 330 1521 [Ex
343 1473 426 1510 Editione
439 1473 543 1511 Russelisna
554 1471 650 1521 sesamis]

125 1552 189 1614 SUB
203 1569 284 1627 Ignatii
293 1570 376 1614 nomine
389 1570 458 1628 primo
468 1571 518 1614 Tres
528 1570 634 1628 Epistolee
643 1569 665 1612 in
675 1570 743 1614 lucem
753 1569 823 1613 editae

123 1643 174 1683 sunt
189 1640 273 1683 Parisiis
288 1640 363 1684 Latine
379 1643 473 1694 tantum,
489 1640 517 1683 A.
528 1640 556 1683 D.
569 1650 631 1698 1495,
649 1639 675 1682 ad
692 1640 718 1682 Β.
729 1638 823 1682 Mariam

123 1725 172 1763 una,
186 1710 213 1753 ad
228 1711 250 1753 S.
262 1710 364 1753 Joanncm
377 1710 506 1767 Apostolum
520 1710 579 1753 duae.
609 1710 673 1752 Anno
685 1709 739 1766 1498
755 1708 822 1752 unde-

123 1779 165 1821 cim
179 1778 285 1835 Epistulae
302 1779 361 1832 aliae,
378 1778 469 1822 Latinae
486 1779 571 1836 pariter,
585 1795 611 1823 ex
625 1779 698 1822 Veteri
711 1778 822 1830 Versione,

123 1848 218 1891 nondum
231 1852 362 1904 comparente
378 1848 493 1905 exemplari
504 1849 590 1902 Graeco,
600 1864 613 1891 a
623 1849 690 1892 Fabio
701 1847 824 1904 Stapulensi

122 1917 180 1973 typis
195 1921 245 1960 sunt
260 1918 388 1974 impressae⁸¹
414 1918 470 1961 Tum
480 1933 529 1962 vero
540 1917 706 1976 Symphorianus
716 1917 822 1973 Champe-

122 1985 165 2029 rius
176 1987 331 2043 Lugdunensis,
343 1987 381 2030 has
396 2003 409 2030 a
423 1987 491 2031 Fabro
506 1988 579 2041 editas,
590 2003 638 2031 eum
651 1988 718 2031 tribus
733 1987 780 2031 aliis
795 1987 822 2029 ab
847 1992 849 1995 ’

121 2056 157 2099 illc
172 2056 261 2114 rejectis,
275 2060 297 2100 et
311 2060 384 2114 quarta
399 2057 426 2100 ad
440 2056 532 2100 Mariam
546 2057 698 2101 Oassobolitam
712 2072 822 2114 nunquam

122 2128 171 2169 ante
185 2125 299 2183 publicata,
313 2126 347 2170 edi
360 2126 455 2179 curavit3
471 2129 534 2184 atque
549 2127 579 2170 ita
593 2126 822 2182 tandemtluindecim

122 2195 204 2252 Ignatii
213 2196 320 2253 Epistolae
330 2195 476 2240 exstiteruntl.

150 2269 180 2312 Et
192 2269 243 2313 haec
253 2270 337 2327 quidem
350 2270 412 2314 facies
424 2271 446 2313 S.
455 2271 537 2328 Ignatii
551 2270 589 2314 sub
602 2270 663 2314 initio
677 2270 752 2314 decimi
766 2271 822 2314 sexti

121 2340 198 2382 saeculi
207 2340 261 2393 fuit5
277 2356 340 2397 quum
355 2341 399 2398 ipse
410 2341 477 2384 Faber
493 2340 623 2398 stapulensis
638 2341 681 2398 ejus
694 2341 820 2385 auctorisante
830 2350 928 2385 reuersis.

120 2412 221 2468 tanquam
242 2410 361 2454 indubitata
382 2410 406 2453 in
423 2410 495 2454 libello
512 2410 538 2453 de
553 2410 630 2453 Triduo
648 2410 727 2453 Christi
744 2411 820 2453 utitur.
829 2395 908 2439 palemis.

138 2543 148 2562 Β
155 2538 179 2571 Et
186 2538 275 2583 Polycarpi
281 2539 303 2571 ad
310 2539 425 2582 Philippenses
432 2538 526 2581 singularis,
533 2549 567 2571 una
575 2549 613 2571 cum
618 2538 698 2582 Dionysio
705 2539 819 2582 Areopagitae

120 2592 207 2637 adscriptis
221 2594 307 2637 Operibus.
331 2594 377 2635 Quae
389 2593 489 2638 [Epistolae]
502 2604 540 2626 cum
553 2593 611 2626 iisdem
623 2594 727 2637 Argentinae
740 2601 788 2635 1502,
801 2596 819 2625 et

119 2648 192 2688 Parisiis,
200 2660 210 2681 a
217 2650 283 2683 Judocc
293 2649 389 2683 Olichtoveo
400 2649 501 2692 recognitae,
513 2657 558 2691 1515,
572 2650 639 2683 seorsim
649 2660 694 2689 vero,
706 2649 818 2691 Argentoreti

121 2711 168 2746 1527,
177 2708 194 2738 et
205 2704 245 2738 alibi
256 2707 296 2738 sunt
306 2716 377 2738 recusae,
390 2705 472 2739 USSER.

141 2758 150 2785 ¹³
157 2761 202 2801 Hae,
211 2772 249 2794 cum
257 2761 322 2794 Latinis
329 2761 480 2805 Pseudo-Dionysii
487 2761 608 2806 antiquioribus
615 2760 728 2799 Versicuibus,
737 2760 818 2793 Coloniae

121 2815 167 2857 1536,
177 2827 215 2849 cum
223 2816 385 2850 Pseudo-Clementis
393 2817 482 2861 Operibus,
493 2818 511 2850 in
521 2816 675 2859 Microprmhytbo,
683 2815 759 2849 Basilese
769 2823 817 2858 1550,

118 2881 157 2904 oum
168 2883 212 2905 nova
223 2872 372 2916 Pseudo-Dionysii
379 2872 462 2906 Versione
473 2884 504 2917 per
511 2872 618 2906 Joachimum
629 2871 728 2913 Perionim,
738 2872 819 2906 Coloniae

121 2934 169 2969 1557,
182 2930 200 2961 et
212 2939 250 2961 cum
262 2928 425 2962 Pseudo-clementis
438 2929 525 2972 Operibus,
538 2927 599 2961 ibidem
612 2934 658 2969 1570,
671 2931 711 2961 sunt
722 2928 818 2971 impressas.

118 2981 199 3016 ussus.

147 3050 194 3081 voa.
205 3053 220 3081 1.
480 3039 494 3080 d
