2017 3420
151 215 194 259 100
403 214 501 258 INDEX
514 213 687 258 VERBORUM

177 316 247 364 χάμευοι
260 315 317 362 πάσης
330 315 399 358 ἀδικίας,
414 316 518 362 πλεονεξίας.

179 369 245 422 Polyc.
255 368 304 408 Phil.
316 383 333 408 2.

151 425 226 473 Πλῆθος.
241 425 452 474 πολὺπλῆθοςέκλεκτῶυ.
459 423 518 463 Olem.

179 479 190 518 Ι
201 481 219 519 6.
249 482 269 518 τὸ
280 483 314 518 πᾶν
322 480 388 528 πλῆθος
400 483 434 518 τῶν
442 479 521 530 άγγέλων

180 537 237 573 αὐτοῦ.
251 547 282 584 34.
311 536 368 585 ἀγάπη
382 534 462 586 καλιίπτει
476 537 519 582 πλῆ-

180 591 210 629 θος
219 594 309 638 ἁμαρτιῶν.
318 602 350 640 49.
378 591 448 628 αἰτεῖται
456 589 521 639 άφεσιν

180 648 204 697 τῷ
218 645 285 693 πλήθει.
303 653 335 694 53.
371 645 392 682 τά
407 647 520 695 προστασσό-

180 716 221 748 μενα
230 701 263 739 ὑπὸ
272 703 303 737 τοῦ
311 699 391 748 πλήθουςΙ
402 708 433 748 54.
459 701 479 737 τὸ
487 702 521 738 πᾶν

575 318 595 353 τὸ
608 315 759 365 πληροφορηθῆναι
772 316 811 355 τοῦς
824 314 912 354 ἀπειθοῦν·

573 386 610 410 τας.
621 370 663 422 Ign.
674 369 739 422 Magn.
751 372 768 409 8.
802 372 914 419 πεπληροφο-

573 426 636 476 ρίησθαι
645 429 664 463 έν
672 428 693 473 τῇ
701 425 784 475 γεννήσει.
795 437 824 463 11.
848 427 914 472 πεπλη-

574 479 681 530 ροφορημένη
692 481 710 518 έν
718 482 768 519 παντί
776 480 829 518 ’έλέεα
840 478 911 518 Ρίὶίίυά.

574 534 633 574 Inser.
661 535 914 585 πεπληροφορημένουςεῖςτὸν

574 590 636 641 Κῦριον
644 591 695 638 ἡμῶν.
706 588 782 641 Smyrn.
795 602 810 628 1.
839 605 914 640 παρακα·
942 613 943 617 =

573 645 655 685 λέσαντες
663 647 693 683 τὸν
706 644 770 695 Κῦριον
779 646 914 694 πληροφορῆσιιι

573 700 613 739 τοῦς
621 700 698 739 ἀσθενεῖς
706 696 754 748 ἡμᾶς.
764 698 821 743 Mart.
831 699 874 751 Ign.
885 706 902 749 7.

179 755 245 804 πλῆθος
257 755 349 803 ἐθεώρησα.
363 754 407 806 Igu.
420 753 485 806 Magn.
501 754 519 793 6.
547 756 666 805 Πληρυφορία.
680 756 723 803 μετά
731 755 850 805 πληροφορίας
859 753 914 792 Πνεῦ-

180 812 200 849 τὸ
213 813 247 849 πᾶν
256 810 322 858 πλῆθος
335 811 381 859 ὑμῶν
394 812 411 848 ἐν
423 811 468 861 αὐτῷ
480 810 521 847 θειο-

574 826 627 859 ματος
635 810 698 860 Ιληίου.
710 809 768 848 Olem.
779 809 790 848 I
800 821 831 857 42.

181 864 321 914 ρεῖσθαι.Τι·υΠ.
335 877 350 903 1.
369 863 522 913 ίναμίη...τῦε’ν
547 865 641 913 Πλήρωμα.
669 866 692 904 είς
701 864 785 913 πλήρωμα
795 865 846 911 δόξης
856 865 913 901 αὐτοῦ.

181 924 219 972 θεῷ
228 921 294 967 πλῆθος
302 920 432 969 βλασφημῆται.
442 921 461 958 8.
488 920 522 957 έκεῖ

181 977 201 1013 τὸ
211 975 277 1023 πλῆθος
287 976 338 1012 έστω.
354 973 431 1025 Smym.
441 976 459 1012 8.
488 977 522 1012 πᾶν

181 1031 201 1068 τὸ
208 1030 279 1078 πλῆθος,
287 1030 380 1077 θαυμάσαν.
388 1028 445 1067 Marii.
456 1028 519 1080 Polyc.

182 1097 199 1134 3.
229 1085 273 1123 άπαν
286 1085 306 1121 τὸ
319 1084 385 1132 πλῆθος
398 1084 450 1121 ἐθνῶν
463 1099 482 1121 τε
495 1085 522 1121 καί

576 919 636 958 elem.
646 919 722 971 Fragm.
733 918 772 958 viii.
787 919 889 969 εὐλογημένη
896 920 916 956 ἐν

574 975 642 1025 μεγέθει
647 978 691 1012 Θεοῦ
698 976 766 1023 Πατράς
773 976 800 1012 καί
808 976 912 1023 πληρώματι.

575 1029 619 1081 Igu.
628 1028 745 1081 Ephslnscr.
762 1028 811 1077 ίηνκαί
818 1029 915 1075 ἀσπάζομαι

575 1085 593 1122 έν
601 1088 625 1136 τῷ
634 1086 738 1134 πληρώματι.
749 1083 806 1123 Trall.
817 1083 877 1122 Inscr.

181 1140 273 1177 Ἰουδαίων.
284 1150 314 1177 12.
342 1139 522 1189 περιστερὰκαὶπλή·
550 1140 633 1187 Πλησίον,
650 1141 664 1178 ὁ.
699 1140 726 1177 έπί
741 1142 776 1178 τοῖς
790 1139 916 1188 παραπτώμασι

183 1195 213 1233 θος
222 1193 297 1240 αἵματος.
310 1194 341 1233 16.

155 1248 256 1297 Πληθῦνειν.
284 1249 337 1297 Χάρις
346 1249 385 1297 ῦμίν
393 1249 420 1285 καὶ
427 1248 483 1298 εἰρήνη
492 1280 495 1286 .
504 1278 508 1287 .
518 1277 522 1286 .

183 1303 291 1352 πληθυνθείη.
302 1302 361 1342 Olem.
372 1302 383 1341 Ι
392 1301 453 1342 Ιηεοτε
474 1304 524 1342 έλευς

184 1361 222 1408 ῦμῖν
230 1360 257 1396 καὶ
266 1357 322 1408 εἰρήνη
333 1388 348 1397 ..
357 1388 362 1395 .
370 1358 477 1406 πληθυνθείη.
487 1357 524 1396 Ρο-

184 1413 220 1466 lyc.
229 1412 278 1451 Phil.
285 1412 346 1452 Inscr.
365 1413 426 1462 εἰρήνη,
434 1414 461 1450 καί
469 1413 525 1463 ἀγάπη

215 1468 323 1516 πληθυνθείη.
331 1466 389 1506 Mart.
396 1467 525 1519 Polyolnsor.

157 1525 265 1572 Πλημμελία.
294 1523 345 1561 θυσία
355 1554 358 1560 .
367 1554 371 1561 .
381 1524 432 1571 Ιπερὶ
445 1524 526 1572 ἁμαρτίας

185 1580 212 1616 καὶ
220 1579 333 1625 πλημμελίας.
344 1576 405 1616 Olem.
416 1577 426 1616 I
437 1590 468 1626 41.

157 1633 232 1681 Πλήρης.
260 1632 326 1682 πλήρης
342 1632 439 1680 Πνεῦματος
452 1632 479 1670 ‘'A.
497 1634 524 1670 ἕκ·

577 1198 613 1233 τοῖς
626 1194 705 1242 πλησίον.
723 1192 782 1233 (llem.
797 1193 807 1232 I
821 1206 838 1231 2.
872 1194 914 1231 ὑπο-

577 1249 671 1288 τασσέσθω
683 1249 754 1288 ἕκαστος
764 1252 788 1300 τῷ
799 1249 874 1297 πλησίον
886 1249 913 1285 αὖ·

577 1307 614 1342 τοῦ.
625 1306 656 1353 38.
684 1304 753 1343 ἕοοτοῦς
764 1305 844 1342 θέλουσιν
850 1304 918 1351 μᾶλλον

579 1360 638 1398 αἰκίαις
649 1358 773 1409 περιπίπτεινῆ
784 1359 823 1397 τοῦς
835 1356 915 1405 πλησίον,

580 1423 610 1462 51.
641 1414 698 1462 μηδείς
712 1415 754 1451 κατὰ
769 1413 824 1463 σάρκα
837 1413 917 1457 βλεπέτω

579 1471 609 1507 τὸν
613 1470 693 1516 πλησίον.
701 1468 744 1520 Igu.
753 1468 818 1519 Magn.
828 1468 845 1505 6.
859 1467 917 1515 μηδείς

579 1525 626 1569 ὑμῶν
646 1524 688 1561 κατά
711 1527 742 1561 τοῦ
764 1523 840 1571 πλησίον
857 1522 916 1571 ἐχέτω.

578 1577 635 1616 ΤτειΠ.
647 1580 666 1617 8,
699 1581 728 1626 τῆς
737 1578 807 1629 ἀγάπης,
816 1580 846 1625 τῆς
856 1578 918 1615 ...είς

579 1636 609 1671 τὸν
617 1635 696 1681 πλησίον.
708 1632 772 1684 Polyc.
783 1631 830 1671 Phil.
843 1645 862 1682 3.

184 1703 241 1737 χυσις.
255 1686 365 1726 Olem.l2.
399 1689 455 1735 πάσης
469 1688 525 1726 κακίας
552 1691 622 1725 Πλοίου.
637 1690 696 1737 ὥσπερ
705 1689 754 1736 ὀθόνη
763 1687 916 1734 πλοίου...πλη-

184 1743 258 1793 πλήρεις.
273 1752 304 1791 45.
331 1742 397 1791 πλήρης
406 1743 429 1779 ὣν
438 1745 467 1790 τῆς
475 1744 524 1792 χάρι-

185 1814 214 1836 τος
223 1801 253 1835 τοῦ
263 1801 313 1835 θεοῦ.
323 1796 382 1836 Mart.
393 1796 457 1847 Polye.
468 1806 485 1846 7.

579 1742 656 1792 ρουμένη.
666 1742 723 1781 Mart.
734 1742 797 1793 Polyc.
810 1751 839 1791 15.
862 1751 864 1755 '

551 1801 615 1836 Πλοῦς.
626 1797 682 1846 ε’ίχετο
687 1800 780 1837 τοῦπλυός.
787 1796 892 1847 Ματῦᾶςῦ.
898 1808 917 1845 3.

157 1854 243 1902 Πληρυῦν.
281 1853 305 1891 είς
322 1851 342 1889 ῦν
357 1852 476 1902 πληρωθέντος
493 1856 524 1889 τοῦ
551 1853 645 1891 Πλοῦσιος.
673 1853 782 1891 ὀπλοῦσιος
796 1851 918 1902 ε’πιχορηγείτω

185 1910 252 1957 χρόνου.
269 1906 329 1946 Olem.
343 1906 354 1945 Ῑ
370 1915 400 1955 25.
443 1922 522 1945 πεντακο-

577 1911 601 1959 uf]
610 1911 679 1958 πτωχῷ.
690 1906 750 1946 (llem.
760 1907 771 1944 I
781 1909 812 1956 38.

186 1965 258 2000 σιυστοῦ
276 1963 324 2001 ἔπους
341 1962 477 2010 πεπληρωμένον.
495 1961 522 2000 ib.
550 1965 640 2000 Πλουτεῖν.
668 1963 694 1999 ὅτι
705 1964 793 2009 βλέπομεν
800 1963 840 2000 τοῦς
852 1961 919 1999 ἀδίκους

186 2017 278 2065 πληρῶσαί
295 2032 328 2065 μου
346 2017 377 2064 τήν
394 2016 466 2064 σίτησιν.
482 2016 525 2068 Igu.

579 2020 699 2056 πλουτοῦντας.
710 2016 770 2056 (llam.
781 2016 857 2068 Fragm.
866 2014 894 2054 ill.

186 2071 289 2120 Trall.13.
309 2071 445 2120 πεπληρωμένοις
457 2072 526 2120 χάριτος
553 2075 637 2111 Πλοῦτος.
665 2074 739 2110 πλοῦτος
754 2073 837 2111 πολλάκις
852 2072 920 2119 μᾶλλον

186 2130 235 2164 Θεοῦ.
248 2125 303 2164 Rom.
315 2125 376 2164 lusor.
402 2126 525 2173 πεπληρωμένη

579 2128 636 2165 πενίας
645 2127 712 2176 έθλιψε.
724 2125 782 2165 [llem.
793 2125 870 2177 Fl'agm.
880 2124 905 2164 lv.

117 2205 118 2208 =
186 2179 524 2231 e’vm'uretxalc’tytivm.Smyrn.lnscr.
553 2184 609 2219 Πνεῖν.
635 2181 662 2219 ἵνα
672 2182 838 2230 πυέῃτῇέκκλησίη
851 2181 918 2230 ἀφθαρ-

185 2237 213 2275 ‘iva
227 2237 309 2285 πληρωθῇ
324 2239 372 2273 πάσα
388 2235 484 2282 δικαιοσῦνη
500 2235 526 2273 ὑπ’

187 2293 243 2329 αὐτοῦ.
257 2304 273 2329 Ι.
302 2290 414 2339 πεπλήρωκεν
423 2291 492 2337 ἐντολὴν
501 2291 525 2327 δι-

581 2238 624 2275 σίαν.
636 2235 679 2287 Ign.
692 2236 740 2287 Eph.
753 2244 782 2286 17.
811 2237 834 2275 ὡς
845 2238 920 2279 λιβανω-

580 2294 610 2328 τοῦ
619 2291 703 2330 πνέοντος.
713 2290 771 2330 Mart.
782 2290 845 2342 Polye.
858 2299 887 2339 15.

187 2346 281 2393 καιοσῦνης.
291 2345 357 2396 Polyc.
368 2344 417 2383 Phil.
428 2358 446 2394 3.
474 2346 527 2396 φόβῳ
553 2349 627 2394 Πνεῦμα.
642 2346 707 2395 πλήρης
715 2345 812 2394 Πνεῦματος
824 2347 882 2399 Ἀγίου
892 2346 918 2382 έκ-

187 2403 214 2439 καὶ
237 2404 283 2450 χαρᾷ
306 2400 448 2449 πεπληρωμένοις.
467 2399 525 2438 Mart.

187 2457 229 2507 Igu.
241 2456 257 2493 6.
287 2456 369 2504 Ἰγνιιτίου
380 2456 488 2505 πληροῦσθαι
497 2456 528 2502 τήν

187 2510 278 2558 ἐπιθυμίαν.
289 2510 315 2548 ib.
343 2512 363 2548 τὸ
373 2513 467 2559 πρόσωπον
476 2511 527 2546 αὐτοῦ

187 2569 257 2615 χάριτος
272 2566 371 2614 ἐπληροῦτο.
388 2565 446 2604 Mart.
462 2563 526 2615 Polyc.

190 2634 220 2659 12.
249 2622 356 2669 πεπληρώκει
365 2621 386 2658 τά
394 2620 491 2669 κυνηγέσια.
501 2617 527 2657 lb.

187 2677 235 2720 Ἔδει
245 2677 278 2726 γὰρ
287 2677 307 2712 τὸ
316 2677 346 2722 τῆς
355 2707 359 2712 .
368 2707 371 2714 .
380 2705 384 2713 .
392 2674 476 2713 ὀπτασίας
485 2677 528 2721 πλη-

187 2733 265 2780 ρωθῆναι.
282 2729 307 2769 lb.
341 2731 488 2779 προεφανέρωσας
501 2731 528 2766 καὶ

188 2786 294 2834 ἐπλήρωσας.
308 2797 337 2832 14.
365 2787 488 2834 πληρώσαντας
498 2785 529 2831 τὴν

188 2840 244 2890 εῦχήν.
261 2849 290 2888 15.
327 2841 385 2889 ὥσπερ
401 2841 451 2888 ὀθόνη
467 2840 529 2878 πλοίου

189 2898 222 2933 ὑπὸ
230 2896 325 2942 πνεύματος
333 2895 445 2944 πληρουμένη.
456 2894 481 2933 il).

161 2953 287 3000 Πληροφορεῖν.
322 2950 481 2999 πληροφορηθέντες
502 2950 529 2986 διὰ

189 3008 219 3052 τῆς
227 3006 340 3043 ἀναστάσεως.
352 3003 412 3043 Oleln.
423 3004 433 3042 I
444 3017 475 3053 42.
505 3006 530 3042 τίς

189 3060 444 3110 πεπληροφορημένοςείγιίπης,Ι
459 3069 490 3108 54.
506 3060 529 3097 εἷς

580 2416 635 2448 χυσις.
647 2400 706 2439 Olem.
716 2401 727 2439 l
738 2414 756 2439 2.
784 2403 811 2438 διὰ
822 2400 920 2446 Πυεῦματος

580 2455 605 2492 Ἃ.
616 2488 618 2492 .
628 2486 631 2493 .
641 2485 645 2493 .
654 2457 746 2504 ἐλάλησαν.
755 2457 773 2494 8.
802 2457 851 2505 Λέγει
860 2456 893 2504 γάρ
899 2456 920 2492 τὸ

581 2514 650 2558 Πνεῦμα
656 2513 675 2547 τῦ
682 2511 707 2549 ¹A.
718 2524 747 2560 13.
763 2512 817 2549 καθὼς
824 2512 844 2547 τὸ
851 2514 920 2557 Πνεῦμα

581 2567 601 2601 τὸ
616 2565 641 2602 Ἃ.
658 2567 697 2614 περὶ
712 2568 763 2603 αὑτοῦ
780 2566 871 2612 ἐλάλησεν.
889 2565 919 2603 16.

583 2620 610 2656 διὰ
618 2624 648 2657 τοῦ
655 2621 753 2669 Πνεῦματυς
761 2624 791 2658 τοῦ
799 2621 858 2670 Ἅγίου
868 2619 921 2658 οῦτως

582 2677 704 2723 προσκαλεῖται
713 2677 759 2723 ἡμᾶς,
772 2688 803 2714 22.
825 2676 868 2723 μετὰ
876 2678 919 2722 πλη-

582 2730 665 2778 ροφορίας
688 2729 785 2778 Πνεῦματος
803 2730 868 2780 εΑγίου.
888 2741 919 2778 42.

583 2785 702 2832 δοκιμάσαντες
712 2789 736 2837 τῷ
745 2785 834 2833 Πνεῦματι.
844 2785 871 2824 ll).
891 2786 921 2823 τάς

583 2839 650 2885 ἀληθείς
654 2839 713 2889 ῥήσεις
718 2839 815 2888 Πνεῦματος
820 2844 850 2878 τοῦ
855 2840 880 2879 ‘A.
888 2848 920 2888 45.

583 2892 600 2930 έν
609 2898 677 2941 Πνεῦμα
686 2898 716 2943 τῆς
724 2897 799 2944 χάριτος.
808 2895 838 2943 46.
854 2897 921 2933 Δεσπό-

583 2965 612 2996 της
621 2953 654 2986 πῶν
662 2952 766 2997 πνευμάτων.
775 2951 805 2999 58.
830 2950 854 2987 ὢν
862 2951 893 2998 μέν
901 2951 921 2987 τὸ

582 3008 650 3053 πρῶτον
658 3008 726 3053 πνεῦμα,
735 3006 801 3055 ἐγένετο
811 3004 860 3054 σάρξ.
872 3003 893 3043 Π
902 3016 920 3054 9.

583 3060 609 3095 καί
619 3060 638 3096 τὸ
649 3063 718 3107 Πνεῦμα
726 3060 752 3098 (Α.
762 3059 839 3112 Fragm.
849 3073 866 3099 v.
891 3062 921 3096 τοῦ
