2017 3420
154 220 184 262 ⁶24

184 331 195 369 I
212 343 242 370 20.
273 333 386 382 προῃρημένοι
408 336 476 382 μᾶλλον
495 334 526 382 τὴν

184 387 243 425 ἐνθάδε
263 387 364 427 ἀπόλαυσιν.
383 388 406 427 ΙΙ
427 401 456 428 10.
487 390 525 438 ἡλί-

185 457 214 490 κην
222 443 259 492 ἔχει
272 444 367 491 βάσανονὴ
377 444 435 482 ἐνθάδε
448 445 524 483 ἀπόλαυ-

186 512 218 536 σις.
228 497 254 536 ib.

158 551 270 592 Ἀπολείπειν.
287 554 305 591 έν
314 556 338 604 τῷ
347 554 445 593 ἀπολείπειν
453 554 525 594 ἕκαστον

186 610 216 645 τδν
229 610 287 657 φόβον
300 612 331 646 τοῦ
344 613 393 648 θεοῦ.
409 608 469 648 016111.
482 609 493 649 Ι
506 623 523 660 3.

186 663 305 712 ἀπολείπωμεν
313 664 344 702 τάς
354 666 402 703 κενάς
415 666 442 702 καί
455 666 525 713 ματαίας

185 719 283 768 φροντίδας.
308 726 325 768 7.
361 719 473 759 ἀπολιπόντες
495 720 525 768 τὴν

186 774 311 821 ματαιοπονίαν,
347 786 364 823 9.
407 774 525 824 ἀπολείπωμεν

186 827 259 877 φαύλων
277 830 331 879 ἔργων
351 830 412 878 μιαρὰς
431 830 523 879 ἐπιθυμίας.

188 884 219 921 28.
250 883 363 922 ἀπολιπόντες
380 885 411 932 τὴν
428 886 476 932 κενὴν
492 900 524 932 μα-

185 938 286 987 ταιολογίαν.
299 936 364 988 Polyc.
374 937 423 977 Phil.
435 951 451 977 2.
480 940 523 978 ἀπο-

185 993 272 1031 λείποντες
284 993 315 1041 τὴν
322 996 424 1042 ματαιότητα
437 998 471 1032 τῶν
479 996 523 1033 πολ-

184 1050 224 1085 λῶν.
236 1057 253 1097 7.

156 1102 266 1141 Ἀπολέσθαι.
294 1102 412 1151 έβυθίσδησαν
421 1103 445 1143 εἷς
457 1104 523 1141 θάλασ-

184 1172 222 1195 σαν.
231 1187 235 1196 .
244 1185 249 1194 .
260 1158 287 1195 καί
295 1157 388 1196 ἀπόλοντο.
404 1156 464 1197 Olem.
472 1159 483 1197 I
491 1166 522 1208 51.

184 1215 204 1250 τὸ
217 1212 338 1261 δωδεκάφυλον
350 1216 381 1250 τοῦ
394 1213 465 1264 Ἰσραὴλ
480 1213 523 1262 μέλ-

183 1269 216 1305 λον
235 1266 336 1305 ἀπολέσθαι.
356 1275 387 1317 55.
425 1269 522 1318 ἀπολλυμέ-

184 1338 224 1361 νους
234 1321 277 1370 ἡμᾶς
290 1323 361 1360 ἔσωσεν.
372 1323 395 1361 ΙΙ
406 1336 422 1362 1.
451 1325 476 1361 δεῖ
484 1324 524 1363 τοδς

184 1377 311 1424 ἀπολλυμένους
326 1379 392 1424 σώζειν.
410 1391 426 1417 2.
455 1382 465 1416 ὁ
481 1385 522 1428 Χρι-

185 1433 226 1471 στδς
241 1430 327 1480 ἧόελησεν
340 1436 397 1471 σῶσαι
410 1435 432 1471 τά
447 1433 524 1472 ἀπολλύ-

184 1503 229 1535 μενα.
241 1485 266 1525 ib.
295 1487 369 1527 καλέσας
379 1489 422 1537 ἡμᾶς
430 1490 461 1537 ἤδη
470 1490 523 1528 ἀπολ-

184 1542 270 1590 λυμένους.
285 1541 310 1581 ib.
339 1544 356 1580 τί
369 1548 430 1593 μωρῶς
445 1543 522 1582 ἀπαλλά-

183 1596 400 1648 m0a51gn.Eph.17.
428 1597 455 1636 ίνο
468 1599 491 1647 μὴ
505 1600 523 1636 έν

184 1652 266 1701 καυχήσει
275 1653 369 1699 ἀπόλωμαι,
380 1653 436 1701 Trall.
449 1667 466 1702 4.
490 1655 523 1691 Οὐ-

184 1708 212 1744 δέν
221 1708 260 1755 ὑμῖν
269 1708 289 1744 οὗ
302 1709 324 1756 μὴ
338 1708 430 1747 ἀπολεῖται.
446 1708 521 1760 Smyrn.

187 1774 216 1800 10.
252 1762 281 1799 ε’ἀν
303 1762 414 1811 καυχήσηται,
437 1764 521 1802 ἀπώλετο.

184 1816 248 1868 Polyc.
261 1824 278 1865 5.
306 1816 334 1854 ἵνα
351 1823 405 1858 κακῶς
420 1819 521 1857 ἀπολῶνται.

184 1871 241 1911 Mart.
252 1872 293 1922 Igu.
305 1885 322 1910 2,
350 1873 446 1912 ἀπολέσθαι
459 1876 488 1911 τδν
499 1875 523 1911 δί-

184 1942 234 1964 καιον.
246 1927 263 1964 6.

156 1981 294 2032 Ἀπολσγεῖσθαι.
322 1982 384 2028 ἀξίους,
394 1986 424 2020 τοῦ
433 1984 523 2034 ἀπολογεῖ-

184 2037 225 2074 σθαι
234 2037 295 2074 αὐτοῖς.
306 2035 364 2075 Μυή,
374 2037 437 2089 Polyc.
449 2051 478 2076 10.

156 2091 252 2130 ἈπολιίεινΙ
276 2090 360 2138 ίομοσον,
372 2095 399 2130 καί
412 2093 481 2131 ἀπολύω
495 2109 522 2131 σε.

184 2146 242 2185 Mam
253 2145 317 2197 Polyc.
329 2159 346 2195 9.

155 2202 255 2240 Ἀπόλυσις.
284 2202 327 2250 πρὸς
340 2201 426 2240 ἀπόλυσιν
438 2206 468 2240 τοῦ
482 2204 523 2241 α’πο-

183 2257 243 2295 θανεῖν.
255 2254 316 2294 (116111.
327 2254 338 2293 Ι
348 2265 379 2305 25.

155 2312 257 2360 Ἀπονέμειν.
286 2312 335 2360 τιμὴν
348 2312 379 2359 τὴν
389 2310 495 2359 καθήκουσαν
503 2313 522 2349 ἀ-

182 2366 287 2415 πονέμοντες.
308 2364 368 2406 clem.
390 2367 399 2404 I
419 2379 435 2404 1.
466 2371 523 2406 πᾶσαν

182 2422 265 2471 ἐντροπὴν
287 2423 332 2474 αὐτῷ
355 2422 448 2470 ἀπονέμειν.
480 2423 521 2474 Igu.

156 2477 158 2480 ’
182 2476 249 2528 Magn.
265 2490 282 2526 3.
311 2477 361 2525 τιμὴν
375 2478 417 2514 κατὰ
432 2478 452 2514 τδ
467 2493 523 2528 προσ-

182 2535 229 2580 ἣκον.
234 2562 238 2570 .
244 2562 248 2570 .
255 2532 348 2581 ἀπονέμειν.
356 2531 414 2571 Mart.
421 2531 485 2584 Polyc.
492 2545 521 2570 10.

154 2589 239 2626 Ἀπόνοιο.
267 2588 291 2626 εἷς
303 2591 387 2625 τοσοῦτον
395 2588 476 2627 ἀπονοίας
486 2588 522 2636 ἐξέ-

182 2658 252 2680 καυσαν,
264 2641 324 2681 (116111,
334 2641 345 2680 Ι
357 2655 373 2681 1,
401 2643 425 2682 εἷς
438 2642 523 2689 τοσαίτην

162 2724 163 2727 =
181 2698 261 2736 ἀπόνοιαν
270 2698 358 2747 ἐρχόμεθα.
370 2698 401 2746 46.

153 2753 268 2791 Ἀποπίπτειν.
297 2753 415 2800 ἀποπίπτομεν
432 2755 462 2801 τῆς
481 2754 522 2790 όδοῦ

181 2810 211 2856 τῆς
220 2809 287 2847 δικαῖας.
299 2806 358 2846 Olem.
369 2807 391 2845 Π
401 2817 419 2857 5.

153 2863 266 2901 Ἀποπλανᾶν.
295 2862 428 2912 ἐπιστρέφοντες
443 2864 464 2901 τὰ
480 2863 522 2901 ἀπο-

181 2918 303 2966 πεπλανημένα.
319 2916 382 2969 Polyc.
396 2916 445 2956 Phil.
456 2918 474 2956 6,
502 2917 522 2953 ἀ-

181 2975 282 3011 ποπλανῶσι
291 2973 349 3011 κενοὺς
357 2973 459 3023 ἀνθρώπους.
471 2972 496 3011 ib.

142 3045 144 3048 ⁴
154 3027 278 3076 Ἀπορρίπτειν.
306 3028 433 3077 ἀπορρίψαντες
442 3028 473 3077 ἀφ’
483 3030 521 3066 ἐαυ-

181 3086 215 3120 τῶν
224 3084 281 3120 πᾶσαν
289 3083 358 3121 ἀδικίαν,
371 3082 430 3121 Olenl.
441 3083 450 3120 I
460 3092 491 3132 35.

389 218 487 262 INDEX
502 218 673 263 VERBORUM

552 334 668 381 Ἀποστάζειν,
687 332 808 382 πνευματικὴν.
817 362 821 371 .
831 331 920 370 ,ἀποστα-

580 391 642 437 ζόντων
650 391 705 439 χάριν.
716 387 773 427 Μαιά.
784 387 826 440 Ign.
837 401 855 436 4.

551 444 681 484 ’Δποστέλλειν
701 444 745 483 Τοδς
754 443 772 481 δέ
781 442 920 490 ἀπεσταλμένους

579 499 610 549 ἀφ’
619 500 666 548 ἡμῶν
677 497 736 538 (116111,
750 499 765 537 Ι.
776 507 807 548 59.
836 496 918 547 Βοόρρου,

579 555 598 593 δν
620 553 733 594 ἀπεστείλατε
753 553 788 602 μετ’
809 552 856 601 ἐμοῦ,
877 552 918 603 Ign.

580 609 695 662 Smymn.

551 664 666 715 Ἀποστερεῖν,
685 665 711 703 τίς
724 663 838 712 ἀποστερηθῇ,
847 663 874 701 τίς
880 662 919 699 ἀθε-

579 721 632 768 mdiu
647 721 687 772 lgn.
699 718 747 771 Eph.
759 730 788 756 10.

551 775 678 815 Ἀποστολικός.
702 776 720 812 ἐν
732 775 841 824 ἀποστολικῷ
854 786 919 820 χαρακ-

578 831 620 878 τῆρι.
632 830 674 881 Ign.
685 829 742 868 Trall.
756 829 814 867 Ιαυοι·Ι
843 827 885 875 ἀνὴρ
898 825 919 873 ἦν

578 887 614 923 τοῖς
636 887 690 923 πόσιν
712 885 829 923 ἀπαστολικός.
859 880 917 920 Mart.

579 941 620 990 Ign.
639 952 655 978 1.
684 940 786 977 διδάσκαλος
799 938 917 975 ἀποστολικός.

578 994 636 1033 Mam
647 993 711 1045 Polyo.
724 995 754 1032 16.

550 1049 661 1089 Ἀπόστολος.
688 1050 772 1097 Λάβωμεν
780 1048 814 1097 πρὸ
823 1047 918 1096 ὀφθαλμῶν

578 1105 624 1152 ἡμῶν
646 1105 686 1143 τοὺς
708 1103 781 1154 ἀγαθοὺς
804 1103 917 1140 ἀποστόλους.

578 1158 638 1199 (116111.
656 1159 665 1198 Ι
683 1168 700 1208 5.
729 1160 750 1196 Ol
767 1158 861 1195 ἀπόστολοι
880 1156 919 1204 ἡμῖν

577 1214 729 1265 εὐηγγελίσάησαν.
750 1225 780 1261 42.
809 1214 825 1249 σί
843 1211 918 1250 ἀπόστο-

577 1272 606 1307 λοι
614 1270 648 1307 ἀπά
661 1272 692 1307 τοῦ
705 1271 788 1317 Χριστοιλ
798 1266 823 1306 ib.
852 1268 868 1303 οἶ
877 1266 919 1304 ἀπό-

578 1327 637 1363 στολοι
656 1325 702 1373 ἡμῶν
720 1324 801 1373 ἔγνωσαν.
821 1334 852 1370 44.
887 1325 918 1358 τοῦ

577 1380 659 1430 μακαρίου
675 1378 745 1416 Παύλου
760 1380 790 1415 τοῦ
803 1377 917 1415 Ἀποστόλου.

579 1442 610 1484 47.
637 1431 762 1484 προσεκλίθητε
782 1433 816 1482 γάρ
832 1432 918 1469 Ἀποστό-

577 1492 614 1528 λαις
628 1488 784 1539 μεμαρτυρημένοις.
800 1486 826 1525 ib.
841 1489 851 1524 ὁ
865 1486 918 1535 μέγας

577 1545 675 1584 ἀπόστολος
684 1543 759 1591 Κλήμης,
770 1541 847 1593 Fragm.
858 1554 877 1578 11.
902 1539 918 1578 σί

577 1600 604 1637 καί
617 1602 653 1638 τοῖς
664 1600 768 1637 ἀποστόλοις
780 1599 852 1635 πάντοτε
865 1595 917 1643 συνῄ-

577 1670 633 1692 νεσαν.
649 1653 690 1706 Ign.
703 1652 752 1705 Eph.
765 1664 794 1691 11.
824 1653 847 1691 εἰς
865 1652 918 1688 τόπον

577 1710 666 1759 συνεδρίου
680 1711 714 1745 τῶν
727 1709 833 1746 ἀποστόλων,
850 1705 914 1756 Magn.

578 1764 595 1802 6.
633 1767 643 1802 ὁ
661 1763 723 1813 Κύριος
741 1763 780 1800 ἀνευ
799 1765 830 1799 τοῦ
847 1761 918 1810 Πατρός

577 1819 625 1857 οὐδέν
634 1820 719 1866 ἐποίησεν,
728 1847 731 1856 .
741 1847 757 1856 ,,
766 1819 805 1854 οὔτε
819 1816 840 1854 δι’
851 1817 917 1862 ἑαυτοῦ,

576 1877 615 1911 οὔτε
629 1875 656 1912 διδ
669 1876 704 1911 τῶν
717 1874 823 1911 ἀποστόλων.
837 1879 854 1920 7.
882 1873 918 1909 τοῖς

577 1930 660 1978 δόγμασιν
669 1931 700 1966 τοῦ
714 1927 777 1977 Κίριου
791 1925 818 1964 καί
831 1928 865 1964 τάν
873 1926 916 1963 ἀπο-

577 1986 650 2022 στόλων.
663 1995 692 2032 13.
719 1983 836 2031 ‘Ymrdyqrfi
845 2010 848 2020 .
858 2010 862 2019 .
871 1982 894 2019 ὡς
901 1982 917 2017 οἱ
969 2002 970 2005 =

576 2039 671 2076 ἀπόστολοι
693 2041 716 2089 τῷ
735 2040 811 2088 Χριστῷ,
829 2035 855 2075 ib.
893 2038 917 2086 τῷ

576 2093 695 2144 πρεσβυτερίῳ
713 2093 736 2131 ὡς
753 2094 789 2130 τοῖς
806 2091 915 2129 ἀποστόλοις.

576 2146 634 2186 Τ1υ11.
650 2161 667 2186 2.
696 2149 719 2186 ὣς
732 2146 832 2193 σύνδεσμον
842 2145 917 2183 ἀποστό-

577 2205 616 2240 λων.
638 2216 655 2252 3.
683 2201 711 2240 ’ίνα
733 2202 756 2239 ὧν
774 2202 872 2249 κατάκριτος
894 2201 917 2238 ὡς

576 2259 674 2297 ἀπόστολος
691 2258 730 2305 ὑμῖν
747 2256 870 2304 διατάσσομαι.
889 2253 914 2293 ib.

576 2315 611 2351 τῶν
619 2313 736 2364 διαταγμάτων
742 2315 775 2349 τῶν
781 2311 888 2349 ἀποστόλων.
898 2318 915 2359 7.

577 2368 601 2407 εἷς
614 2369 675 2416 τιμὴν.
687 2369 752 2405 ..τῶν
765 2366 872 2404 ἀποστόλων,
885 2377 915 2402 12.

577 2424 635 2461 ἐκεῖνοι
648 2423 749 2466 ἀπόστολοι,
764 2422 797 2471 ἐγὼ
812 2421 914 2470 κατάκριτος.

576 2477 631 2516 Rom.
652 2491 669 2526 4.
709 2479 745 2515 τοῖς
767 2476 871 2514 ἀποστόλοις
892 2476 917 2514 ’ὣς

577 2531 694 2583 πρεσβυτερίῳ
706 2532 801 2579 ἐκκλησίας.
812 2529 885 2568 Philad.
897 2539 914 2578 5.

576 2588 625 2627 αὐτὸς
634 2588 658 2625 ὢν
664 2586 718 2637 όιίρα.
728 2616 744 2625 ..
753 2586 774 2624 δι’
781 2585 801 2634 ἦς
810 2586 916 2635 εἷσέρχυνται

577 2646 638 2681 ...oz
650 2644 750 2682 ἀπόστολοι.
762 2653 780 2690 9.
808 2640 916 2678 ἀκολουθεῖτε

578 2727 581 2735 .
593 2727 597 2735 .
608 2728 612 2736 .
622 2702 646 2749 τῷ
656 2697 775 2747 πρεσβυτερίῳ
789 2697 811 2735 ὣς
824 2698 861 2733 τοῖς
873 2695 916 2732 ἀπο-

576 2754 652 2792 στόλοις.
663 2752 738 2803 Smyrn.
750 2753 767 2790 8.
796 2753 826 2799 τῆς
837 2750 916 2798 διαδοχῆς

576 2810 610 2844 τῶν
629 2808 735 2846 ἀπόστολων,
754 2805 830 2857 Fragm.
850 2803 862 2842 1.
899 2807 916 2842 οἱ

576 2863 725 2912 εὐαγγελισάμενοι
748 2863 791 2911 ἡμᾶς
813 2861 914 2899 ἀπόστολοι.

576 2916 639 2968 Polyc.
651 2917 698 2957 Phil.
710 2918 727 2955 6.
756 2917 783 2954 καί
798 2919 834 2954 τοῖς
848 2917 916 2954 λοιποῖς

575 2973 684 3012 ἀποστόλοις.
700 2985 718 3022 9.
746 2974 756 3009 ὁ
769 2975 800 3009 τοῦ
816 2971 915 3009 ἀποστόλου

575 3028 652 3065 Ἰωάννου
669 3028 749 3077 μαθητὴς.
765 3026 822 3065 Μυνί.
838 3025 879 3076 Ign.
897 3037 913 3062 1.

575 3086 599 3133 τῷ
612 3083 705 3133 ἀποστάλῳ
719 3098 752 3120 σου
766 3080 830 3132 Παίιλῳ
844 3081 913 3127 δεσμοῖς
