1958 3490
251 271 253 275 ,
304 247 376 291 vrrs
390 248 427 292 ar
442 230 581 293 soarrnrs.
749 225 792 288 'rx

96 359 183 410 utilem
205 360 364 428 Epistolaun,l
383 382 445 432 quae
467 382 546 433 usque
568 363 656 414 hodie⁵
673 362 700 411 in
718 362 791 412 Asiae

97 448 235 496 conventut
251 446 346 521 legitur.

123 683 134 705 ὃ
142 677 335 734 retrusurus]
348 680 473 733 Polycarpum
478 679 575 731 Angelum
585 690 625 718 esse
634 677 689 717 illum
698 676 793 717 Ecclesiae

97 742 223 795 smyrnensis,
233 745 257 784 ad
266 759 322 798 quem
333 746 420 787 Christus
429 746 487 787 scribi
496 745 558 799 jubet,
567 744 627 797 Apoc.
637 744 652 783 ii
661 745 720 789 8-11‚
730 743 792 796 perhi-

96 809 143 848 bent
152 809 262 851 Halloixius
271 812 291 851 in
300 812 347 854 Vita
356 813 419 865 Ροίγο.
430 813 508 865 Scriptt.
517 811 588 851 Eccles.
596 810 668 850 Orient.
679 809 686 848 i
696 811 741 859 488,
750 823 767 861 9,
774 815 794 850 et

97 875 200 927 Usserius;
214 879 294 918 asseclas
307 881 359 920 nacti
372 879 469 932 litigium,
480 879 560 919 Dissert.
573 877 596 917 de
608 878 658 918 Patt.
668 875 736 929 Apost.
749 879 793 928 289,

96 946 116 982 et
125 941 214 990 wallum,
224 944 307 997 Historp
316 945 341 997 of
344 945 417 997 Irascor
425 945 521 997 Baptism,
530 943 538 983 i
552 945 576 982 81
593 944 655 984 Oxou.
668 945 725 992 1845.

123 1006 247 1050 ι).Ῑοίιιιιιιιιί
260 1010 345 1062 Apostoli
361 1011 476 1063 discipulus]
492 1010 589 1058 Irenaeus
603 1009 680 1062 Fragm.
695 1008 756 1060 Epist.
770 1009 795 1048 ad

97 1074 202 1126 Eloriuum‚
213 1077 262 1129 Opp.
272 1091 290 1130 p.
302 1091 341 1128 340
354 1077 383 1118 ed.
394 1078 484 1117 Massuet.
499 1075 570 1132 Βοαυίι,
581 1076 651 1128 Script
662 1075 712 1114 Eccl.
724 1075 793 1127 Opusu

97 1141 131 1192 lp.
143 1151 175 1192 35,
189 1145 211 1181 Al
222 1144 255 1193 γὰρ
271 1145 289 1181 ἐκ
303 1145 368 1182 παίδων
383 1143 465 1192 μαθήσεις
482 1142 597 1189 συναύξουσαι
612 1145 633 1190 τῇ
649 1145 705 1192 ψυχῇ,
720 1143 795 1179 ἑνοῦνται

97 1208 144 1255 αὐτῇ·
159 1209 204 1246 ὥστε
212 1224 234 1257 με
243 1208 325 1247 δύνασθαι
334 1210 386 1248 εἰπεῖν
395 1210 421 1247 καὶ
434 1211 464 1247 τὸν
473 1211 526 1249 τόπον
535 1209 552 1245 ἐν
561 1205 575 1260 ᾦ
589 1208 696 1256 καθεζόμενος
710 1207 795 1256 διελέγετο
818 1198 820 1209 l

97 1276 107 1311 ό
116 1275 197 1324 μακάριος
205 1274 324 1325 Πολόκαρπος,
333 1277 360 1314 καὶ
374 1276 404 1315 τὰς
417 1277 501 1324 πρυόδους
509 1276 561 1312 αὐτοῦ
570 1276 597 1312 καὶ
606 1275 636 1313 τὰς
644 1273 721 1312 εἰσόδους
730 1274 795 1311 καὶτὸν

97 1343 195 1391 χαρακτῆρα
210 1344 240 1379 τοῦ
253 1343 298 1390 βίου,
310 1344 337 1380 καί
352 1342 382 1390 τὴν
395 1345 425 1380 τοῦ
439 1344 519 1391 σώματος
532 1341 582 1390 ἰδίαν,
595 1342 622 1379 καὶ
635 1342 666 1379 τὰς
680 1340 762 1387 διαλέξεις
775 1339 795 1379 ts

98 1407 171 1445 ἐποιεῖτο
188 1410 232 1458 πρὸς
249 1410 269 1446 τὸ
286 1409 357 1457 πλῆθος,
372 1409 399 1446 καί
413 1411 443 1456 τὴν
458 1410 500 1457 μετὰ
516 1408 593 1445 Ἰωάννου
608 1406 755 1456 συναναστροφήν,
772 1408 794 1446 ὡς

97 1473 195 1523 ἀπήγγελλε
209 1475 236 1512 καὶ
249 1475 279 1522 τὴν
287 1476 330 1523 μετὰ
342 1479 376 1513 τῶν
384 1477 449 1513 λοιπῶν
462 1479 496 1513 τῶν
509 1476 606 1524 ἑωρακότων
614 1476 644 1512 τὸν
653 1472 721 1522 Κύριον,
731 1474 758 1510 καὶ
772 1474 794 1511 ὧς

98 1539 221 1588 ἀπεμνημόνευε
235 1541 274 1579 τοὺς
287 1543 349 1591 λόγους
362 1541 421 1588 αὐτῶν,
434 1542 461 1578 καὶ
475 1542 513 1591 περί
527 1544 557 1577 τοῦ
570 1540 632 1589 Κυρίου
646 1540 683 1577 τινὰ
696 1538 716 1586 ἢν
729 1538 741 1575 ἃ
754 1539 793 1588 παρ’

98 1606 164 1644 ἐκείνων
172 1608 244 1656 ἀκηκόει·
258 1610 284 1646 καὶ
292 1610 332 1658 περὶ
340 1613 374 1646 τῶν
383 1609 467 1656 δυνάμεων
475 1610 532 1652 αὐτοῦ,
542 1609 569 1645 καί
582 1609 621 1657 περὶ
634 1610 663 1655 τῆς
677 1607 793 1651 διδασκαλίας,

98 1674 121 1711 ὡς
129 1674 175 1723 παρὰ
188 1679 222 1712 τῶν
230 1675 317 1713 αὐτοπτῶν
328 1677 357 1723 τῆς
371 1676 414 1722 ζωῆς
427 1678 457 1712 τοῦ
470 1677 524 1725 λόγον
537 1675 648 1724 παρειληφὼς
657 1675 667 1710 ὁ
675 1672 794 1723 Πολόκαρπος,

97 1738 196 1789 ἀπήγγελλε
204 1742 258 1779 πάντα
267 1740 351 1790 σύμφωνα
359 1743 396 1779 ταῖς
404 1743 484 1790 γραφαῖς.

124 1812 133 1832 ⁰
146 1805 254 1858 Episcopus
262 1807 379 1857 ordinatus]
391 1806 487 1855 Irenaeus,
497 1813 521 1844 111
531 1805 552 1844 iii
562 1820 579 1855 4,
589 1819 607 1858 p,
617 1807 654 1856 176
665 1805 693 1844 ed.
703 1805 794 1845 Massuet.

98 1871 131 1908 ὑπὸ
146 1872 248 1910 ἀποστόλων
262 1874 371 1913 κατασταθεὶς
385 1873 408 1911 εἷς
422 1874 452 1921 τὴν
460 1873 525 1920 Ἀσίαν,
536 1873 584 1920 ε’ντῇ
599 1873 616 1910 ἐν
629 1871 695 1921 Σμύρνη
709 1873 795 1921 ἐκκλησίᾳ,

98 1936 196 1977 ἐπίσκοπος.
220 1938 352 1985 Tertullianus,
369 1938 393 1977 de
408 1938 521 1991 Praescript.
537 1938 614 1977 Haeret.
629 1938 682 1989 §32¹
711 1936 795 1977 “Caete-

98 2003 110 2023 “
118 2014 167 2047 rum,
177 2002 194 2042 si
208 2016 256 2055 quae
269 2004 341 2045 audent
354 2005 467 2045 interserere
481 2018 501 2044 se
512 2003 571 2044 aetati
580 2003 707 2056 Apostolicae,
716 2007 738 2042 ut
752 2003 795 2043 ideo

98 2067 220 2108 “videantur
235 2070 259 2108 ab
274 2070 373 2122 Apostolis
389 2072 477 2116 traditae,
490 2070 535 2123 quia
551 2070 586 2109 sub
600 2069 700 2123 Apostolis
711 2069 795 2119 fuerunt,

98 2136 219 2186 “possumus
235 2135 311 2190 dicere:
333 2138 398 2177 Edant
412 2152 458 2191 ergo
472 2136 555 2190 origines
569 2136 698 2176 Ecclesiarum
711 2149 794 2181 suarum,

98 2206 109 2222 ‘⁴
120 2200 209 2241 evolvant
219 2202 305 2241 ordinem
315 2203 454 2255 Episcoporum
463 2216 546 2251 suornm,
556 2202 584 2242 ita
592 2216 627 2254 per
636 2201 762 2242 successiones
771 2203 795 2241 ab

99 2265 175 2306 “initio
189 2267 327 2314 decurrentem,
337 2273 359 2308 ut
372 2268 446 2320 primus
459 2269 491 2308 ille
505 2268 604 2320 episcopus
616 2268 699 2321 aliquem
710 2282 735 2307 ex
744 2268 795 2321 Apo-

98 2334 109 2354 “
118 2332 173 2372 stolis
182 2334 212 2372 vel
226 2347 251 2372 ex
260 2333 377 2386 Apostolicis
386 2334 438 2382 viris,
448 2334 481 2387 qui
491 2339 556 2374 tamen
569 2348 612 2373 cum
621 2333 719 2387 Apostolis
732 2348 795 2386 perse-

98 2401 109 2421 “
118 2400 219 2449 voraverit,
228 2399 317 2440 habuerit
326 2406 423 2440 auctorem
433 2405 452 2440 et
462 2405 604 2440 antecessorem.
625 2401 669 2440 Hoc
678 2400 729 2439 enim
738 2401 795 2440 modo

98 2468 109 2488 “
119 2465 215 2506 Ecclesiae
224 2465 346 2519 Apostolicae
353 2480 419 2507 census
426 2480 470 2506 suos
478 2467 578 2506 deferunt:
589 2466 638 2506 siout
648 2466 795 2518 Smyrnaeorum

99 2531 205 2571 “Ecclesia
222 2533 349 2585 Polycarpum
366 2533 391 2572 ab
409 2532 496 2572 Johanne
515 2533 634 2572 conlocatum
652 2532 723 2582 refert,
746 2534 795 2573 sicut

98 2599 109 2618 ‘⁶
118 2597 254 2649 Romanorum,
265 2599 383 2639 Clementem
393 2613 404 2638 a
413 2599 470 2638 Petro
478 2599 587 2638 ordinatum
596 2598 680 2638 itidem?

126 2663 235 2704 Secundum
250 2680 262 2705 a
277 2666 340 2718 primo
356 2666 428 2705 Bucolo
444 2666 571 2717 Polycarpum
587 2664 735 2716 Smyrnaeorum
749 2664 795 2717 Epi-

98 2741 177 2781 scopum
192 2732 285 2771 collocant
300 2732 374 2777 Suidaa
388 2745 405 2773 v.
416 2732 534 2782 Πολόκιιρτος,
548 2734 567 2769 et
579 2730 659 2770 Menaea
673 2731 794 2771 Graecorum.

98 2793 163 2835 Aliter
171 2803 236 2838 autem
245 2799 326 2851 legimus
335 2799 355 2838 in
365 2798 430 2838 donst.
438 2798 506 2851 Apost.
516 2796 543 2836 vii
552 2797 584 2845 46,
596 2797 670 2847 Σμύρνης
684 2798 702 2834 δὲ
711 2797 796 2848 Ἀρίστων

98 2867 170 2910 πρῶτος,
180 2866 217 2912 μεθ’
227 2865 246 2902 δν
255 2867 346 2916 Στραταίας
355 2869 364 2904 δ
374 2867 443 2914 adsitus,
453 2869 479 2902 καὶ
488 2865 544 2915 τρίτος
552 2863 642 2913 Ἀρίστων.

125 2924 204 2968 daciae
209 2928 309 2984 prdmcps]
318 2931 367 2970 Vide
377 2930 402 2970 sis
412 2930 466 2975 infra,
476 2944 494 2981 p.
504 2929 540 2978 634
552 2928 563 2967 l.
572 2941 589 2977 3,
599 2932 657 2980 atque
666 2927 693 2967 ibi
702 2934 773 2970 notatu

125 2998 133 3017 θ
143 2993 178 3041 qui
186 2994 276 3034 cicuras
285 2996 402 3047 Doroirsoru]
414 2997 509 3044 Irenaeus,
519 2994 530 3032 l.
541 3008 556 3033 ο.
585 2996 617 3032 Καὶ
626 2995 739 3046 Πολόκαρτος
749 2998 767 3034 δὲ
777 3000 796 3035 οὐ

558 3059 595 3102 ha
