2061 3403
217 169 259 216 iia
463 174 486 217 S.
501 173 673 218 OLEMENTIS

218 297 232 323 ‘⁶
242 290 283 357 καὶ
294 296 342 346 ποῦ
360 289 513 362 κρυβήσομαι
530 290 578 347 ἀπὸ
594 297 637 347 τοῦ
649 289 783 362 προσώπου
794 311 856 354 σονς
875 287 916 343 ε’ἀν

219 385 233 410 “
245 378 327 442 ἀναβῶ
346 381 378 435 εὶς
393 377 436 434 τὸν
448 377 556 449 οὐρανόν,
570 376 604 434 σὺ
615 375 637 432 εἷ
646 380 698 432 ἐκεῖ·
719 375 760 431 ε’ἀν
771 373 870 431 ἀπέλθω
884 379 916 433 εἷς

220 471 234 497 “
245 462 276 519 soi
293 464 386 536 ε”σχατα
402 468 445 533 τῆς
463 468 516 536 γῆς,
533 468 580 520 ἐκεῖ
595 465 610 533 ἡ
629 461 695 535 δεξιαί
712 482 767 518 σου·
787 461 827 517 ε’ἀν
841 486 914 517 κατα-

219 558 233 582 “
244 549 351 621 στρῶσω
365 554 397 609 εἰς
410 550 454 610 τάς
469 552 604 618 ἀβύσσους,
618 553 665 605 ἐκεῖ
680 549 708 605 τὸ
727 547 826 619 Πνεῦμά
844 548 915 604 σου.”

220 640 271 691 Ποῖ
287 638 329 691 οὖν
342 661 378 694 τις
393 636 495 710 ἀπέλθῃ,
515 637 530 707 ἢ
547 644 593 694 τοῦ
609 635 743 708 ἀποδράσῃ,
764 634 870 691 ἀπὸτοῦ
886 634 937 703 τά5

218 720 297 777 πάντα
308 722 484 796 ἐμπεριέχοντος
492 747 499 791 3

108 818 211 852 Αῡΰθᾱοωίῡ
229 813 230 816 ’
258 805 321 864 ΚΘ(
341 807 521 880 Προσέλθωμεν
534 811 575 865 οὖν
587 810 651 883 αὐτῷ
665 811 691 864 ἐν
703 806 809 876 ὁσιότητι
823 810 914 881 ψυχῆς,

108 863 199 905 adDeum,
226 896 232 913 ε

109 895 295 986 γγγγγγγθγοαγνάς
316 899 354 950 καὶ
376 895 502 971 ἀμιάντονς
522 901 602 969 χεῖρας
625 895 728 967 αἴροντες
752 893 813 965 πρὸς
833 894 914 962 αὐτόν,

109 983 358 1051 euidentissimum
382 983 424 1037 τὸν
447 983 532 1050 ἐπιεικῆ
560 984 598 1036 καὶ
624 983 795 1054 εὕστλαγχνον
820 980 917 1052 Πατέρα

219 1067 295 1135 ἡμῶν,
309 1066 335 1125 ἀς
346 1069 448 1136 ἐκλογῆς
459 1068 530 1138 με’ρος
542 1067 652 1136 ἐποίησεν
663 1069 743 1141 ἑαυτῷ.
782 1068 854 1122 Οὕτω
869 1067 917 1139 γάρ
927 1097 952 1123 10

218 1153 360 1224 γέγραπται·
388 1152 467 1208 ““Οτε
484 1152 608 1225 διεμέριζεν
626 1156 640 1209 ὁ
655 1152 779 1226 ’Ὕψιστος
797 1153 862 1221 ἔθνη,
885 1156 917 1211 ὡς

219 1247 233 1272 “
244 1238 372 1311 διεσπειρεν
390 1237 453 1297 υἱοὺς
471 1238 556 1308 Ἀδάμ,
575 1239 678 1308 ἔστησεν
696 1240 749 1311 ὅρια
766 1242 840 1294 ἐθνῶν
856 1239 917 1295 κατά

217 1416 335 1453 tamencum
345 1415 434 1464 γραφείοις
446 1418 466 1454 et
475 1415 554 1465 ἀγιογρά-
579 1413 659 1456 tionem,
665 1412 836 1464 auctoritatemque
845 1412 918 1465 Hagio-

218 1470 258 1518 φοις
280 1481 319 1508 non
340 1472 465 1508 numerantur
483 1468 554 1508 Psalmi
580 1468 702 1520 graphorum
718 1471 820 1519 postquam
836 1467 918 1520 insignia

215 1522 273 1575 juxta
288 1523 334 1562 alias
352 1523 462 1575 Scripturae
477 1522 554 1563 divisio·
580 1522 618 1563 ista
631 1523 655 1561 de
669 1521 769 1562 Oanoniois
783 1522 836 1561 libris
849 1522 918 1574 legeris

217 1591 264 1627 nes3
287 1578 379 1617 nimirum
396 1579 421 1618 ab
439 1577 554 1630 Epiphanio,
581 1578 633 1629 apud
649 1577 670 1616 Β.
685 1575 822 1629 Augustinum
838 1577 853 1616 ii
867 1580 879 1616 8
894 1578 918 1617 de

218 1632 260 1672 Lib.
271 1633 295 1672 de
304 1633 400 1672 Mensuris
409 1637 429 1673 et
435 1632 555 1673 Ponderibus
581 1632 675 1673 Doctrina
681 1631 793 1672 Christiana.
805 1629 863 1686 [Opp.
870 1636 917 1671 tom.

220 1688 261 1739 ξι,
281 1686 339 1742 [Ορρ.
353 1687 427 1728 tomii
439 1701 458 1740 p.
473 1689 510 1727 162
525 1687 553 1727 ed.
581 1687 603 1726 iii
620 1701 639 1739 p.
658 1689 682 1726 18
699 1687 727 1726 ed.
745 1684 801 1741 Ben]
826 1686 918 1726 OOTEL.

220 1742 284 1783 Petav.
294 1746 344 1782 πέντε
354 1744 387 1794 γὰρ
400 1743 512 1794 στιχίγρεις,ἡ
525 1747 556 1781 τοῦ
583 1742 694 1782 Leotionem
716 1744 799 1792 γραφεῖον
822 1742 918 1781 nonnullis

219 1798 260 1843 Ἰὼβ
277 1799 345 1843 βίβλος,
364 1797 399 1836 εἶτα
416 1800 436 1836 rt
454 1798 555 1848 Ψαλτίγριον,
582 1801 690 1850 suspectam
704 1796 736 1835 alii
747 1796 785 1836 viri
798 1796 850 1836 docti
863 1800 919 1837 tuen·

220 1853 310 1902 Παροιμίαι
328 1855 441 1902 Σολομῶντος,
455 1854 556 1901 Ἐκκλησία·
582 1856 619 1892 tur.
644 1850 919 1904 HisaoeedatSimonius,qui

220 1907 268 1955 στής,
280 1905 339 1957 ’ᾼσρα
354 1908 440 1956 ᾀσμάτων·
460 1906 496 1947 εἶτα
511 1909 555 1955 ἄλλη
583 1906 669 1946 eamdem
678 1906 847 1946 illustratinBibl.
855 1906 917 1947 θίιαὶε.

220 1963 333 2011 πεντάτευχος
344 1964 366 1999 τὰ
377 1961 471 2011 καλούμενα
481 1965 557 2012 γραφεῖα
583 1961 590 2000 i
600 1971 624 2012 27
627 1974 645 2011 3,
655 1966 674 2001 et
687 1961 708 2000 in
720 1960 788 2012 Oe't'tt'q.
803 1962 826 2000 de
839 1962 859 2001 la
867 1962 918 2001 Bibl.

220 2031 235 2055 κ.
243 2033 257 2055 τ.
264 2013 292 2069 λ.]
300 2015 388 2068 illiusque
395 2016 512 2068 exscriptore
517 2016 556 2054 Da·
583 2016 658 2068 Παρία,
665 2016 687 2055 iii
694 2024 726 2065 70,
734 2016 842 2068 iterumque
850 2016 886 2055 hae
895 2016 919 2056 de

220 2083 314 2120 maseeno,
325 2070 442 2120 Cassiodoro,
454 2076 474 2111 et
488 2071 557 2110 Hiero·
583 2085 604 2110 re
613 2071 660 2123 agit,
669 2085 687 2122 p.
699 2083 724 2120 33
734 2070 825 2122 Respons.
836 2070 860 2109 ad
869 2071 918 2111 Vos·

220 2139 279 2177 nymo
292 2125 313 2164 in
324 2125 474 2165 Praefationibus
487 2126 512 2164 ad
521 2125 557 2164 To·
583 2125 639 2173 sium,
649 2126 681 2177 qui
694 2125 791 2164 immerito
802 2125 919 2166 existimavit

220 2181 273 2220 biam
286 2185 306 2220 et
314 2179 327 2218 J
328 2179 384 2219 udith
393 2193 398 2228 3
413 2180 433 2219 in
445 2179 513 2232 quibus
526 2179 558 2219 hie
584 2193 651 2219 vocem
659 2182 741 2230 γραφεῖον
750 2180 774 2218 ab
783 2179 854 2231 Aquila
862 2181 919 2221 fuisse

219 2235 280 2276 tradit
294 2235 360 2274 eadem
374 2235 412 2274 duo
423 2234 521 2274 volumina
533 2235 558 2273 ab
584 2235 688 2275 oonfiotam.
711 2233 846 2276 GALLAND.
888 2236 919 2277 Sic

220 2290 315 2330 Hebraeis
333 2290 357 2329 de
374 2289 461 2341 catalogo
479 2289 558 2328 Divina·
584 2290 635 2341 apud
651 2289 785 2341 Epiphanium
798 2292 824 2328 καί
838 2292 860 2329 τὰ
875 2299 918 2341 Γρα-

219 2360 263 2385 runi
273 2345 416 2397 Soripturarum
425 2343 490 2393 secari,
499 2348 557 2395 atque
583 2347 625 2393 φεῖα
633 2347 720 2396 λεγόμενα,
730 2347 774 2394 φημὶ
783 2347 801 2383 δὲ
810 2347 831 2383 τὰ
840 2347 919 2397 Στιχήργ,

219 2402 258 2454 legi
267 2401 318 2441 inber
325 2399 468 2452 Hagiographa‚
476 2411 558 2450 quorum
584 2401 611 2437 καὶ
627 2402 644 2437 at
659 2402 751 2448 Βασιλεῖαι,
766 2403 793 2439 καί
811 2404 919 2452 Παραλειπό-

219 2456 323 2496 auotoritas
346 2455 371 2494 ad
393 2454 501 2494 roboranda
524 2452 557 2492 illa
583 2470 629 2502 μενα,
644 2457 670 2492 καὶ
686 2456 757 2506 Αίαθίγρ,
771 2472 813 2495 ar.
826 2459 843 2496 λ,
859 2456 918 2496 Haer.

220 2512 304 2564 quaein
320 2510 463 2550 contentionem
477 2508 557 2548 veniunt
583 2508 632 2547 xxix
647 2517 664 2559 7,
679 2509 690 2548 I
708 2523 726 2562 p.
746 2523 783 2549 122
802 2510 821 2548 D
839 2511 868 2551 ed.
885 2512 920 2551 Pe-

219 2567 282 2606 minus
297 2566 366 2605 idonea
381 2564 484 2618 judicatur.
514 2563 557 2612 Quo
583 2567 620 2603 tar.

220 2622 248 2671 fit,
261 2626 284 2661 ut
298 2620 379 2673 duplicis
395 2620 470 2673 generis
484 2617 558 2671 Hagio-
611 2632 629 2670 p.
639 2631 681 2658 110.
690 2627 721 2670 ογ.
729 2624 767 2658 Ποῦ
776 2620 837 2670 ἀφίγξω
844 2636 859 2660 κ,
866 2638 881 2660 τ.
889 2619 916 2674 λ.]

220 2677 293 2729 grapha
314 2675 403 2716 habuisse
420 2673 497 2714 dicendi
518 2672 558 2713 sint
585 2672 651 2712 Paullo
659 2674 920 2727 aliterlegimusapudLXX

221 2731 311 2781 Hebraei,
326 2731 404 2783 majoris
422 2729 517 2778 videlieet,
536 2741 558 2767 ao
585 2727 633 2767 Intt.
648 2729 760 2780 quibuscum
773 2743 833 2782 paene
847 2730 868 2770 in
881 2731 920 2770 sin-

220 2786 301 2826 minoris
316 2785 435 2826 auctoritatis
443 2799 449 2835 ς
465 2789 523 2836 atque
537 2782 558 2823 in
585 2783 635 2834 gulis
652 2785 746 2825 consentit
760 2789 804 2825 tum
820 2785 920 2826 Hebraeus

146 2851 147 2855 ’
221 2842 317 2895 primibus
330 2841 431 2881 dumtaxat
439 2854 484 2880 eum
495 2838 559 2879 Sacris
585 2837 663 2882 Textus,
673 2843 715 2879 tum
728 2844 813 2880 caeterae
823 2840 920 2881 versiones

222 2895 326 2950 Seriptmis
353 2897 438 2949 posuisse
466 2894 557 2935 Psalmos.
584 2905 656 2932 omnes.
689 2899 726 2933 Ποῦ
742 2897 821 2945 πορευθῶ
838 2898 872 2935 ἀπὸ
889 2901 920 2935 τοῦ

221 2952 264 2993 Nec
274 2951 373 2992 miraberis
385 2952 480 2991 diversam
492 2962 558 3000 aoeep·
585 2948 682 2997 Πνεύματός
690 2965 728 2998 σου,
738 2953 764 2988 καί
778 2951 811 2991 eat
823 2956 853 2990 τοῦ
864 2968 919 3002 προσ-
