1931 3420
270 236 307 278 ΕΤ
322 235 552 279 FORMULARUM..

20 374 38 393 ,·
52 350 120 389 στόλων
128 350 222 398 γενόμενος.
238 347 280 399 Ign.
294 348 371 400 Fragm.
382 349 393 388 i.

50 407 139 456 γενόμενος
162 403 183 440 έν.
201 404 240 451 ὑμῖν
259 404 301 441 κατὰ
325 406 394 453 πρόσω-

49 475 83 499 πον
98 463 132 496 τών
147 459 186 495 τότε
209 457 308 507 ἀνθρώπων.
330 457 393 509 Polyc.

51 512 99 552 Phil.
111 525 128 562 3.
158 513 219 550 θᾶττον
228 512 294 561 ἀφανὴς
303 515 326 563 τῷ
336 515 395 564 κόσμῳ

49 571 144 619 γενόμενος.
159 565 216 606 Mart.
228 566 272 617 Igu.
283 579 303 616 3.
319 571 395 616 Χριστοῦ

39 644 44 649 =>
50 623 128 661 κοινωνός
133 623 228 671 γενόμενος.
235 620 294 660 Mart.
303 620 366 672 Polyc.
376 622 393 660 6.

49 678 155 727 προφητικδς
166 678 261 725 γενόμενος.
273 677 305 714 16.
334 678 393 724 0146-

49 747 78 769 νον
90 732 193 769 διδάσκαλος
205 733 293 780 γενόμενος
306 729 393 779 ἐπίσημος.

52 798 81 835 19.
110 788 141 823 τοῦ
151 786 241 834 γενομένου
249 812 254 823 .
262 814 267 825 .
275 813 279 823 .
288 787 306 822 έκ
316 786 394 835 σπέρμα-

49 856 79 878 τος
88 838 149 885 Δαβίδ.
157 838 200 891 Ign.
211 839 267 879 Rom.
280 849 298 889 7.
327 843 357 877 ταῦ
366 856 393 877 τε-

48 895 97 932 λείου
106 894 195 947 ἀνθρώπου
204 895 299 944 γενομένου.
315 892 393 945 Smyrn.

49 962 68 997 4.
96 945 166 999 Πρωίας
183 949 202 986 δὲ
216 950 311 999 γενομένης.
333 947 392 999 Olem.

48 1002 60 1042 I
70 1015 101 1052 43.
130 1004 220 1052 γενόμενον
229 1003 260 1042 ἕως
269 1002 334 1053 Συρίας.
348 1003 391 1055 Ign.

49 1056 126 1109 Smyrn.
140 1069 169 1094 11.
196 1057 287 1107 ’γενομένην
296 1058 356 1095 εόδίαν.
367 1057 392 1097 ib.

47 1112 119 1159 δέσμιον
129 1112 163 1150 ὑπὸ
176 1117 285 1162 στρατιωτῶν
295 1113 391 1162 γενόμενον.

48 1166 107 1205 Mam
120 1165 164 1217 Ign.
179 1179 196 1204 π.
224 1167 255 1214 τὴν
265 1171 299 1205 τῶν
307 1166 393 1204 Ἰουδαίων

34 1222 140 1271 ’γενομένην
155 1222 266 1270 φιλονεικίαν.
282 1220 339 1259 Mari}-
355 1221 392 1260 Po·

47 1274 84 1326 lyc.
96 1277 127 1314 18.¹
155 1275 247 1325 μαρτύριον
256 1277 298 1313 κατὰ
310 1277 330 1313 τὸ
342 1277 393 1325 εὐαγ·

46 1329 118 1379 γέλιον.
127 1358 131 1368 .
139 1331 244 1378 γενόμενον.
256 1342 285 1380 19.
303 1332 393 1379 γενόμενόν

47 1400 67 1421 τε
82 1385 114 1433 ἤδη
128 1386 171 1433 πρὸς
184 1385 270 1422 ἀπόλυσιν
283 1388 314 1422 τοῦ
327 1385 391 1422 ἀπαθα-

46 1441 86 1477 νεῖν.
107 1435 168 1478 Olem.
187 1438 199 1477 I
217 1446 247 1487 25.
276 1440 328 1476 ἱκέται
343 1441 391 1489 γενό-

46 1509 93 1541 μεναι
101 1496 133 1530 τοῦ
145 1493 208 1532 ἐλέους.
221 1506 239 1543 9.
267 1495 294 1531 καὶ
306 1495 392 1544 γενόμενοι

46 1547 173 1595 ἀπολαύσωμεν
186 1551 220 1585 τῶν
234 1547 254 1585 δι’
266 1548 308 1596 ἡμᾶς
321 1549 391 1597 γενομέ-

47 1617 85 1639 νων.
94 1601 172 1653 Fragm.
183 1601 209 1640 ix.
237 1602 305 1640 Τούτων
311 1604 392 1640 αὐτόπται

45 1658 137 1705 γενόμενοι.
156 1655 214 1695 Mart.
231 1656 274 1707 Ign.
294 1667 313 1707 7.
350 1657 390 1695 τοὺς

46 1712 120 1759 ἔγγιστα
130 1711 229 1760 γενομένους
237 1711 318 1759 ἀθλητάς.
329 1709 389 1749 Olem.

47 1764 58 1802 I
74 1773 92 1812 5.
120 1765 247 1814 ἀνατυλίξωμεν
260 1767 281 1803 τὰ
294 1765 323 1804 ἀπ’
337 1765 390 1815 ἀρχῆς

45 1822 132 1869 γενόμενα,
141 1831 172 1869 31.
200 1821 299 1869 ἀναγγεῖλαι
308 1822 343 1858 τοῖς
352 1823 389 1857 λοι-

46 1876 85 1912 ποῖς
98 1875 119 1912 τὰ
132 1875 218 1924 γενόμενα.
233 1873 291 1913 Mart.
305 1873 346 1912 Pol.
359 1882 388 1922 15.

19 1936 21 1938 '
46 1929 141 1976 δηλωθῆναι
159 1929 198 1976 ὑμῖν
213 1930 234 1967 τὰ
250 1931 335 1978 γενόμενα.
357 1941 388 1966 20.

46 1983 74 2020 ε’πὶ
87 1985 108 2021 τό
119 1984 160 2021 αὐτὸ
171 1983 273 2033 γενομέναις.
286 1982 330 2034 Ign.
344 1981 388 2020 Phi·

45 2036 83 2075 lad.
100 2050 132 2075 10.
160 2040 221 2086 βρῶμα·
234 2040 347 2087 γενησόμενον
360 2038 389 2085 θη-

45 2092 90 2140 ρίων.
102 2091 214 2144 Marfflgn.
227 2105 243 2131 2.
285 2092 287 2101 ’

18 2148 114 2185 Γινώσκειν,
143 2147 206 2196 ἕγνωιὶ
221 2146 310 2193 βασιλεώς.
328 2144 388 2185 Clem.

45 2199 56 2237 I
75 2212 106 2240 12.
133 2202 222 2250 γινώσκων
235 2203 255 2239 τὸ
270 2201 340 2250 μέλλον.
358 2213 390 2250 31.

45 2256 95 2294 αὐτὸς
111 2257 192 2305 γινώσκει
209 2257 240 2304 τὴν
255 2257 343 2303 ποσότητα
353 2284 357 2293 .
369 2284 390 2294 ..

44 2310 105 2349 αιἰτών.
126 2317 158 2359 35.
187 2314 276 2360 γινώσκων
292 2310 318 2348 ὅτι
334 2309 390 2360 ἕτερός

44 2364 93 2401 εἀτιν
108 2367 118 2402 ὁ
134 2365 246 2415 ἐπιχορηγῶν.
265 2366 297 2414 38.
326 2366 358 2402 Καὶ
374 2366 390 2401 οἱ

44 2419 140 2456 ἀπόστολοι
151 2419 198 2467 ἡμῶν
211 2421 292 2470 ἔγνωσαν.
309 2430 341 2466 44.
371 2419 388 2455 έ-

44 2488 110 2521 γνωμεν
125 2473 147 2510 δι’
163 2475 214 2512 αὐτοῦ
230 2475 260 2512 τδν
276 2474 345 2523 Πατέρα
359 2476 390 2520 τῆς

44 2528 129 2574 ἀληθείας.
144 2526 167 2565 Π
182 2541 200 2577 3.
229 2529 251 2577 μὴ
265 2528 352 2578 ἀρνεῖσθαι
366 2527 387 2564 δι’

44 2581 65 2618 οδ
81 2583 155 2632 ἔγνωμεν
170 2585 225 2620 αὐτόν.
243 2582 268 2621 ib.
296 2584 388 2632 γινώσκετε

45 2664 49 2673 .
59 2665 63 2674 ,
72 2664 77 2673 .
85 2637 128 2684 ὅτιὴ
138 2636 215 2686 ἐπιδημία
225 2639 272 2688 ε’ντῲ
281 2639 340 2687 κόσμῳ
346 2636 389 2674 τοώὲ

43 2705 74 2741 περ.
88 2699 106 2739 5.
135 2695 191 2730 Γνῶτε
203 2694 221 2730 έν
232 2691 264 2729 τίνι
276 2692 356 2738 ε’σώθητε.
370 2702 387 2739 9.

43 2748 130 2795 Μακάριος
143 2746 185 2796 ἀνὴρ
199 2750 209 2784 ὁ
219 2748 308 2797 γινώσκων
318 2745 348 2793 τὴν
356 2748 386 2782 τοῦ

43 2802 112 2849 Πατρός
122 2801 177 2839 δόσιν.
189 2801 267 2852 Fragm.
279 2800 320 2839 viii.
348 2806 386 2836 Ma-

43 2854 100 2902 κάριος
114 2857 123 2891 ό
140 2858 228 2904 γινώσκων
239 2858 265 2893 καὶ
279 2856 344 2900 λάβον.
359 2853 386 2891 ib.

39 2905 107 2957 ’Ἔγνων
116 2910 134 2946 δέ
143 2910 281 2959 παροδεύσαντάς
289 2925 336 2947 τινας
345 2909 386 2945 ἐκεῖ·

44 2962 78 2999 θεν.
94 2963 138 3015 Ign.
154 2963 204 3018 Eph.
221 2978 239 3015 9.
269 2964 289 3002 δι’
306 2965 329 3001 δν
345 2966 386 3012 σιγᾷ

43 3018 152 3065 γινώσκηται,
174 3029 205 3069 15.
234 3020 285 3058 Γνοὺς
303 3020 349 3066 ὑμῶν
366 3019 386 3054 τὸ

43 3069 173 3112 πολυεώτακτον,
192 3075 258 3126 Magn.
279 3087 295 3112 1.
333 3072 386 3109 καθώς

757 236 797 279 ’33

450 351 503 397 ἔγνων
519 351 546 387 καὶ
564 349 603 388 τοὺς
620 349 678 399 όγίους
696 350 793 399 πρεσβυτέ-

449 420 494 454 ρους.
510 416 530 453 3.
558 405 589 441 οὐκ
601 404 637 442 ἐπεὶ
649 404 702 453 έγνων
715 405 761 442 τινὰς
775 404 794 451 ἐξ

450 458 559 507 ὑμῶν-οὕτως
568 459 643 506 ἔχοντας.
657 469 663 495 1
672 471 687 495 1.
711 457 794 505 ’Ἄμωμον

450 514 552 551 διάνοιαν..
564 541 568 551 .
579 513 632 561 ἔγνων
654 513 696 560 ὑμᾶς
716 513 792 561 ἔχοντας.

450 566 507 605 Trall.
525 580 543 605 1.
571 567 622 612 ἔδοξα
638 567 691 615 εὑρών
707 567 755 614 ὑμᾶς,
771 568 794 606 ὧς

449 623 506 672 ἔγνων.
521 621 546 660 ib.
571 622 611 658 Ὀὐκ
623 622 660 659 ἐπεὶ
671 622 724 670 έγνων
737 624 792 658 τοιοῦ-

449 679 479 714 τόν
486 692 502 714 τι
511 677 530 714 έν
536 677 582 724 ὑμῖν.
594 677 613 715 8.
641 676 659 713 τί
669 691 703 723 μοι·
708 675 793 724 συμφέρει

449 732 483 781 ἐγώ
496 733 580 780 γινώσκω.
594 729 650 768 Rom.
664 738 682 778 5.
707 727 741 767 οΟν
755 730 792 767 έπί-

449 800 514 824 σκαπον
532 786 589 835 ἔγνων.
609 783 683 823 Philad.
702 797 718 822 1.
759 784 792 822 ἀπὸ

449 841 512 890 σαρκὸς
528 839 633 889 ἀνθρωπίνης
648 840 677 876 οὐκ
696 840 754 889 ἔγνων,
773 846 791 887 7.

449 895 478 932 ἐὰν
493 896 563 945 γνωσθῇ
578 894 631 932 πλέον
645 897 676 931 τοῦ
692 894 792 931 ἐπισκόπου.

448 948 512 1000 Polyc.
525 957 543 997 5.
571 949 662 998 ἐγίνωσκες
671 947 697 985 ὅτι
706 949 790 995 τεσσερά-

448 1019 498 1041 κοντα
508 1003 576 1053 ἡμέρας.
585 1002 663 1054 Fragm.
674 1001 714 1041 viii.
741 1017 791 1051 γινω-

447 1057 523 1096 σκαιίσας
532 1058 558 1095 ὅτι
567 1059 600 1095 εἶσὶ
610 1056 732 1107 θυσιαστήριον
741 1059 791 1094 Θεοῦ.

447 1112 511 1163 Polyc.
520 1112 568 1150 Phil.
578 1125 595 1160 4.
624 1111 643 1150 ὃς
650 1112 699 1151 εὐθὺς
707 1111 759 1161 γναδς
767 1114 791 1162 τῷ

446 1167 533 1215 πνεύματι,
547 1166 605 1205 Mart.
616 1166 660 1217 Igu.
671 1167 688 1204 6.

420 1221 491 1260 Γλυκώς.
514 1226 548 1259 τών
562 1223 642 1259 διακόνων
652 1225 686 1258 τῶν
698 1221 735 1269 ἐμοὶ
747 1222 791 1269 γλυ-

446 1277 526 1314 κυτάτων,
537 1275 580 1327 Igu.
590 1275 654 1326 Magn.
667 1275 684 1313 6.

419 1330 510 1377 Γλυκώτης.
528 1332 569 1367 κατὰ
576 1331 619 1378 τὴν.
629 1358 633 1367 .
643 1329 750 1380 ,γλυκύτητα
760 1332 791 1366 τοῦ

446 1385 548 1433 ποιήσαντος
556 1386 604 1433 ἡμᾶς.
616 1383 675 1423 Olem.
686 1384 698 1422 I
709 1396 740 1431 14.

419 1442 500 1477 Γλώσσα.
535 1441 555 1476 τὸ
572 1440 642 1477 ἐπιεικές
660 1441 690 1486 τῆς
707 1439 792 1488 γλώσσης

446 1495 506 1531 αὐτῶν.
517 1492 577 1532 Olem.
588 1491 599 1530 I
609 1506 641 1531 21.
682 1494 725 1541 τὴν.
735 1521 739 1531 .
749 1497 791 1542 ,τῆς

445 1550 528 1597 γλώσσης
554 1549 601 1596 ὑμῶν
624 1548 718 1586 αιἰθάδειαν.
758 1555 790 1598 57.

445 1605 494 1641 πᾶσα
507 1605 583 1651 γλῶσσα
599 1601 715 1642 πιστεύσασα.
744 1603 789 1655 Ign.

443 1655 508 1707 Magn.
521 1669 552 1695 10.

417 1713 498 1758 Γνησίως.
519 1710 589 1758 ἀλήθεια
602 1711 676 1760 γνησίως
691 1713 788 1760 ζητουμένη.

444 1765 522 1816 Fragm.
533 1764 594 1804 (λεια.
604 1765 630 1804 vi.

417 1822 481 1868 Γνώμη.
494 1821 593 1869 προστιθεὶς
605 1820 632 1857 καὶ
642 1821 710 1869 γνώμην
718 1820 789 1870 ἀγαθήν,

445 1873 505 1913 Olem.
516 1873 527 1911 Ῑ
537 1876 556 1913 8.
590 1874 731 1924 κατηρτισμένοι.
742 1904 746 1913 .
756 1905 760 1914 .
769 1880 790 1924 τῇ

444 1930 485 1976 αὐτῇ
497 1927 677 1979 7v64131.Ign.Eph.
689 1941 707 1968 2.
744 1929 791 1970 ὅπως

444 1983 548 2032 συντρέχητε
560 1987 580 2031 τῇ
591 1985 650 2032 γνώμη
660 1986 691 2020 τοῦ
703 1987 753 2024 θεοῦ.
769 1997 788 2034 3.

444 2038 511 2085 Ἰησοῦς
527 2038 615 2087 Χριστὸς.
625 2067 629 2076 .
639 2041 682 2076 .τοῦ
698 2040 766 2088 Πατρός
779 2041 789 2087 ἡ

444 2095 507 2142 γνώμη.
514 2090 539 2131 ib.
569 2095 585 2129 αἱ
593 2093 685 2131 ἐπίσκοποί
693 2121 697 2131 .
707 2122 711 2131 ,
720 2122 724 2131 .
732 2093 790 2141 Ἰησοῦ

444 2149 522 2196 Χριστοῦ
530 2149 588 2196 γνώμη
599 2146 650 2186 εἶσίν.
662 2146 687 2186 ib.
717 2149 788 2198 συντρέ-

444 2215 482 2250 χειν
496 2204 517 2248 τῇ
532 2205 562 2239 τοῦ
580 2202 674 2240 ἐπισκόπου
688 2205 752 2252 γνώμη,
770 2215 788 2250 4.

445 2256 475 2303 τὴν
484 2256 508 2294 εἷς
517 2258 560 2293 θεόν
568 2271 602 2304 μου
610 2258 678 2306 γνώμην
686 2258 788 2307 διαφθεῖραι.

444 2310 500 2348 Rom.
511 2317 530 2358 7.
572 2312 614 2347 κατὰ
627 2313 695 2360 γνώμην
704 2314 754 2349 θεοῦ.
768 2311 787 2350 8.

444 2364 590 2414 ἀποδεδειγμένοις
613 2365 632 2401 έν
649 2366 706 2413 γνώμη
730 2365 787 2413 Ἰησοῦ

443 2421 525 2467 Χριστοῦ.
538 2417 686 2457 Philad.111501.
721 2420 752 2467 τὴν
764 2422 788 2459 εἷς

444 2474 488 2509 Θεὸν
501 2473 553 2509 αὐτοῦ
567 2474 641 2522 γνώμην,
659 2484 674 2510 1.
715 2472 755 2512 είτις
769 2475 787 2511 ἐν

442 2525 524 2575 ἀλλοτρίᾳ
535 2528 592 2576 γνώμη
602 2529 694 2576 περιπατεῖ.
708 2540 725 2576 3.
737 2529 739 2532 ’
753 2528 785 2576 μή.

441 2596 484 2618 ποτε
496 2581 582 2626 θλιβέντες
592 2583 612 2627 τῇ
625 2583 683 2629 γνώμῃ
695 2583 752 2620 αὐτοῦ.
767 2583 785 2621 6,

443 2635 512 2672 ἐναντίοι
527 2636 571 2672 εἰσὶν
583 2638 603 2681 τῇ
618 2637 675 2684 γνώμη
689 2639 719 2672 τοῦ
734 2641 784 2676 Θεοῦ,

443 2688 519 2740 Smyrn.
531 2689 548 2726 6.
578 2704 611 2725 σου
622 2689 652 2735 τὴν
663 2690 681 2727 ε’ν
691 2694 729 2742 Θεῷ
740 2693 785 2740 γνώ-

440 2759 472 2792 μην
481 2743 592 2792 ἡδρασμένην.
603 2742 667 2794 Polyc.
681 2756 699 2782 1.
728 2747 786 2793 Μηδὲν

441 2798 480 2835 ἄνευ
488 2798 556 2847 γνώμης
565 2813 598 2835 σου
605 2799 685 2847 γινέσθω.
696 2811 715 2847 4.
744 2802 786 2848 μετὰ

441 2854 507 2901 γνώμης
513 2856 544 2889 τοῦ
554 2853 654 2890 ἐπισκόπου,
666 2861 683 2901 5.
709 2855 731 2893 ὡς
740 2860 785 2894 θεοῦ

441 2909 508 2956 γνώμην
524 2907 627 2954 κεκτημένος.
648 2908 667 2945 8.
715 2908 741 2948 οἷς
759 2913 786 2949 καὶ

441 2961 528 3008 ἡυώθησαυ
560 2962 601 2998 κατὰ
634 2964 702 3011 γνώμην
735 2969 784 3004 θεοῦ,

440 3015 516 3066 Fragm.
528 3029 546 3055 v.

414 3075 482 3108 Γνώσις.
497 3071 527 3117 τὴν
539 3071 605 3108 τελείαν
618 3073 645 3110 καί
656 3072 729 3124 ἀσφαλῆ
741 3080 784 3125 γνώ-

501 3139 511 3164 θ
