1931 3420
270 251 272 256 ι
315 221 352 265 ΕΤ
367 221 592 268 FORMULARUM.
810 221 836 267 71

100 332 126 375 ib.
141 333 204 384 όγέλης
213 335 265 380 καλῆς
276 331 373 380 ἡγούμενος.
383 331 441 371 Mart.
495 334 525 380 τῆς
535 333 607 382 καρδίας,
619 332 683 384 Ροίγα.
696 332 745 372 Phil.
757 347 775 382 η.
803 338 837 371 τῶν

86 430 88 432 ,
101 391 145 442 Ign.
157 401 173 426 τ.
202 388 230 425 διίι
241 389 271 434 τῆς
283 388 335 434 καλῆς
344 386 440 436 ὁμολογίας.
496 387 546 424 αιἰτδν
558 389 576 425 ἐν
588 386 647 437 καρδίη
658 387 763 437 φορούντων.
776 386 834 426 Mart.

102 460 119 494 4.
148 444 199 489 καλῆς
208 441 322 493 άνεκρχάείσης
330 440 375 492 αὐτῷ
384 440 441 490 δόμος.
496 439 539 491 Igu.
551 453 569 480 2.
597 443 633 479 τοῖς
647 442 676 488 τῆς
687 442 756 491 καρδίας
766 443 834 491 ὀφθαλ-

101 500 126 538 ib.
164 497 222 534 Καλόν
239 496 258 533 δὲ
275 494 395 544 μετατίθεσθαί
414 510 440 542 με.
495 498 540 542 μοῖς.
549 494 607 534 Mart.
618 494 683 546 Polyc.
695 507 713 533 2.

102 554 160 592 Μαΐδ.
171 550 235 601 Polyc.
250 561 279 588 11.
294 549 344 587 παντί
354 550 441 600 γὰρκαλῴ
469 551 555 599 Καροῡχα.
582 549 682 598 μεταθέντες
697 550 748 587 αὐτόν
762 551 790 588 έπί
805 551 836 598 τὴν

103 640 119 648 ,,
130 607 250 653 ,ἐκεκόσμητα
265 616 294 653 13.
496 605 586 653 καροῦχαν.
598 602 658 643 Mart..
667 602 731 654 Polye.
742 605 761 641 8.
789 619 834 642 κατι-

74 662 175 700 Κολύπτειν.
209 659 265 708 ἀγάπη
279 657 361 696 καλόπτει
370 655 442 705 ’πλῆθος
495 660 536 695 όντα
544 658 578 696 ἀπὸ
586 660 617 706 τῆς
626 657 715 707 καροόχας.
725 657 751 698 ib.

80 711 327 764 ,ἁμαμτιῶνΟίθηΙηα
362 722 369 730 '
468 713 542 762 Καρπός.
570 711 782 763 είςπέπειρονκαταντᾷό
795 728 834 763 καρ-

74 773 137 808 Καλῶς
145 770 187 816 ἔχει.
197 766 241 818 Igu.
255 765 332 817 Smyrn.
343 777 360 814 9.
386 768 441 805 καλῶς
494 768 532 805 πός.
544 765 604 805 Olem.
614 766 625 804 I
637 779 668 816 23.
696 767 788 821 Βλέπωμεν
796 768 835 807 τοὺς

101 822 191 870 ἐποιήσατε
200 821 327 869 ὑποδεξάμενοι.
341 833 369 859 10.
495 820 575 871 καρπούς.
587 832 618 869 24.
647 822 674 859 καί
685 821 754 870 ἐκφέρει
766 823 836 871 καρπόν.

74 880 152 928 Καράρα.
185 877 208 913 Τό
218 877 252 925 γάρ
262 879 296 925 πῦρ
310 877 384 925 καμάρας
398 872 441 913 εἶδος
495 873 520 913 ib.
548 876 594 913 άλλδ
606 876 633 913 καὶ
645 877 710 925 καρπόν
718 876 788 924 ἔχουσα.
801 888 834 925 43.

79 969 81 971 .
101 934 180 979 ποιῆσαν.
191 929 320 980 MamPolyc.
334 939 364 979 15.
495 929 505 977 ἢ
517 931 554 969 τίνα
565 932 629 979 καρπὸν
641 930 690 977 ’άξιον
702 929 723 967 οδ
734 929 773 978 ἡμῖν
786 931 836 969 αὐτὸς

73 988 156 1034 Κάματος.
184 985 438 1035 προσχὼνμετὰπολὺνκάμα-
493 985 565 1028 έδαυκεν,Ι
582 984 605 1023 ΙΙ
618 997 634 1023 1.
654 985 714 1023 Οὐδεὶς
722 986 756 1034 γὰρ
768 986 836 1023 δικαίων

100 1055 130 1079 τον
147 1043 168 1087 τῇ
186 1039 283 1088 Σμυρναίων
300 1042 356 1077 πόλει.
381 1040 438 1080 Mart.
493 1040 547 1088 ταχὺν
555 1041 619 1088 καρπόν
631 1040 703 1090 ἔλαβεν.
714 1038 791 1091 Fragm.
805 1038 833 1078 iii.

79 1132 81 1135 ,
101 1095 144 1146 Ign.
162 1106 180 1143 3.
209 1094 232 1132 ὣς
247 1093 265 1130 ἐκ
283 1095 357 1141 καμάτου
372 1097 440 1133 πολλοῦ
493 1094 557 1143 καρπόν
573 1094 694 1143 θανατηφόρον.
714 1092 757 1145 Igu.
774 1093 833 1133 Trall.

100 1149 266 1200 παραγενόμενον,7.
495 1159 524 1186 11.
553 1147 691 1198 ἢνδυὸκαρπός
699 1149 755 1185 αὐτῶν
764 1149 833 1198 άφθαρ-

74 1204 152 1252 Κάμινος.
189 1201 313 1251 κατείμχθησαν
331 1203 355 1241 είς
372 1204 440 1251 κάμινον
493 1217 527 1241 τος.
545 1201 570 1241 ib.
604 1201 645 1252 ’.αφ’
661 1202 682 1240 οὗ
699 1206 764 1252 καρποῦ
780 1203 832 1251 ἡμεῖς.

100 1259 158 1308 πυρός.
173 1254 299 1304 Olem.I45.
334 1257 438 1305 είςτὴνκᾶ-
494 1254 570 1307 Smyrn.
585 1268 600 1294 1.

99 1327 148 1359 μιναν
156 1313 186 1348 τοῦ
195 1311 248 1360 πυρός
257 1310 298 1348 αὐτὸ
308 1312 375 1356 βαλεῖν.
386 1311 409 1349 Π
419 1313 437 1350 8.
466 1313 591 1360 Καρποφορεῖν.
618 1308 735 1360 Ικαρποφορεῖ
757 1312 781 1350 είς
804 1313 834 1349 τόν

100 1367 173 1416 ἄργυρος
197 1365 215 1402 ἐν
240 1365 302 1415 καμίνῳ
330 1364 438 1415 πυρούμενος.
470 1402 472 1407 ,
493 1363 554 1414 Κύριον
563 1365 614 1413 ἡμῶν.
624 1363 689 1415 Polyc.
697 1363 745 1403 Phil.
759 1377 775 1403 1.

100 1420 159 1458 Mart.
169 1418 232 1470 Polye.
246 1426 275 1466 15.
466 1419 581 1464 Καταθαίνειν.
609 1419 706 1465 κατέβησαν
714 1420 748 1469 γάρ
757 1420 781 1459 εἶς
791 1418 833 1468 ᾅδου

73 1476 150 1523 Κάμνιιν.
186 1474 250 1522 σχεδόν
258 1473 277 1510 έκ
288 1476 319 1511 τοῦ
329 1475 392 1523 χρόνον
401 1489 437 1512 κεκ·
493 1474 559 1518 ζῶντες.
578 1471 639 1511 Olem.
658 1471 670 1509 Ι
689 1481 720 1521 51.
759 1475 835 1519 καταβὰς

99 1530 167 1576 μηκότα.
178 1526 236 1566 Μανία
247 1525 310 1579 Polyc.
323 1540 354 1566 22.
492 1529 522 1574 τῆς
530 1529 574 1574 νηός.
587 1526 644 1565 Mart.
657 1525 701 1578 Igu.
712 1540 730 1577 3.
765 1529 792 1565 καί
803 1543 832 1566 κα-

73 1584 164 1630 Κάμπτειν.
193 1582 291 1631 κάμψαντες
302 1583 323 1619 τίς
334 1584 397 1631 γόνατα
409 1585 438 1630 τῆς
492 1582 552 1626 ταβδς,
562 1581 647 1630 διελέχθη.
657 1580 714 1620 Μαςδ.
726 1581 790 1633 Polyc.
801 1590 819 1632 7.

100 1637 173 1686 καρδίας.
184 1634 243 1674 (ίίθῐη.
254 1634 266 1673 I
276 1643 308 1685 57.
466 1635 563 1683 Καταβολίη.
582 1638 598 1673 οί
606 1636 637 1683 τὴν
645 1637 742 1684 καταβολὴν
751 1639 781 1684 τῆς
789 1638 832 1675 στά·

74 1693 137 1729 Κανών.
161 1691 179 1727 έν
187 1706 206 1727 τε
215 1693 239 1740 τῷ
248 1692 302 1728 κανόνι
315 1692 344 1738 τῆς
354 1692 439 1741 ὑποταγῆς
493 1705 537 1729 σεως
545 1689 652 1737 ποιήσαντες.
663 1689 723 1728 Olem.
734 1689 745 1728 Ι
755 1699 787 1740 57.

100 1743 217 1793 ὑπαρχούσας.
227 1743 339 1783 Olem.11;
367 1746 437 1785 τόν...
465 1744 599 1794 Καταγγέλλειν.
632 1746 833 1784 διδτὸκαὶαῦτοδςείς

99 1802 128 1847 τῆς
137 1800 186 1848 ἁγίας
196 1798 273 1846 κλήσεως
284 1799 330 1846 ἡμῶν
342 1800 405 1838 κανόνα.
419 1807 436 1848 7.
491 1799 511 1835 τό
525 1798 632 1848 εὐαγγέλιον,
639 1799 776 1849 κατηγγελκέναι.
789 1799 833 1851 Ign-

99 1855 129 1890 τδν
138 1853 231 1901 ὡρισμένον
237 1854 266 1899 τῆς
275 1854 380 1902 λειτουργίας
386 1855 438 1892 αὐτοῦ
492 1851 566 1890 Philad.
577 1861 594 1900 5.
624 1855 645 1890 οί
653 1853 687 1903 γάρ
698 1853 781 1902 ἀγαπητοὶ
789 1870 833 1904 προ·

100 1908 164 1945 κανόνα.
175 1918 206 1954 41.
240 1906 268 1944 δν’
268 1908 293 1944 δεῖ
304 1908 346 1945 κατά
359 1907 398 1947 τοὺς
409 1922 438 1945 κα-
493 1907 547 1954 ῲῆται
555 1906 667 1957 κατήγγειλαν
677 1909 700 1946 εἰς
709 1909 765 1946 αὒτάν.
777 1920 795 1958 9.
814 1909 834 1955 ἐξ

100 1959 324 2014 νόναςὴμῶνἛταὲιαηΧ,
492 1960 568 2009 ἀρχαίων
591 1962 738 2011 καταγγελλομένη
763 1964 834 2012 χρόνων.

73 2014 143 2064 Καρδία.
171 2015 199 2052 ε’πί
214 2016 236 2052 τά
249 2017 305 2062 πλάτη
321 2018 351 2063 τῆς
365 2017 436 2065 καρδίας.
493 2014 557 2066 Polyc.
568 2014 617 2055 Phil.
629 2029 646 2054 1.

100 2068 212 2108 Olem.I2.
240 2070 258 2107 έν
273 2071 349 2117 ὁσιότητι
365 2072 437 2119 καρδίας.
466 2070 555 2119 Κατάγειν.
578 2071 639 2115 ζῶντας
649 2073 743 2123 κατήγαγεν
752 2073 776 2112 εἷς
784 2071 833 2120 ᾅδου.

100 2135 132 2172 32.
160 2122 439 2173 Προτρέπεταιοδνὴμκῖςέξόλης
493 2122 555 2162 Olem.
572 2123 583 2162 I
599 2137 619 2173 4.
649 2127 689 2177 παρ’
707 2125 722 2178 ᾧ
740 2127 833 2175 καταχθείς.

99 2178 207 2227 τῆςκαρδίας.
220 2190 250 2226 34.
285 2180 301 2215 οί
310 2179 397 2228 ὀφθαλμοί
409 2182 439 2227 τῆς
493 2176 552 2217 Mart.
562 2178 606 2229 Igu.
616 2191 634 2229 3.
655 2182 751 2230 καταχθείς
764 2182 792 2220 ε’πί
803 2182 834 2228 τὴν

100 2233 173 2281 καρδίας.
184 2233 217 2281 36.
235 2266 236 2269 ,
252 2234 345 2282 σκληρῦναι
357 2234 387 2281 τὴν
398 2249 437 2283 καρ-
493 2234 586 2271 Νεάπολιν.
597 2242 616 2282 5.

100 2286 137 2324 δίαν
151 2287 207 2331 αὐτοῦ,
226 2287 281 2326 καθὼς
303 2287 408 2337 έσκληρόνθη
428 2289 438 2336 ᾗ
466 2288 581 2337 Κατάγνωσις.
610 2291 702 2338 μᾶλλονδὲ
711 2292 775 2327 ἑαυτῶν
783 2289 832 2326 κατά-

100 2339 164 2389 καρδία.
181 2349 211 2389 51.
242 2342 270 2379 διὰ
283 2342 302 2380 τό
319 2343 440 2392 σκληρυνόῆναι
493 2356 558 2390 γνωσιν
566 2342 654 2391 φέρουσιν.
665 2342 789 2392 Olem.151.
857 2357 860 2359 ·

100 2396 154 2432 αὐτῶν
169 2397 199 2434 τὰς
215 2395 307 2434 ἀσυνέτους
325 2398 397 2446 καρδίας.
413 2395 438 2435 ib.
467 2394 619 2445 Καταγωνίζεσθαι.
639 2398 795 2447 καταγωνισάμενος
804 2398 834 2434 τόν

99 2450 120 2486 τά
136 2452 198 2498 γόνατα
214 2452 243 2497 τῆς
259 2451 332 2500 καρδίας.
348 2459 381 2500 57.
420 2452 440 2498 ἐξ
493 2449 637 2499 άδικανάρχοντα.
647 2450 705 2490 Mart.
716 2450 781 2501 Polyc.
795 2464 824 2500 19.

100 2503 142 2550 ὅλης
155 2505 228 2553 καρδίας.
242 2503 265 2542 ΙΙ
278 2517 298 2554 3.
332 2505 437 2553 μετανοήσας·
467 2504 600 2551 Καταδέχεσθαι.
616 2504 655 2544 τοός
664 2521 683 2542 τε
692 2505 834 2553 καταδεξαμένους

100 2573 131 2604 μεν
146 2559 166 2605 ἐξ
182 2558 223 2607 ὅλης
236 2561 266 2606 τῆς
281 2560 355 2609 καρδίας.
373 2560 391 2597 8.
419 2560 439 2597 τδ
493 2558 514 2594 τὰ
522 2558 577 2606 λόγια.
588 2557 647 2598 Ulem.
658 2558 669 2596 Ι
681 2571 712 2609 19.

99 2615 201 2660 μετανοῆσαι
215 2614 235 2660 ἐξ
249 2614 347 2663 είλικρινοῦς
365 2615 438 2663 καρδίας.
467 2612 589 2657 Καταδικάζειν.
624 2617 682 2651 πᾶσαν
700 2614 834 2651 καταδικάσαντα

102 2679 119 2715 9.
149 2667 197 2706 εἰδὼς
210 2668 256 2715 ἡμῶν
268 2669 289 2705 τὰ
303 2669 321 2705 ἐν
334 2669 398 2718 καρδίᾳ.
413 2668 438 2706 ib.
494 2666 587 2714 δαιμονικὴν
596 2668 665 2715 πλάνην.
676 2667 734 2706 Mart.
744 2667 786 2718 Ign.
799 2679 816 2705 2.

99 2721 122 2768 μὴ
137 2721 171 2759 ιίπδ
186 2724 271 2770 στόματος
286 2725 342 2770 μόνον,
355 2724 400 2760 ἀλλὰ
413 2724 440 2760 καὶ
467 2719 571 2760 Κατακαίειν.
593 2723 833 2771 προσκεφάλαιοναῧτοῦὑπδ

43 2793 45 2795 ·
99 2776 252 2825 άπδ’καρδίας.ίί).
281 2777 437 2827 ε’νκαθαρᾷκαρδία
491 2776 695 2824 πυρδςκατακαιόμενον.
715 2776 774 2815 Mart.
795 2775 832 2814 Po·

100 2830 247 2882 δαυλεάσωμεντῴ
257 2835 301 2882 θεῷ.
312 2844 342 2870 11.
357 2833 438 2870 οίδιστά.
492 2827 529 2878 lyo.
544 2837 561 2876 5.
590 2831 642 2875 ζῶντα
658 2832 784 2877 κατακαυθῆναι.
802 2842 832 2874 12,

100 2885 185 2931 ζαντεςτῇ
198 2884 298 2934 καρδίη.ἱί).
335 2887 363 2934 Μὴ
375 2901 437 2936 ταρασ-
493 2881 528 2920 δία.

100 2939 145 2975 σέτω
155 2940 185 2986 τὴν
194 2939 438 2992 καρδίανὺμῶνἜιαγζααίἰί.
467 2937 585 2976 Κατακεῖσόαι.
613 2939 630 2976 ἐν
644 2940 675 2976 τινί
689 2940 766 2991 δωματίῳ
783 2954 833 2978 κατα-

100 2993 118 3028 ἐν
123 2992 209 3045 ἀμερίστῳ
216 2995 280 3043 καρδίη.
289 2993 331 3045 Ign¹
341 2994 398 3033 Tmll,
409 3006 438 3043 13,
493 2992 571 3038 κείμενον.
583 2992 639 3031 Mart.
652 2992 716 3045 Polyo.
729 3006 746 3045 7.

99 3050 119 3085 θλ
128 3045 202 3087 Philad.
214 3048 232 3086 6.
248 3051 286 3086 οὔτε
295 3065 311 3086 τι
321 3054 355 3088 τῶν
363 3053 440 3098 κρυπτῶν
466 3047 607 3087 Κατακυλουθεῖν.
644 3050 791 3097 κατακολουθῆσαι
813 3052 833 3095 τῇ
