2017 3420
163 212 191 257 70

114 344 121 350 ²
192 324 259 374 καιροὺς
274 324 393 372 καταμάνθανε.
408 334 427 374 5.
451 327 481 364 τὸν
491 325 534 376 θπέρ

193 380 250 428 καιρὸν
267 379 360 428 προσδόκα.
381 378 408 418 ib.
438 380 467 418 ἐὰν
484 381 535 425 λάβω

192 435 250 483 καιρδν
263 433 338 472 εὔθετον.
357 433 422 485 Polyc.
438 433 486 473 Phil.
504 447 534 484 13.

192 489 272 537 διάγοντα
287 489 318 536 μέν
331 488 367 527 κατ’
381 490 485 528 ἐκεῖνοντὸν
498 504 534 527 και·

399 208 498 254 INDEX
513 210 687 278 ναιοιςοιιυοι

589 328 624 376 πρὸ
642 327 733 375 δεκατριῶν
749 326 837 363 καλανδῶν
852 324 934 364 Ἰαννουα-

589 381 635 431 ρίων,
657 379 716 420 Mart.
733 380 776 431 Ign.
794 387 813 429 7.
841 381 876 429 πρὸ
892 380 935 418 ε’πτά
951 406 954 411 -

590 436 679 474 καλανδῶν
697 432 764 474 Μαίων,
791 433 850 474 Mart.
869 433 933 486 Polyc.

592 501 623 528 21·

191 544 228 592 ράν.
243 541 386 594 M617.Ign.2.
410 545 534 582 κατάτδνκαι-
562 543 643 582 Καλεῖν.
661 545 737 592 Μωίίσῆς
754 541 933 591 πιστὸς...ε’κλνήθη.

192 598 367 647 ρδντοῦμαρτυρίον.
384 606 403 648 7.

165 653 237 701 Καῖσαρ,
254 655 282 704 Τῷ
291 650 365 703 Καίσαρι
374 654 475 703 ὑποτάγητε.
489 651 532 704 Igu.

192 705 270 758 Fragm.
280 705 308 745 iii.
337 708 379 745 κατὰ
387 709 407 744 τὸ
415 709 469 746 πάλαι
477 709 535 757 πράσ-

192 776 248 810 ταγμα
256 764 287 799 τοῦ
296 761 388 811 Καίσαρος.
399 761 457 801 Marfl.
466 761 508 813 Igu.
516 762 535 800 6.

193 816 252 859 είπεῖν,
262 815 324 865 Κύριος
335 819 402 865 Καῖσαρ
411 818 415 855 ί
430 815 487 855 Mart.
498 815 535 854 Po-

193 869 230 921 lye.
250 872 269 908 8.
301 869 381 918 ’Ὄμοσον
400 871 431 919 τὴν
450 871 537 919 Καίσαρος

192 923 251 972 τύχην.
268 928 349 974 91110.

166 979 223 1016 Κακία.
252 981 274 1015 Οἱ
283 979 364 1027 στυγητοί
373 979 400 1016 καὶ
409 979 466 1026 πάσης
478 979 536 1017 κακίας

192 1032 268 1082 πλήρεις.
283 1031 365 1071 01611λῖ
376 1041 408 1081 45.
431 1032 466 1080 ’τὴν
475 1033 494 1070 δὲ
504 1048 534 1070 κα-

193 1087 229 1125 κίαν
247 1087 383 1136 καταλείψομεν.
400 1086 423 1125 Π
441 1099 472 1125 10.
500 1089 535 1126 πῶς

191 1142 255 1189 δεσμὸς
260 1140 351 1191 ἠφανίζετο
356 1142 417 1180 κακίας.
433 1141 475 1193 Igu.
483 1140 532 1192 Eph.

194 1207 224 1245 19.
252 1196 348 1243 δαιμονικὴν
356 1197 422 1244 πλάνην
430 1198 457 1234 καὶ
469 1196 533 1235 κακίαν,

192 1248 249 1289 Mart.
260 1248 303 1302 Ign.
315 1262 332 1288 α.

164 1303 281 1352 Κακοδαίμων.
324 1305 353 1344 Τίς
376 1302 397 1348 εἶ,
421 1305 534 1353 κακάδαιμον;

191 1357 249 1398 Mart.
263 1358 307 1410 Igu.
321 1371 337 1397 2.
366 1361 456 1409 Θεαφιίρον
469 1359 533 1398 ἀποκα-

191 1415 220 1450 λεῖ
227 1414 341 1461 κακοδαίμονα.
356 1411 384 1452 ib.

165 1468 324 1505 Κακοδιδασκολεῖν.
353 1468 535 1512 κακοδιδασκαλοῦντες

191 1523 222 1560 τάς
230 1522 313 1561 ἀναιτίους
321 1522 386 1571 ψυχάς.
402 1521 463 1560 Olem.
470 1521 493 1561 Π
503 1535 534 1561 10.

164 1576 318 1614 Κακοδιδασκαλία.
346 1576 421 1627 φεύγετε
440 1578 469 1614 τὸν
486 1593 534 1627 μερι-

191 1631 241 1678 σμδν,
249 1632 276 1668 καὶ
282 1631 312 1670 τάς
319 1631 476 1669 κακοδιδασκαλίας.
490 1631 533 1683 Ign.

192 1683 265 1723 Philad.
277 1696 294 1723 2.

164 1739 264 1787 Κακοίηθεια.
293 1738 421 1789 ἀπορρίψαντες
430 1740 460 1789 ἀφ’
470 1741 534 1778 ἑαυτῶν

193 1821 211 1832 ..
221 1793 335 1837 ,κακοηθείαα
351 1792 413 1833 Olem.
424 1792 434 1830 I
447 1806 477 1832 10.

165 1849 226 1886 Κακάς.
262 1848 285 1896 μὴ
308 1848 350 1896 ἡμᾶς
376 1849 463 1896 καταλάβῃ
486 1851 533 1887 κακά.

192 1900 253 1940 Olem.
270 1901 292 1940 Π
311 1905 345 1941 10.“
374 1902 405 1949 τὴν
422 1904 535 1952 πολυχρόνιον

191 1960 225 1994 τῶν
238 1961 293 1994 κακῶν
306 1956 400 2003 συνίγθειαν.
419 1955 497 2007 Fragm.
506 1957 532 1996 vi.

191 2011 262 2059 ἔχοντας
276 2011 325 2058 κακὴν
338 2009 413 2059 διδαχὴν.
430 2011 473 2062 Ign.
482 2010 531 2062 Eph.

192 2076 211 2113 9.
231 2065 249 2102 ἐν
257 2067 298 2111 κακῇ
307 2064 408 2112 διδασκαλία
417 2065 485 2114 φθείρῃ.
500 2067 531 2105 16.

192 2119 223 2166 την
233 2119 285 2166 κακὴν
296 2118 352 2167 ζύμην.
366 2117 433 2169 Magn.
445 2131 476 2157 10.
505 2122 535 2159 τὰς

191 2173 242 2212 κακῶς
250 2173 368 2223 παραφυάδας.
383 2171 484 2212 Τ1α11.11.
504 2189 533 2211 κα-

190 2228 218 2265 καὶ
225 2229 304 2266 κολάσεις
311 2230 341 2265 τοῦ
349 2227 437 2272 διαβόλου.
450 2226 506 2265 Rom.
515 2237 533 2276 5.

192 2281 243 2330 ἡδονῇ
256 2285 297 2328 κακῇ
311 2281 469 2330 αίχμαλιοτίζουσιν.
488 2281 533 2320 Phi·

191 2335 229 2375 lad.
246 2348 264 2374 2.
292 2340 327 2373 τῶν
341 2340 396 2373 κακῶν
409 2338 493 2381 βοτανῶν.
514 2349 533 2386 3.

190 2392 214 2430 ῶς
228 2391 283 2441 ἀρχὴν
296 2394 355 2428 κακῶν.
372 2389 449 2441 Smym.
460 2391 478 2428 8.
501 2406 533 2437 μα-

190 2446 231 2494 κρὰν
239 2447 382 2484 οὔσας...παντδς
394 2448 450 2482 κακοῦ.
465 2443 531 2495 Polyc.

190 2497 238 2538 Phil.
250 2513 268 2547 4.
292 2495 449 2549 χαλιναγωγοῦντες
463 2500 533 2538 ἑαυτοὺς

189 2554 223 2592 ἀπὸ
237 2555 301 2592 παντὸς
316 2557 372 2593 κακοῦ.
394 2562 413 2602 5.
448 2556 498 2591 κακόν
511 2569 533 2602 με

190 2610 233 2657 πρὸς
241 2609 373 2656 τοὺςδαίμονας.
389 2607 448 2647 Mam
460 2609 501 2658 Ign.
513 2620 532 2646 2.

189 2661 211 2700 Τί
223 2664 257 2712 γὰρ
272 2665 321 2700 κακόν
337 2664 384 2700 ἐστιν
398 2664 455 2707 εἰπεῖν,
471 2662 533 2712 Κύριος

190 2719 269 2765 Καῖσαρι
283 2716 341 2755 Mam
352 2716 416 2768 Polye.
428 2719 447 2755 8.

163 2771 273 2820 Κακοτεχνία.
301 2771 374 2821 Φειίγετε
390 2772 420 2809 οὖν
435 2772 466 2810 τῶς
481 2786 531 2809 κακο-

153 2845 155 2856 r
189 2824 262 2874 τεχνίας,
276 2825 319 2876 Ign.
330 2825 404 2864 Philad.
416 2826 434 2864 6.
459 2827 493 2865 Τὰς
502 2841 531 2863 κα-

190 2881 276 2929 κοτεχνίας
284 2882 344 2929 φεῦγε.
360 2879 424 2931 Polyc.
435 2889 453 2929 5.

162 2938 221 2972 Κακῶς
229 2935 336 2977 άπολῶνται,Ι
351 2933 408 2974 Mart.
419 2935 462 2986 Igu.
474 2947 493 2973 2.

162 2989 253 3027 Καλάνδαι.
288 2992 309 3037 τῇ
327 2991 361 3036 πρὸ
379 2991 425 3027 ἐννέα
443 2989 530 3027 καλανδῶν

175 3044 313 3093 ,Σεπτεμβρίων
329 3042 371 3094 Ign.
382 3043 438 3082 Rom.
451 3056 481 3082 10.
508 3046 528 3090 τῇ

590 596 651 637 Clem-
667 598 677 636 Ι
695 599 725 637 18.
757 598 779 635 ε’ν.
791 600 861 649 Χριστῷ
877 597 934 644 Ἰησοῦ

589 653 685 701 κληθέντες,
701 665 733 703 32.
761 653 804 701 μετὰ
815 653 883 690 πάντων
891 667 933 689 παν-

591 711 635 756 ταχῇ
646 712 681 745 τῶν
689 707 793 755 κεκλημένων
801 707 834 745 ὑπὸ
843 709 873 744 τοῦ
883 710 933 744 θεοῦ.
997 706 999 709 ’

591 770 624 811 59.
646 763 677 800 οὐκ
691 762 754 800 είδάτες
767 761 820 800 πάθεν
834 760 933 809 ἐκλίηθημεν.

591 815 614 854 Π
634 827 649 855 1.
681 815 774 854 Ἐκάλεσεν
791 817 825 866 γὰρ
843 816 886 863 ἡμᾶς
904 816 934 852 αιἰκ

592 871 647 910 ὄντας.
666 869 692 909 ib.
721 872 748 908 καλ
760 871 835 909 καλέσας
848 869 891 917 ἡμᾶς
903 871 934 917 ἤδη

591 924 725 973 ἀπολλυμένους.
747 936 765 962 1.
796 924 825 972 Mt}
839 926 890 973 μόνον
904 924 934 961 οὖν

591 980 642 1017 αὐτὸν
656 981 734 1027 καλῶμεν
748 978 816 1029 Κύριον.
837 992 856 1026 4.
884 978 933 1026 ποιίγ-

589 1047 648 1081 σωμεν
663 1034 683 1070 τδ
699 1033 765 1082 θελημα
783 1036 814 1070 τοῦ
830 1033 934 1071 καλέσαντος

589 1088 638 1136 ἡμᾶς.
657 1096 676 1136 5.
700 1085 735 1126 Ὃν
750 1090 814 1136 τρόπον
829 1088 863 1137 γὰρ
879 1088 897 1124 ἐν
912 1089 933 1134 τῇ

589 1143 641 1191 σαρκί
653 1140 741 1189 ἐκλήθητε.
757 1153 775 1191 9.
802 1142 869 1192 ἐγένετο
882 1142 933 1191 σὰρξ,

589 1198 617 1234 καλ
631 1194 684 1234 οὕτως
698 1197 741 1244 ἡμᾶς
755 1197 841 1234 ἐκάλεσεν.
860 1194 885 1234 ib.
913 1197 934 1233 τὸ

589 1250 655 1298 θελημα
666 1253 696 1287 τοῦ
707 1251 775 1299 Πατρδς
787 1254 818 1288 τοῦ
830 1250 934 1288 καλέσαιτος

588 1305 636 1352 ἡμᾶς.
663 1316 693 1343 10.
733 1305 756 1353 μη
774 1306 825 1353 μόνον
843 1305 933 1342 καλεῖσθαι

589 1359 707 1407 Χριστιάνονς.
721 1359 764 1411 Ign.
775 1357 842 1410 Magn.
853 1371 871 1406 4.
895 1359 932 1396 ἐπί-

589 1428 655 1451 σκοπον
663 1414 695 1461 μὲν
704 1416 792 1452 καλοῦσιν.
807 1413 833 1452 ib.
858 1411 891 1453 Ὃς
899 1414 933 1463 γάρ

590 1468 639 1519 ἀλλιμ
653 1467 722 1515 ὀνόματι
735 1470 816 1506 καλεῖται.
836 1479 866 1505 1ο.
895 1467 933 1505 ὅθεν

590 1522 621 1559 οὐκ
630 1521 677 1568 άξιός
686 1523 720 1571 εἶμι
729 1522 824 1574 καλεῖσθαι.
843 1534 873 1569 14.
894 1527 932 1559 Χω-

590 1577 616 1625 ρὶς
632 1575 697 1614 τούτων
715 1576 797 1624 ἐκκλησία
815 1577 835 1613 οὗ
851 1578 932 1613 καλεῖται.

589 1629 648 1669 Trall.
664 1643 682 1680 3.
717 1630 737 1670 δς
755 1629 844 1678 δυνήσεται
863 1631 932 1679 θεοδμά-

588 1701 621 1734 μσς
630 1686 725 1735 καλκῖσθαι.
740 1684 805 1736 Polyc.
817 1692 835 1733 7.
859 1685 933 1723 ἀπὸτοῦ

589 1739 692 1786 καλουμένου
701 1741 776 1789 Πόρτον.
794 1739 853 1778 Mart.
862 1740 903 1790 Ign.
913 1740 931 1776 6.

589 1795 648 1837 Κάλει,
658 1794 760 1842 ἀμετάθετος
770 1794 804 1844 γάρ
815 1793 859 1841 ἡμῖν.
874 1792 932 1832 Mart.

589 1847 655 1899 Polyc.
668 1859 699 1886 11.

562 1901 647 1950 Καλλονίγ.
676 1902 707 1950 τὴν
715 1903 803 1949 ποσότητα
813 1902 841 1939 καὶ
852 1901 883 1948 τὴν
891 1904 932 1939 καλ-

587 1957 640 2004 λονὴν
657 1958 717 1994 αὐτῶν.
741 1954 803 1995 Olem.
820 1955 829 1994 I
849 1963 882 2005 35.
913 1957 933 1993 τὸ

587 2013 678 2060 μεγαλεῖον
686 2014 717 2059 τῆς
725 2012 809 2058 καλλονῆς
818 2011 874 2048 αὖτοῦ.
890 2023 922 2059 49.

560 2065 687 2115 Καλοκαγαθία.
715 2066 736 2102 τὰ
750 2065 769 2102 δέ
781 2065 827 2102 ἀλλα
841 2065 897 2102 πάντα
909 2065 933 2102 είς

589 2120 714 2169 καλοκαγαθίαν
722 2120 806 2157 ἀκολονθά
817 2119 870 2156 ἐστιν.
887 2118 931 2170 Igu.

589 2172 640 2224 Eph.
653 2185 684 2221 14.

562 2229 626 2266 Καλός.
653 2228 747 2277 ὑπόδειγμα
755 2229 855 2266 κάλλιστον.
871 2225 930 2266 Glem.

590 2282 627 2319 16.
656 2281 748 2329 Βλέπομεν
760 2282 777 2318 τί
791 2283 847 2320 καλόν.
863 2289 882 2330 7.
911 2282 932 2319 τὰ

589 2336 731 2373 καλὰ...ε’νῶπιον
742 2336 793 2373 αάτοῦ
804 2340 883 2384 ποιῶμεν.
899 2348 930 2373 21.

588 2393 625 2428 πῶς
643 2392 652 2426 ὁ
671 2391 729 2438 φόβας
746 2391 798 2427 αὐτοῦ
819 2391 876 2428 καλάς.
904 2389 930 2428 ib.

588 2445 646 2481 Καλδν
652 2445 686 2493 γὰρ
693 2445 775 2495 ἀνθρώπῳ
782 2444 930 2493 ἐξομολογεῖσθαι.

588 2507 619 2546 51.
644 2498 654 2545 ἡ
673 2498 827 2547 ναυθέτησις...εἷς
845 2498 932 2546 ἀλλήλους

587 2552 631 2599 καλίη
649 2554 702 2591 ἔστιν.
723 2553 755 2602 56.
784 2554 802 2591 ἐν
819 2556 855 2592 ταῖς
873 2555 932 2591 καλοῖς

588 2607 649 2656 ἔργοις.
664 2606 687 2645 Π
698 2619 729 2646 12.
749 2609 801 2645 καλὸν
809 2609 829 2645 τί
839 2608 930 2645 διδάσκειν.

587 2660 632 2711 Igu.
648 2660 698 2712 Eph.
715 2671 746 2710 15.
775 2663 833 2700 Καλὸν
848 2663 868 2699 τδ
884 2662 931 2699 δῦναι

587 2715 620 2753 ἀπὸ
634 2718 705 2764 κόσμου.
722 2716 808 2755 301112.
836 2717 891 2753 Καλοὶ
905 2717 943 2768 καίγ

587 2771 604 2806 οἱ
613 2772 668 2819 ίερεῖς.
684 2770 758 2810 Ρῶίίαά.
769 2773 787 2810 8.
816 2772 875 2808 Πάντα
888 2773 930 2817 ὁμοῦ

587 2825 631 2861 καλά
647 2825 698 2864 ἐστιν.
724 2838 742 2875 9.
774 2825 841 2863 Καλοὺς
855 2825 931 2872 μαθητὰς

587 2878 617 2915 ἐὰν
628 2880 687 2928 φιλῇς.
705 2879 770 2931 Polyc.
782 2892 800 2918 2.
829 2880 888 2916 Καλὸν
896 2880 930 2928 γὰρ

585 2934 605 2969 τὸ
614 2933 739 2972 ἀνακόπτεσθαι
747 2935 781 2972 ἀπὸ
790 2939 824 2972 τῶν
833 2934 929 2981 ἐπιθυμιῶν.

585 2985 626 3025 Pol.
640 2987 689 3026 Phil.
701 2997 719 3037 5.
734 2992 846 3037 προνοοῦντες
859 2988 885 3024 ἀεὶ
899 2990 930 3024 τοῦ

584 3043 643 3080 καλοῦ.
657 3043 675 3081 6.
696 3045 768 3090 ζηλωταί
782 3044 822 3093 περὶ
837 3044 857 3080 τὸ
871 3043 929 3079 καλόν.
