1958 3490
320 246 417 290 INDEX
437 244 621 290 EDI'PIONUM.
749 247 815 293 lxxvii

176 363 275 420 subjecta,
290 362 313 405 in
327 364 385 420 cujus
400 362 469 406 locum
487 362 509 405 in
523 363 563 421 up.
582 363 609 407 ud
626 363 733 407 Romanos
748 364 815 408 versio
824 372 906 414 {gratim

176 431 252 475 Clerici
268 431 418 485 substituitur,¹
441 431 528 475 inferius
545 432 618 489 positis
635 432 723 485 Usserii,
738 432 815 487 vossii,

152 530 154 534 v
175 501 281 555 Cotelerii,
291 502 407 560 Clerieique
422 502 485 555 notis,
498 502 574 559 quibus
587 501 686 546 Pearsoni
700 505 722 546 et
737 502 816 545 Smithi

175 571 320 615 annotationes
330 575 380 615 sunt
390 571 486 615 insertae.

203 639 315 696 Leguntur
334 639 398 683 etiam
414 639 521 696 Epistolae
538 638 651 697 longiores,
666 644 714 684 tum
733 640 815 698 spuriae

173 712 221 751 tum
235 708 378 765 interpolatae,
393 724 441 752 cum
456 708 586 752 variantibus
601 709 732 763 lectionibus,
745 713 814 755 vetere

173 777 260 835 vulgato
276 778 401 835 Interpretc,
413 777 465 821 item
482 777 580 822 Cotelerii
595 778 696 833 versione,
711 779 813 837 ejusdem·

173 863 212 904 que
228 852 253 891 ut
270 852 291 891 et
308 847 389 891 Usserii
408 847 581 891 annotationibus
599 847 710 905 subjectis:
732 864 813 893 necnon

173 918 194 959 S.
206 917 287 974 Ignatii
301 917 437 975 Martyrium,
454 933 503 961 cum
520 916 601 962 smnhi
616 917 751 974 praefatione,
765 934 811 963 ver-

171 987 228 1030 sione
248 987 335 1045 antiqua
355 987 440 1030 Graecis
459 987 545 1030 obverse
568 986 675 1041 collocata,
695 991 717 1031 et
736 988 812 1032 Clerici

171 1056 349 1114 interpretatione.

115 1132 179 1188 1765,
199 1132 335 1185 Veneltieffol.
353 1132 403 1189 (vid.
415 1147 484 1188 supra,
494 1147 515 1188 p.
525 1131 585 1189 lxix.)

198 1202 345 1255 Gnnnxuurus,
356 1206 414 1245 tomo
424 1201 438 1244 i.
453 1217 488 1258 pp.
498 1214 612 1260 243—303
623 1201 678 1245 Bibl.
686 1202 744 1246 Vett.
752 1203 808 1246 Patt.

168 1271 274 1329 Epistulas
283 1271 385 1328 genuinas
395 1287 421 1314 ex
431 1271 462 1314 ed.
471 1270 590 1314 Smithiana
603 1270 699 1325 inseruit,
710 1287 809 1316 unacum

169 1341 302 1398 Fragmentis
318 1345 339 1385 et
359 1341 420 1385 Actis
440 1340 546 1398 Martyrii.
576 1341 720 1398 Epistularum
739 1343 808 1386 textui

167 1410 273 1468 duplicem
288 1411 386 1468 apposuit
404 1409 503 1467 utrinque
518 1409 642 1463 versionem,
659 1410 746 1454 alteram
761 1412 806 1469 qui-

167 1480 215 1524 dem
235 1480 278 1523 Int.
295 1480 344 1523 Vct.
361 1480 448 1523 alteram
464 1478 568 1523 Cotelerii.
599 1479 701 1523 Actorum
722 1481 806 1526 Graecis

166 1549 264 1592 similiter
280 1552 368 1606 utraque
384 1564 410 1592 ex
426 1552 486 1605 parte
502 1548 561 1591 adest
577 1547 621 1591 Int.
637 1549 686 1592 Vet.
705 1553 727 1593 et
738 1550 806 1594 versio

166 1618 271 1662 Ruinarti.
293 1618 462 1672 Observationes,
473 1634 483 1661 e
494 1618 599 1671 Pearsoni,
610 1618 696 1671 Smithi,
707 1619 804 1664 aliorum-

164 1703 204 1745 que
214 1688 277 1741 notis,
288 1687 425 1745 subjiciendas
436 1690 557 1731 contexerat
567 1687 639 1731 eadem
648 1688 713 1732 ferme
723 1689 805 1732 ratione

164 1773 205 1815 qua
220 1757 247 1801 ad
267 1757 382 1801 Clementis
397 1757 451 1814 Epp.
468 1772 519 1799 usus
536 1759 593 1809 0111,-
616 1772 690 1800 verum
710 1773 759 1802 casu
772 1759 805 1803 vel

164 1828 322 1885 typothetarum
332 1826 413 1870 incuria
422 1826 511 1869 omissae
522 1829 578 1869 sunt.

108 1902 254 1955 1811110100,
266 1902 285 1945 8.
296 1902 347 1944 min.
362 1902 390 1944 Iu
398 1901 493 1944 Laruae
503 1901 678 1956 Orpdarrotccplrec'.

191 1973 241 2015 Jou.
253 1972 305 2015 Can.
317 1973 393 2026 Turne,
403 1972 427 2015 in
441 1987 503 2015 usum
516 1971 683 2015 Praelectionum
692 1973 802 2018 Academi-

162 2059 240 2096 carum,
251 2044 322 2087 Vossii
331 2047 415 2086 textum
430 2043 516 2086 omnino
527 2043 665 2086 immutatum
676 2043 733 2102 typis
744 2061 802 2102 repe-

161 2112 250 2157 tendum
269 2113 357 2166 curavit,
375 2116 397 2155 et
412 2112 507 2155 lectionis
527 2112 671 2156 diversitatem
687 2129 713 2157 ex
730 2114 802 2172 Ittigii

160 2183 242 2226 delectu
257 2183 373 2240 adscripsit.
404 2182 544 2225 Collationem
556 2181 664 2239 praemisit
674 2198 745 2227 eorum
755 2184 800 2241 qui-

160 2252 200 2295 bus
211 2253 290 2295 smithi
299 2252 391 2295 recensio
401 2267 414 2294 a
423 2251 527 2295 Vossiana
536 2251 612 2295 differt.

105 2326 167 2384 1829,
181 2327 279 2384 liffeim,
290 2341 311 2382 4.

162 2424 164 2429 -
188 2397 212 2439 Ο.
230 2397 253 2439 F.
271 2397 447 2449 Honnnnnuuus,
467 2396 489 2439 in
513 2397 616 2453 particula
640 2396 731 2440 secunda
751 2396 800 2439 libri

159 2482 221 2522 supra
240 2483 261 2524 p.
279 2467 323 2520 lxx,
343 2466 460 2519 memorati,
481 2467 535 2523 Epp.
556 2466 583 2509 ad
601 2467 713 2519 Romanos,
734 2469 755 2509 et
772 2467 799 2510 ad

159 2536 297 2594 Polycarpum
317 2536 383 2580 edidit
404 2552 415 2579 e
436 2536 554 2579 recensione
574 2535 676 2593 longiore,
696 2536 750 2592 Epp.
771 2536 798 2579 ad

157 2606 266 2662 Ephesios,
278 2607 410 2664 Smyrnaeus,
421 2606 535 2649 Trallianos
545 2621 556 2648 e
565 2606 683 2649 recensione
696 2604 797 2659 breviore,

157 2691 229 2719 omues
249 2676 421 2732 interpretatione
443 2691 498 2719 nova
521 2676 624 2727 douatas3
649 2674 750 2731 Epistolis
770 2675 797 2718 ad

157 2745 307 2802 Magnesianos
317 2749 338 2789 et
348 2745 522 2802 Pbiladelphenos
535 2745 619 2801 penitus
633 2743 719 2787 omissis.

101 2815 163 2873 1839,
179 2816 283 2871 Tubiuyce,
294 2817 314 2859 8.
332 2816 382 2873 (vid.
393 2830 462 2872 supra,
472 2831 492 2872 p.
503 2815 554 2872 lxx.)

184 2885 236 2928 oxa.
249 2885 293 2929 Jos.
306 2886 401 2938 Harum,
411 2885 480 2928 textui
490 2884 517 2927 ad
527 2882 633 2926 Gallandii
644 2883 687 2925 fere
702 2886 795 2926 mentem

155 2955 255 3008 exhibito,
276 2955 359 2999 notulas
379 2954 486 3012 quasdam,
506 2953 583 3011 partim
608 2969 662 3004 suas,
682 2952 794 3010 partime

155 3024 257 3067 Coteleric
268 3028 289 3067 et
299 3025 374 3068 Vossio
385 3025 504 3081 desumptas
515 3022 608 3066 subdidit
618 3038 652 3079 pp.
666 3022 772 3078 77—116L
