1931 3420
258 240 295 284 ΕΤ
310 240 537 286 uouMULAuUM.

11 362 92 411 Διωγμός.
121 358 151 395 Ἐκ
162 355 223 394 τοῦτου
233 385 237 394 .
246 386 261 394 ..
271 357 381 405 διωγμόςκαί

36 412 159 453 ἀκαταστασία.
184 409 305 459 Olem.13.
348 414 382 447 τῶν

35 472 107 509 πολλῶν
123 467 150 505 ε’πί
171 468 274 514 Δομετιανοῦ
298 465 380 514 διωγμῶν.

36 523 94 562 Maru
104 521 147 572 Igu.
161 532 176 558 1.
212 519 326 568 λωφήσαντος
338 520 381 569 πρὸς

36 575 95 627 ὀλίγον
108 579 138 613 τοῦ
152 575 232 624 διωγμοῦ.
248 573 272 613 ib.
307 574 381 621 διωγμόν

36 630 125 680 ὑπομένειν
139 629 267 677 ἀπειλήσαντος.
286 640 302 666 2.
337 628 379 677 ὑπὲρ

36 689 65 734 τῆς
80 688 111 722 τοῦ
127 685 202 733 διωγμοῦ
217 682 344 721 καταπαύσεως.
361 682 378 720 6.

35 741 131 778 κατέπαυσε
142 739 171 776 τόν
182 739 259 788 διωγμόν.
274 736 331 776 Mart.
343 736 378 775 Po-

34 794 70 846 lyc.
83 806 98 832 1.

9 852 84 888 Διώκειν.
125 847 176 896 μέχρι
193 847 264 884 θανάτου
282 846 379 895 διωχθῆναι.

36 902 97 942 Olem.
106 901 143 950 14.
158 903 191 939 ὑπὸ
197 902 253 939 Σαοὺλ
262 932 265 940 .
274 932 277 939 .
288 929 292 938 .
301 900 379 949 ἐδιώχθη.

35 957 61 995 ib.
97 957 204 1005 ἐδιώχθησαν
220 957 246 992 καὶ
261 956 293 994 ἕως
308 955 380 992 θανότου

35 1011 94 1059 ἦλθον.
105 1020 124 1059 5.
159 1011 192 1047 Διὰ
208 1012 259 1057 ζῆλος
280 1010 380 1058 διωχθεῖσαι

35 1068 116 1116 γυναῖκες.
129 1065 146 1103 6.
186 1065 304 1113 Ἐδιώχθησαν
314 1065 379 1106 δίκαιοι,

35 1121 74 1157 ἀλλ’
88 1120 121 1157 ῦτδ
133 1120 204 1166 ἀνόμων.
216 1127 247 1167 45.
276 1119 303 1156 καὶ
316 1118 357 1164 διώξ
372 1141 379 1147 -

34 1190 65 1223 μεν
85 1176 153 1222 μᾶλλον
171 1176 202 1221 τῆν
222 1173 287 1222 ἀρετήν.
306 1171 329 1210 Π
349 1184 378 1210 Ιο.

35 1229 113 1275 διώξεται
126 1229 169 1276 ἡμᾶς
179 1228 241 1277 εἰρήνη.
250 1226 276 1266 ib.
309 1228 330 1264 τό
343 1242 380 1273 κερ-

35 1285 97 1320 δόλεον
106 1283 198 1321 διώκοντες.
209 1281 225 1320 F
226 1295 286 1333 rugm.
297 1280 323 1319 iii.
341 1282 379 1318 διω-

35 1340 104 1385 κόμενον
113 1337 188 1384 ἄσθματι
197 1340 268 1384 πνεῦμα,
278 1334 319 1375 viii.
348 1336 380 1372 Διὰ

34 1395 86 1429 τοῦτο
95 1393 122 1428 καὶ
131 1392 242 1439 ἐδιώχθησαν.
258 1390 301 1442 Igu.
312 1388 378 1441 Magn.

36 1448 53 1484 8.
89 1445 157 1493 όληθῶς
173 1446 246 1494 ἐδιώχθη
262 1447 290 1483 ἐπὶ
306 1445 380 1481 Ποντίου

34 1501 118 1538 Πιλάτου.
128 1499 186 1537 Trall.
198 1513 215 1549 9.

8 1556 73 1603 Δόγμα.
100 1557 136 1593 τοῖς
148 1555 232 1604 δόγμασιν
241 1558 271 1591 τοῦ
280 1556 343 1602 Κυρίου
353 1557 380 1593 καί

35 1613 69 1646 τῶν
77 1608 181 1646 ἀποστόλων
197 1608 239 1659 Igu.
251 1608 315 1660 Magn.
327 1622 358 1659 13.

8 1661 124 1712 Δογματίζειν.
152 1663 195 1710 μηδὲ
208 1664 304 1700 ἀλλοιοῦσό
317 1679 333 1701 τι
346 1668 380 1701 τῶν

35 1717 194 1767 δεδαγματισμένων
207 1717 235 1755 ὑπ’
249 1719 305 1755 αὐτοῦ.
317 1717 376 1756 Olem.

34 1770 46 1808 Ι
57 1784 87 1809 20.
125 1771 174 1808 οὐδὲν
186 1772 208 1819 μὴ
220 1771 297 1820 παρέλθη
309 1777 343 1810 τῶν
352 1774 378 1809 δε-

34 1826 178 1875 δογμοτισμένων.
191 1833 222 1875 27.
254 1821 255 1825 ί

8 1883 71 1918 Δοκεῖν.
86 1881 107 1916 Τί
114 1881 177 1917 δοκεῖτε
182 1896 188 1923 ,-
203 1878 262 1919 Olem.
271 1879 282 1917 Ι
289 1892 321 1929 43,
329 1880 351 1918 Π
359 1888 377 1929 7.

35 1934 73 1985 όσῳ
82 1935 128 1971 δοκεῖ
139 1936 206 1982 μᾶλλον
218 1935 278 1982 μείζων
287 1933 332 1973 εἶναι,
345 1936 377 1982 48,

35 1987 45 2035 ἢ
71 1988 107 2025 καθ’
126 1989 220 2036 ὑπεροχὴν
231 1989 324 2026 δοκοῦντας.
345 1996 376 2037 57.

34 2043 96 2091 ἕρημος
108 2043 161 2079 ἐδόκει
173 2041 214 2079 εἶναι
226 2042 260 2079 ἆπδ
272 2046 302 2080 τοῦ
314 2047 359 2087 θεοῦ
368 2046 380 2080 ό.

34 2098 76 2135 λαός
89 2096 139 2144 ἡμῶν.
154 2095 176 2133 Π
192 2109 207 2135 2.
239 2100 272 2133 τῶν
286 2096 379 2134 δοκούντων

34 2152 80 2199 ἔχειν
89 2152 136 2188 θεόν.
147 2149 172 2188 ib.
204 2151 254 2196 ἔδοξα
266 2152 319 2200 εὑρὼν
330 2153 378 2199 ὑμᾶς.

34 2204 77 2256 Igu.
88 2204 145 2242 Trall.
158 2216 174 2242 1.
207 2205 251 2243 τινὲς
261 2205 380 2254 ...λέγουσιν

34 2260 54 2296 τδ
70 2261 124 2296 δοκεῖν
139 2260 240 2297 πεπονθέναι
256 2260 312 2302 αὐτόν,
332 2261 380 2297 αὐτοὶ

34 2313 81 2352 όντες
90 2314 109 2350 τδ
121 2314 180 2350 δοκεῖν.
194 2326 223 2351 10.
252 2315 272 2350 τό
284 2315 338 2351 δοκεῖν
350 2315 379 2351 αό-

34 2369 64 2404 τδν
73 2368 178 2410 πεπονθέναι,
192 2368 240 2405 αὐτοὶ
253 2369 273 2405 τὸ
285 2369 340 2405 δοκεῖν
353 2368 379 2405 όν-

34 2438 66 2460 τες.
80 2420 156 2472 Smyru.
169 2433 186 2459 2.
214 2423 236 2458 Εἰ
247 2423 281 2471 γὰρ
293 2423 313 2458 τό
326 2423 380 2459 δοκεῖν

33 2480 87 2514 ταῦτα
94 2476 171 2525 ἐπράχθη
178 2476 211 2513 ῦπό
218 2479 249 2512 τοῦ
256 2477 319 2525 Κυρίου
327 2477 386 2523 ἡμῶν.

34 2530 80 2579 κάγὼ
92 2532 112 2567 τὸ
124 2531 179 2567 δοκεῖν
191 2530 264 2577 δέδεμαι.
276 2544 293 2578 4.
322 2532 347 2567 Τὰ
361 2531 379 2566 δὲ

33 2584 107 2632 α’νόματα
123 2586 191 2621 οῦτῶν.
202 2613 206 2622 .
218 2612 222 2622 .
233 2585 263 2620 οῦκ
281 2585 332 2630 ἔδοξέ
351 2599 379 2632 μοι

34 2640 127 2688 ἐγγράψαι.
139 2647 157 2686 5.
186 2654 203 2675 τι
217 2638 276 2675 δοκοῦν
286 2636 327 2675 εἶναι
340 2640 379 2676 τολ-

33 2696 92 2742 μηρόν.
109 2692 186 2742 Frugm.
203 2691 222 2729 ii.
253 2695 274 2730 Οί
293 2694 380 2730 δοκοῦντες

33 2747 130 2793 ἀξιόπιστοι
140 2745 187 2784 εἶναι.
198 2745 261 2796 Polyc.
273 2760 290 2795 3.
319 2746 379 2794 Ἠμεῖς

34 2801 64 2838 οῦν
73 2816 102 2839 σοι
115 2802 197 2847 δοκοῦμεν
207 2801 249 2836 κατὰ
262 2804 305 2838 νοῦν.
320 2800 377 2838 Mart.

34 2854 76 2906 Igu.
89 2867 106 2893 2.
135 2854 155 2901 ἦν
164 2855 197 2903 γὰρ
208 2855 297 2902 ἐπιφανὴς,
307 2856 330 2893 ὡς
342 2856 379 2891 ἐδό-

34 2924 78 2957 κουν.
90 2909 107 2946 6.
140 2910 183 2945 Τότε
197 2908 256 2953 ἔδοξεν
269 2910 326 2946 αὐτοῖς
339 2911 379 2955 ὁμο-

34 2963 109 3011 θυμαδὸν
125 2963 221 3009 ε’πιβοῆσαι,
238 2961 296 3002 Maru
314 2961 377 3013 Polye.

36 3029 66 3055 12.

8 3073 111 3120 Δοκιμιίζειν.
139 3070 212 3115 βεβαίαν
224 3070 271 3117 ὑμῶν
281 3070 340 3109 πίστιν
350 3070 379 3106 οῦκ

754 244 781 292 41

436 357 546 405 ἐδοκίμασενς
567 356 627 396 Cleln.
639 357 649 395 I
662 370 677 397 1.
714 359 781 407 δοκιμά-

436 427 497 451 σοντες
511 413 535 463 τῷ
549 411 641 460 Πνεῦματι.
656 425 687 460 42.
727 413 782 463 ἕτεραι

435 466 574 514 δεδοκιμασμένοι
588 467 651 515 ἄνδρες.
668 480 700 515 44.
733 468 782 517 ἀνδρί

436 520 572 572 δεδοκιμασμένῳ
584 521 624 570 παρ’
639 522 700 560 αὐτοῖς.
712 529 743 571 47.
772 522 782 559 δ

435 575 455 611 δν
462 576 523 612 ἐκεῖνος
529 575 616 622 δοκιμάσῃ.
626 575 669 625 Igu.
676 575 752 626 Smyru.
761 578 780 615 8.

407 630 485 675 Δόκιμος,
518 630 623 678 δοκιμώτερα
645 630 688 679 ὑπὲρ
708 632 782 680 χρυσίον

435 684 484 722 ὀστᾶ.
495 682 552 722 Mart.
564 682 628 735 Polyc.
642 686 671 722 18.

408 739 468 776 Δόλος.
497 737 627 788 ἀπορρίψαντες
636 739 667 788 ἀφ’
678 741 753 778 ἑαυτῶν.
763 768 780 778 ..

435 793 501 831 δόλους.
519 791 579 831 Olem.
593 793 604 830 I
618 801 649 842 35.
688 796 733 845 δόλῳ
749 810 781 832 πο·

435 851 479 898 νηρῲ
497 848 517 883 τό
533 847 585 896 όνομα
603 848 709 898 περιφέρειν,
738 848 780 900 Igu.

435 900 484 952 uph.
497 909 513 950 7.
551 918 554 920 “

408 956 459 1001 Δόξ.
498 959 551 993 Πᾶσα
569 957 611 1002 δόξα
630 959 657 995 καί
675 960 781 1005 πλατυσμός,

436 1009 495 1049 Olem.
510 1010 549 1060 13.
587 1013 612 1050 εἷς
625 1013 656 1049 τόν
669 1013 782 1061 ὀφειλόμενον

434 1066 487 1103 τόπον
503 1068 533 1113 τῆς
551 1066 608 1112 δόξης.
627 1075 644 1115 5.
683 1067 782 1116 λειτουργή-

435 1135 498 1159 σαντας
512 1123 532 1167 τῇ
548 1123 677 1170 μεγαλοπρεπεῖ
695 1122 736 1168 δόξῃ
752 1123 781 1158 αό-

434 1178 469 1211 τοῦ,
488 1187 505 1223 9.
543 1175 622 1220 ἀτενίζων
640 1175 664 1214 είς
682 1176 713 1223 τὴν
730 1176 782 1222 δόξαν

434 1232 464 1265 τοῦ
483 1232 532 1266 θεοῦ.
547 1236 577 1278 17.
606 1226 620 1280 ᾦ
638 1229 649 1276 ἡ
668 1231 710 1277 δόξα
728 1232 755 1267 καί
771 1231 781 1277 ἡ

434 1282 547 1332 μεγαλωσύνη
566 1284 590 1321 εἷς
607 1284 647 1321 τοῦς
663 1285 729 1323 αἰῶνας.
749 1297 779 1322 20.

434 1338 465 1373 οῦκ
479 1338 497 1375 ἐν
505 1340 556 1386 μικρᾷ
569 1338 611 1384 δόξη
624 1339 735 1387 ὑπάρχουσιν.
748 1351 779 1388 32.

434 1389 619 1441 ᾦὲστωὴδόξα.ίί).
663 1391 781 1443 ᾧὴδόξαεῖς

434 1446 473 1484 τοῦς
483 1448 549 1484 αἰῶνας.
564 1447 595 1495 38,
607 1459 615 1494 4
620 1459 638 1495 3,
649 1455 680 1495 45,
691 1456 721 1496 50.
751 1448 779 1484 56·

435 1501 466 1545 ξαν
480 1501 507 1537 καὶ
521 1501 571 1548 τιμὴν
586 1502 729 1550 ε’κληρανόμησαν.
748 1511 780 1550 45.

434 1554 455 1591 δι’
469 1555 490 1591 οῦ
503 1555 548 1606 αὐτῷ
563 1555 605 1600 δόξα
619 1556 646 1592 καὶ
660 1556 778 1605 μεγαλωσύνη.

435 1609 465 1656 58.
504 1608 525 1645 δι’
539 1609 560 1645 οῦ
572 1610 617 1659 αὐτῷ
630 1610 677 1655 δόξα,
690 1609 734 1658 τιμή.
746 1619 779 1659 59.

434 1664 457 1701 εἰς
480 1662 564 1711 πλήρωμα
583 1664 633 1710 δόξης
656 1665 708 1701 αὐτοῦ
727 1666 780 1713 φανε-

432 1716 491 1765 ρωθέν,
509 1715 586 1767 Fragm.
601 1716 641 1755 viii.
687 1720 711 1756 εἰς
729 1719 780 1765 δόξαν

433 1772 535 1820 παράμονον.
546 1771 590 1822 Igu.
605 1770 727 1822 Eph.1nscr.
756 1774 780 1811 εἷς

433 1825 543 1874 εὐχαριστίαν
563 1829 607 1862 Θεοῦ
628 1827 655 1863 καί
676 1828 700 1865 εἰς
722 1827 778 1873 δόξαν.

436 1891 466 1928 13.
509 1882 592 1928 παρόντες
610 1881 635 1919 εἷς
658 1881 710 1927 δόξαν
729 1885 778 1918 θεοῦ.

433 1932 500 1984 Magn.
517 1942 549 1981 15.
583 1936 627 1983 Περὶ
640 1938 674 1971 τῶν
687 1936 781 1984 προελθόν-

433 2003 467 2024 των
473 2004 495 2035 με
534 1988 558 2026 εἷς
567 1987 619 2034 δόξαν
626 1992 656 2026 τοῦ
664 1993 713 2028 Θεοῦ.
723 1989 778 2028 Rom.

435 2053 466 2090 10.
501 2041 575 2080 ἆλλέἶς
593 2043 646 2086 δόξαν
664 2047 709 2081 Θεοῦ
726 2045 780 2082 πλέον

433 2095 567 2134 δουλευέτωσαν.
578 2095 642 2147 Polyc.
654 2109 671 2144 4.
715 2099 780 2147 δοξόυη

433 2151 480 2197 ὑμῶν
493 2151 523 2197 τὴν
537 2150 596 2187 όσκνον
608 2152 676 2200 ἀγάπην
690 2153 714 2190 εἷς
729 2153 780 2199 δόξαν

433 2207 515 2253 Χριστοῦ.
526 2212 544 2253 7.
580 2205 590 2251 ἡ
601 2206 643 2252 δόξα
653 2210 687 2242 τῶν
696 2205 778 2255 ἀγγέλων.

435 2257 510 2310 Smyru.
522 2259 539 2296 6.
578 2260 628 2297 δόντα
638 2261 683 2310 αὐτῷ
692 2261 744 2305 δόξαν
753 2263 780 2298 καὶ

434 2313 499 2362 θρόνον.
519 2312 583 2363 Polye.
603 2313 651 2351 Phil.
673 2326 691 2351 2.
728 2315 779 2360 ἀξίως

434 2369 464 2413 τῆς
479 2368 548 2413 ἐντολῆς
562 2368 613 2404 αὐτοῦ
623 2368 650 2404 καὶ
665 2368 715 2414 δόξης
731 2384 779 2417 περι-

433 2424 496 2458 πατεῖν.
508 2428 526 2468 5.
555 2420 577 2457 δι’
591 2421 611 2457 οῦ
626 2422 652 2457 καὶ
668 2422 705 2468 μεθ1
719 2421 740 2457 οῦ
754 2425 778 2472 τῴ

434 2476 489 2524 Πατρὶ
510 2474 520 2520 ἡ
544 2474 591 2519 δόξ.
617 2474 675 2512 Malu.
695 2474 738 2524 Igu.
759 2483 776 2524 7.

433 2529 469 2575 μεθ’
486 2527 506 2564 οῦ
522 2544 551 2564 σοι
566 2529 593 2564 καί
608 2528 694 2574 Πνεῦρατι
708 2530 751 2580 ἁγίῳ
767 2531 777 2576 ἡ

434 2583 480 2628 δόξα.
491 2581 549 2619 Μαι-ί.
561 2580 625 2632 Ροίγυ.
637 2594 666 2629 14.
691 2581 776 2632 ᾦὴδόξα,

433 2636 476 2683 τιμή.
490 2648 520 2679 20,
531 2639 550 2674 et
561 2647 592 2673 21.
621 2636 659 2683 μεθ’
672 2636 693 2672 οῦ
702 2637 744 2682 δόξα
754 2642 778 2688 τῷ

434 2693 471 2740 θεῷ
487 2690 514 2727 καὶ
529 2691 591 2738 Πατρί,
609 2702 641 2727 22.
672 2688 687 2741 ᾧ
701 2690 711 2737 ἦ
728 2692 777 2737 δόξα,

434 2744 466 2781 σῦν
475 2744 536 2792 Πατρί.
546 2742 572 2782 ib.

407 2799 492 2844 Δοξάζειν,
529 2797 619 2844 δοξασθεὶς
644 2800 723 2846 μεγάλως
748 2801 779 2837 οῦκ

432 2852 616 2901 έμεγαλομρημόνησεν.
640 2850 700 2890 Olem.
719 2852 730 2890 Ι
747 2861 777 2903 17.

433 2907 497 2944 Πάντες
512 2905 541 2942 οῦν
555 2906 680 2952 ἐδοξάσθησαν.
694 2919 726 2955 32.
756 2911 780 2947 εἰς

432 2961 452 2996 τό
461 2959 565 3006 δοξασθῆναι
574 2961 593 2995 τό
601 2960 658 3007 όνομα.
668 2973 699 3009 43.
729 2963 779 3008 δοξά-

433 3015 466 3058 ζειν
477 3013 545 3060 Ἰησοῦν
553 3015 629 3061 Χριοτδν
640 3015 670 3050 τόν
681 3015 779 3062 δοξάσαντα

434 3068 480 3113 ὑμᾶς,
492 3066 534 3117 Igu.
549 3066 598 3117 Eph.
615 3080 632 3106 2.
672 3070 745 3116 δοξάσαι
760 3074 779 3107 τό
