2061 3403
145 276 209 318 Ilisiren

157 329 204 363 1522.

145 423 213 462 Driedo,

159 476 203 508 [533¹

256 162 307 206 xxvi
431 135 652 209 REGENTIGRUM
669 164 795 209 JUDIGIA

259 279 350 323 Joannes
370 279 436 324 etiarn
455 282 570 340 Episcopus
589 272 701 336 Roffensis,
722 281 803 326 Libello
823 279 856 323 cui
874 277 958 331 titulus,

258 350 331 393 Petram
345 351 396 408 'atrii
415 352 496 406 Rornae,
515 353 570 396 iuter
589 352 668 410 primos
688 353 726 396 has
748 351 853 409 Epistolas
874 347 956 393 citavit.

260 420 382 463 Quinetiam
399 423 491 465 Jaannes
506 423 591 476 Driedo,
606 423 692 466 celebris
708 438 733 466 ea
750 426 817 465 aetate
832 419 957 476 Theologus,

257 489 309 531 libro
325 491 358 533 Dc
374 491 518 548 Dognaatibus
532 492 682 536 Ecclesiastieis
697 495 719 536 et
734 490 872 549 Apocryphis‚
882 503 956 546 quam·

257 559 346 615 plurima
362 561 471 605 Romanae
485 563 588 606 Ecclesiae
603 563 711 620 dogmata,
726 563 791 620 longa
805 559 956 605 sententiarum

257 628 308 671 serie
324 645 350 672 ex
366 631 469 687 Epistolis
485 632 566 689 Ignatii
580 632 654 690 petita,
671 633 793 675 confirmare
809 629 891 674 nititur.
925 628 956 670 Et

201 718 205 726 ·
258 697 365 743 Martinus
384 701 480 744 Peresius
498 702 584 759 Ayala⁰,
602 701 692 758 scriptor
709 700 765 756 inter
778 698 897 743 Pontificios
912 712 957 740 non

143 1050 165 1083 A.
173 1049 242 1084 Gesner.

256 767 363 825 ignobilis,
378 769 428 814 inde
441 770 563 815 testimonia
577 771 697 828 saepissime
711 770 820 822 adhibuit3
835 772 857 812 et
869 768 896 811 ad
906 783 955 811 con-

256 839 369 882 firmandas
387 839 519 884 Traditiones
538 857 581 884 non
600 841 688 897 scriptas
706 854 778 883 omncs
795 839 832 882 has
849 837 956 894 Epistulas

256 908 372 952 defloravit.
402 910 478 967 Neque
488 926 612 967 quemquam
624 910 683 963 novi,
693 909 730 966 qui
743 923 767 952 ca
780 911 847 952 aetate
861 907 886 950 de
895 906 955 949 Duo-

256 977 324 1020 decim
333 979 458 1034 praesertim
468 980 568 1037 Epistolis
578 979 690 1023 dubitavit.

285 1047 336 1091 Post
350 1051 425 1091 autern
439 1048 549 1106 sexaginta
563 1064 634 1102 annos,
648 1048 744 1091 Andreas
757 1047 867 1099 (desumus,
882 1044 900 1088 si
914 1044 956 1101 ipsi

256 1116 383 1160 eredendum
398 1118 434 1170 sit,
448 1118 552 1175 Epistolas
562 1118 680 1162 Duodecim
690 1118 776 1171 Graece,
789 1116 902 1172 interprete
916 1115 954 1157 Jo-

255 1201 308 1229 anne
321 1187 440 1240 Brunnero,
455 1188 535 1245 primus
549 1187 644 1231 omnium
657 1188 731 1241 edidit,
741 1188 768 1230 A.
778 1187 805 1229 D.
815 1184 888 1245 155pfl.
919 1185 956 1227 Ita

254 1256 310 1299 enim
324 1257 347 1299 in
362 1258 493 1301 Praefatione
508 1258 613 1315 loquitur:
629 1264 644 1285 “
652 1257 764 1315 Ignatium
777 1272 825 1301 vero
839 1271 904 1314 quum
918 1254 955 1298 ille

256 1331 269 1352 “
283 1326 397 1382 (Henricus
415 1327 473 1369 Petri
492 1327 578 1384 scilicet)
601 1327 680 1371 Latine
699 1330 785 1370 tantum
802 1325 895 1377 ediderit,
913 1340 954 1381 ego

255 1400 269 1421 “
280 1395 385 1438 Graecum
395 1397 501 1453 exemplar
511 1397 560 1439 MS.
571 1399 645 1440 nactus
658 1412 685 1439 ex
695 1395 828 1439 Bibliotheca
837 1395 862 1438 cl.
870 1395 897 1437 V.
907 1394 955 1451 piac

254 1471 268 1491 “
278 1465 390 1508 memoriae
399 1466 426 1508 D.
437 1466 525 1522 Gaspari
535 1466 681 1524 aNydpryck,
688 1465 808 1509 existimavi
816 1480 882 1522 neque
893 1464 953 1507 Hen-

253 1539 268 1560 “
277 1533 319 1578 rico
335 1534 395 1578 Petri
410 1535 529 1588 molestum,
545 1535 642 1579 studiosis
660 1539 733 1578 autem
750 1534 852 1591 plerisque
866 1536 954 1590 gratum

254 1609 268 1630 “
278 1604 327 1657 fore,
343 1604 361 1647 si
375 1619 401 1647 ea
414 1620 467 1661 quae
481 1605 581 1648 hactenus
594 1605 672 1648 Latine
685 1608 771 1647 tantum
781 1604 953 1647 circumfereban-

254 1679 268 1699 “
277 1677 319 1727 tur,
331 1673 411 1717 Graece
426 1674 489 1717 simul
503 1678 525 1717 et
539 1675 614 1717 Latine
629 1691 642 1718 a
656 1690 691 1717 me
705 1674 793 1716 firissent
803 1672 880 1716 edita.'’
911 1672 954 1714 Sed

253 1742 352 1801 quicquid
366 1743 445 1787 dixerit
462 1744 573 1797 Gesnerus,
587 1747 636 1787 ante
653 1759 703 1787 cum
716 1745 738 1787 S.
749 1742 859 1800 Ignatium
873 1742 953 1785 Graece

253 1826 279 1855 ex
292 1813 432 1869 Augustauae
446 1813 588 1857 Bibliothecae
602 1813 717 1870 exemplari
727 1813 851 1856 Valentinus
862 1813 953 1856 Pacaeus

252 1881 404 1938 publicaverat,
415 1883 442 1925 A.
451 1883 479 1925 D.
490 1892 543 1939 1557
548 1889 562 1936 ⁰,
573 1898 635 1940 quem
648 1883 742 1939 primum
752 1881 775 1925 in
787 1882 855 1925 lucem
865 1897 898 1924 eas
909 1879 953 1924 edi-

254 1951 307 1995 disse
325 1955 419 1995 testatur
436 1952 552 2005 Mamilius,
570 1952 606 2009 qui
623 1952 708 1995 easdem
725 1951 809 1995 Parisiis
826 1950 953 1995 recudendas

253 2021 334 2064 curavit
343 2021 372 2063 A.
381 2021 410 2063 D.
421 2020 491 2077 1558(
521 2022 615 2078 Eamque
629 2037 642 2064 a
655 2021 735 2064 Pacaeo
749 2024 880 2076 procuratam
894 2020 953 2077 priu-

275 2168 281 2182 ²
292 2163 386 2207 Episcopus
397 2163 507 2205 Segobiensis,
516 2163 661 2207 deindeArcbiep.
670 2164 775 2206 Valentinus,
784 2164 813 2207 qui
824 2163 899 2196 intersint
910 2164 954 2196 Gon-

253 2219 291 2252 eilio
298 2219 404 2257 Tridentino,
413 2219 435 2251 ab
442 2230 486 2252 anno
496 2227 542 2262 1551,
551 2220 564 2252 si
572 2219 629 2262 Sarpio
637 2220 685 2253 fides.
709 2220 781 2263 Hispani
789 2223 845 2253 autem
855 2219 903 2252 aiunt
913 2229 953 2251 eum

253 2273 327 2307 Goncilio
339 2273 413 2307 adfuisse
424 2274 443 2306 in
453 2274 501 2307 annis
514 2275 560 2317 1546,
571 2282 585 2317 7,
596 2275 709 2318 etGapitulis
720 2276 741 2308 de
750 2275 873 2309 Justifieatione
884 2285 953 2319 operam

253 2332 347 2365 contulisse,
372 2332 453 2364 Mortuus
460 2334 486 2364 est
493 2344 508 2365 a.
517 2331 561 2373 1566.
578 2333 698 2366 GHURTON.

271 2386 280 2413 d
287 2388 369 2431 Tigurina
376 2387 447 2431 [Editio]
455 2398 498 2420 auno
508 2387 555 2429 1560,
563 2399 584 2421 cx
591 2388 629 2422 Ms.
638 2389 700 2422 Godice
707 2389 786 2432 Gaeparis
793 2400 803 2422 a
810 2389 908 2433 Nydpruok,
918 2400 953 2422 unu

252 2455 290 2477 cum
297 2444 310 2476 J
310 2443 382 2476 ohannis
390 2443 474 2476 Brunneri
481 2444 559 2484 versione,
569 2444 595 2477 vel
602 2445 658 2487 potius
666 2445 768 2489 paraphrasi,
777 2447 806 2479 ac.
819 2445 897 2479 USSER.

274 2506 282 2525 θ
293 2500 386 2542 Dilingana
395 2506 442 2541 1557.
466 2499 516 2532 Hanc
526 2500 585 2542 reliqui
596 2501 649 2533 secuti
661 2504 701 2534 sunt
713 2501 800 2534 Editores:
812 2512 846 2534 non
856 2512 877 2534 ex
886 2501 952 2534 Graeco

252 2556 307 2599 aliquo
315 2556 378 2589 Godice
389 2556 428 2594 alio,
437 2555 466 2587 sed
474 2554 536 2597 partim
543 2566 564 2587 err
570 2555 642 2598 ingenio,
652 2556 714 2598 partim
722 2568 744 2589 ex
751 2559 808 2589 vetere
814 2555 883 2598 vulgato
890 2555 953 2588 Latino

251 2611 352 2654 Interprete,
361 2622 396 2644 non
404 2611 462 2655 paucis
469 2610 487 2642 in
495 2610 535 2642 loeis
543 2611 611 2644 eandem
620 2611 728 2654 corrigentes.
741 2612 821 2645 USSER.

274 2667 279 2689 f
289 2666 312 2699 Et
321 2665 368 2707 1562,
378 2666 440 2699 additis
452 2669 489 2698 tum
498 2665 571 2707 Notulis,
580 2667 600 2699 de
607 2666 627 2699 iis
635 2678 680 2710 quae
687 2667 719 2709 ipsi
726 2666 808 2699 mutanda
814 2666 850 2698 visa
860 2668 904 2707 sunt,
913 2669 952 2699 tum

252 2721 330 2754 Versione
343 2722 413 2763 Latina,
426 2732 470 2764 quae
483 2724 501 2753 et
512 2720 578 2753 Parisiis
590 2732 634 2754 anno
648 2721 695 2763 1561,
707 2721 787 2765 impressa
798 2721 862 2764 prodiit.
886 2721 952 2755 Iterum

252 2788 291 2810 vero
298 2788 308 2809 a
315 2777 437 2820 Ghristophoro
445 2776 531 2815 Plautino,
539 2775 643 2818 Autuerpiae
651 2787 696 2809 anno
708 2776 748 2818 1566
756 2779 774 2809 et
784 2783 829 2818 157¹,
838 2777 909 2815 seorsim,
918 2779 936 2809 et
944 2789 954 2810 a

251 2833 291 2865 Joh.
298 2833 364 2866 Jacobe
374 2833 459 2876 Grynaeo,
472 2831 547 2865 Basileae
557 2831 598 2875 1569
608 2831 626 2863 iu
638 2832 775 2865 orthodoxorum
785 2832 873 2873 volumine,
886 2833 954 2876 Augus·

254 2891 301 2921 tanus
314 2889 342 2921 iile
356 2890 442 2932 Ignatius,
456 2899 476 2920 eo
488 2899 522 2931 quo
533 2887 605 2920 diximus
617 2881 668 2920 modo
680 2890 769 2928 comestus,
782 2899 849 2921 recusus
860 2891 895 2922 est:
911 2900 956 2922 nova

253 2945 394 2987 Interpretatione
402 2944 503 2987 Hieronymi
510 2943 592 2976 Vairlenii
600 2943 654 2986 Sylvii
664 2944 734 2986 adjecta.
759 2944 805 2983 auae
815 2943 860 2987 (licet
870 2944 887 2976 iu
898 2944 958 2977 multis
