2061 3403
193 184 253 228 nvn
394 183 493 252 1111111
512 163 696 226 1111101111.

81 302 185 339 olemaum,
251 300 363 345 citationes
382 316 409 343 ex
426 300 466 343 SS.
483 315 531 343 cum
548 299 611 343 LXX
627 299 682 343 Intt.
700 298 786 355 aliisque
802 296 893 355 optimae

251 374 314 415 notae
323 370 462 424 versionibus,
471 385 554 414 necnon
562 369 652 413 veritate
665 368 770 413 Hebraica
783 366 892 412 conferim-

251 443 294 493 tur,
311 439 366 484 infra
385 440 468 497 posuit:
490 439 644 483 Adnotaticnes
663 438 730 493 lunii,
748 436 854 490 cotelerii,
870 439 893 479 et

252 509 339 554 Boisiiii
350 524 394 553 non
408 508 497 552 antehac
512 508 586 561 editas,
598 509 626 552 ad
640 509 704 553 finem
718 508 800 566 adjecit.
829 506 891 550 Prac-

251 579 304 622 fixae
318 582 369 621 sunt
379 578 490 631 Praefatio,
503 594 539 635 pp.
550 577 618 631 ccviii,
630 579 656 622 de
668 578 715 621 Usu
728 578 823 630 Patrum,
833 590 891 633 prae-

252 648 312 704 cipue
321 648 499 704 Apostolicorum,
510 664 534 691 ac
544 647 708 692 Dissertationes
722 648 781 701 duae,
791 647 857 690 altera
866 644 892 688 de

252 717 361 761 Divinitus
371 717 471 761 instituto
482 717 550 771 Olero,
561 717 587 761 de
597 718 687 761 Unitate
697 717 800 761 Ecclesiae
810 715 881 760 altera.

282 787 352 844 Hujus
374 786 472 830 editionis
495 787 662 831 accuratissime
682 786 807 845 exemplaria
826 800 893 843 pauca

252 857 325 900 charta
334 857 408 914 majori
418 860 469 900 sunt
478 857 586 914 impressa.

197 952 258 998 1721,
269 941 364 995 Parcite,
374 942 410 985 fol.
441 932 443 936 ,

281 1011 364 1055 Parum
380 1012 533 1066 Cousaaurrus,
547 1012 659 1069 Presbyter
673 1015 695 1054 et
708 1011 826 1055 Monachus
841 1010 892 1053 Ord.

253 1082 275 1124 S.
288 1081 399 1125 Benedicti
414 1098 425 1125 e
441 1080 610 1138 Uongregatione
626 1082 647 1124 S.
657 1081 735 1134 Mauri,
750 1080 773 1124 in
786 1079 891 1138 Epistola-

252 1166 299 1193 rum
309 1150 437 1194 Pontificum
447 1151 590 1194 Romanorum
602 1151 638 1193 dcc.
649 1154 707 1194 tomo
721 1150 796 1207 primo,
809 1149 892 1193 eodem-

252 1235 292 1276 que
306 1220 390 1274 ultimo,
400 1219 541 1264 recensionem
556 1219 710 1263 Cotelerianam
724 1235 793 1276 presse
808 1222 892 1263 secutus

252 1292 291 1341 est,
304 1289 360 1332 notis
375 1288 447 1346 paucis
461 1288 585 1345 perutilibus
600 1289 693 1346 adjectis.
724 1288 831 1347 Reliquiae
845 1288 892 1332 Ole-

251 1358 357 1402 mentinae
366 1358 455 1415 paginas
465 1357 506 1401 sibi
515 1357 625 1402 vindicant
635 1373 678 1416 9-
678 1369 713 1415 50.

195 1435 257 1492 1796,
271 1434 382 1490 Galliaque,
394 1434 414 1487 8,
425 1449 474 1477 cura
485 1433 509 1476 O.
520 1434 544 1476 Τ.
557 1434 583 1476 G.
596 1434 769 1478 Schoenemanni.

194 1525 257 1571 1742,
267 1515 368 1568 Baeticae,
380 1515 399 1557 8.

280 1586 331 1628 Jon.
352 1585 435 1628 Luucv.
456 1584 521 1638 llanr,
543 1585 564 1628 S.
588 1584 659 1629 Theol.
683 1585 739 1629 Prof.
763 1587 892 1641 Basiliensis,

250 1658 334 1698 textum
348 1669 373 1697 ex
386 1653 478 1697 editione
490 1653 595 1711 Ittigiana
609 1655 717 1712 expressit,
730 1655 767 1699 sed
781 1656 812 1699 ita
825 1659 851 1700 ut
865 1657 892 1700 ad

251 1724 302 1767 alias
312 1724 426 1781 castigatas
437 1723 545 1777 editiones,
555 1724 665 1782 praecipue
674 1725 702 1768 ad
710 1725 802 1782 primam
811 1726 870 1770 illam
880 1743 893 1770 a

252 1793 317 1836 Junio
329 1808 427 1836 excusam
441 1796 541 1850 perpetuo
555 1793 672 1851 respiceret.
698 1794 772 1839 Versio
782 1795 860 1840 Latina
869 1797 893 1840 in

253 1864 321 1919 priore
336 1863 433 1919 Epistola
448 1862 541 1919 sequitur
558 1863 598 1907 Ed.
612 1863 754 1921 Ittigianam:
770 1865 831 1909 alteri
846 1881 893 1910 ver-

254 1933 334 1977 sionem
349 1932 425 1976 Godol.
436 1932 549 1975 Vendelini
560 1933 664 1990 adjunxit.
693 1933 828 1978 Wcttoniani
844 1936 893 1979 libri

253 2002 359 2059 exemplar
367 2002 460 2059 primum
469 2001 561 2045 obtinuit
567 2002 655 2059 llaeyius
665 2018 731 2060 quum
740 2004 829 2060 epistola
837 2005 894 2062 prior

253 2072 311 2129 typis
318 2073 363 2128 jam
373 2073 428 2114 esset
435 2071 544 2127 descripta,
550 2075 576 2114 ut
582 2072 669 2128 proinde
678 2073 789 2129 posteriori
797 2078 892 2118 tantum·

254 2141 316 2185 modo
326 2140 411 2184 editoris
418 2141 597 2198 Gantabrigiensis
605 2157 666 2185 curae
675 2143 772 2199 prodesse
779 2144 893 2200 potuerint.

280 2217 296 2238 =“
307 2210 478 2267 Qualemcunque
492 2211 586 2264 tamen,”
596 2214 622 2254 ut
633 2212 703 2255 verbis
718 2212 825 2255 Gallandii
838 2217 893 2268 utar,

253 2288 268 2308 “
278 2281 341 2338 hujus
351 2279 449 2323 editionis
459 2280 571 2337 ltcyanae,
582 2281 659 2339 alioqui
669 2282 720 2325 satis
729 2282 816 2336 nitidae,
826 2283 893 2327 defec-

216 2461 324 2495 *Johannec
335 2459 406 2498 Boicius,
418 2461 477 2501 postea
490 2457 582 2491 canonicus
596 2458 672 2499 Eliensis,
685 2468 729 2490 unus
742 2469 751 2490 e
764 2457 852 2501 Theolcgis
865 2460 894 2502 qui

194 2518 246 2561 Regis
253 2518 266 2550 J
266 2517 328 2550 accbiI
336 2514 414 2559 auspiciis
422 2513 438 2547 S.
445 2513 538 2547 Bibliomm
545 2514 638 2547 versionem
643 2512 751 2546 vernaculam
758 2514 893 2557 emendaverunt,

194 2586 204 2607 1
212 2573 280 2613 Savilio,
289 2573 307 2605 in
314 2569 429 2614 (ihryccstcmi
441 2569 514 2602 editione
523 2569 624 2607 adornanda,
631 2569 649 2601 in
661 2569 715 2612 operis
726 2568 823 2602 societatem
833 2570 895 2604 ascitus

195 2633 225 2663 est.
249 2628 367 2661 Defensionem
376 2625 464 2659 Versiouis
472 2624 558 2667 Vulgatae
569 2625 666 2668 conscripsit
678 2625 709 2657 sub
720 2624 751 2657 hoc
762 2625 817 2663 titulo,
826 2625 894 2660 Veteris

195 2684 295 2727 interpretis
303 2694 341 2716 cum
345 2681 466 2724 Bezaaliicquc
472 2679 593 2713 recentioribus
602 2680 673 2713 collatio.
683 2679 814 2722 Lond,8‚1655.
825 2681 895 2725 Septua-

194 2741 267 2786 genario,
276 2742 296 2772 ut
303 2740 339 2783 ipse
346 2738 441 2782 profitetur,
446 2737 483 2779 jam
490 2735 581 2778 proximus,
587 2735 636 2778 jussu
643 2735 726 2768 «Iohannis
730 2735 813 2769 Williams
818 2737 894 2781 Episcopi

195 2795 319 2835 lincolniensis,
328 2795 373 2828 notis
381 2792 474 2827 illustravit
483 2791 599 2834 apographum
607 2790 691 2833 quoddam
698 2790 812 2833 Epistolarum
819 2792 893 2827 Glemon-

194 2852 268 2885 tinarum
275 2851 320 2884 vitiis
327 2850 420 2890 refertum3
431 2848 476 2892 qnod
488 2847 527 2880 inde
539 2848 609 2886 constat,
619 2846 664 2889 quod
674 2857 708 2878 non
716 2849 783 2880 tantum
791 2858 819 2881 eas
825 2849 893 2883 mendas

195 2917 237 2949 quae
245 2917 255 2939 1
262 2907 315 2939 Junio
323 2909 390 2949 praeter
397 2905 445 2939 MSti
456 2904 507 2937 fidem
518 2902 620 2935 exhibentur
630 2905 700 2935 conatus
708 2903 730 2936 sit
737 2903 829 2946 emendare,
839 2905 868 2938 scd
876 2909 894 2939 et

195 2962 256 2995 multus
264 2961 309 3002 clius,
319 2963 414 3004 quaerente
422 2971 439 2993 se
447 2959 511 2992 hahent
519 2958 537 2991 in
545 2957 617 2991 editione
625 2958 637 2991 J
638 2958 703 2991 uniana.
