<?xml version="1.0" encoding="UTF-8"?>
<!DOCTYPE html PUBLIC "-//W3C//DTD XHTML 1.0 Transitional//EN"
    "http://www.w3.org/TR/xhtml1/DTD/xhtml1-transitional.dtd">
<html xmlns="http://www.w3.org/1999/xhtml" xml:lang="en" lang="en">
 <head>
  <title>
</title>
<meta http-equiv="Content-Type" content="text/html;charset=utf-8" />
  <meta name='ocr-system' content='tesseract 3.04.00' />
  <meta name='ocr-capabilities' content='ocr_page ocr_carea ocr_par ocr_line ocrx_word'/>
</head>
<body>
  <div class='ocr_page' id='page_1' title='image "./MN41360ucmf_0/MN41360ucmf_0_0455.png"; bbox 0 0 1931 3420; ppageno 0'>
   <div class='ocr_carea' id='block_1_1' title="bbox 316 217 838 282">
    <p class='ocr_par' dir='ltr' id='par_1_1' title="bbox 316 217 838 282">
     <span class='ocr_line' id='line_1_1' title="bbox 316 217 838 282; baseline 0.006 -5"><span class='ocrx_word' id='word_1_1' title='bbox 316 235 354 278; x_wconf 79' lang='grc' dir='ltr'>πο</span> <span class='ocrx_word' id='word_1_2' title='bbox 368 234 593 279; x_wconf 73' lang='grc' dir='ltr'>οοιιιιοιιοοοι.</span> <span class='ocrx_word' id='word_1_3' title='bbox 772 217 774 220; x_wconf 74' lang='grc'>’</span> <span class='ocrx_word' id='word_1_4' title='bbox 810 237 838 282; x_wconf 77' lang='grc' dir='ltr'>ιο</span> 
     </span>
    </p>
   </div>
   <div class='ocr_carea' id='block_1_2' title="bbox 75 345 838 397">
    <p class='ocr_par' dir='ltr' id='par_1_2' title="bbox 75 345 838 397">
     <span class='ocr_line' id='line_1_2' title="bbox 75 345 838 397; baseline -0.003 -12"><span class='ocrx_word' id='word_1_5' title='bbox 75 348 189 397; x_wconf 80' lang='grc' dir='ltr'>Καταρτίζειν.</span> <span class='ocrx_word' id='word_1_6' title='bbox 217 345 243 384; x_wconf 83' lang='grc' dir='ltr'>ἵνα</span> <span class='ocrx_word' id='word_1_7' title='bbox 256 347 274 382; x_wconf 82' lang='grc' dir='ltr'>έν</span> <span class='ocrx_word' id='word_1_8' title='bbox 283 348 313 394; x_wconf 76' lang='grc' dir='ltr'>μιᾷ</span> <span class='ocrx_word' id='word_1_9' title='bbox 327 346 402 394; x_wconf 80' lang='grc' dir='ltr'>ὑποταγῇ</span> <span class='ocrx_word' id='word_1_10' title='bbox 414 345 443 392; x_wconf 78' lang='grc' dir='ltr'>ἦτε</span> <span class='ocrx_word' id='word_1_11' title='bbox 470 348 586 384; x_wconf 84' lang='grc' dir='ltr'>Κατεοοδόειν,</span> <span class='ocrx_word' id='word_1_12' title='bbox 615 346 641 383; x_wconf 80' lang='grc' dir='ltr'>ἵνα</span> <span class='ocrx_word' id='word_1_13' title='bbox 657 347 712 384; x_wconf 87' lang='grc' dir='ltr'>πάντα</span> <span class='ocrx_word' id='word_1_14' title='bbox 730 346 764 384; x_wconf 79' lang='grc' dir='ltr'>ὅσα</span> <span class='ocrx_word' id='word_1_15' title='bbox 779 349 838 394; x_wconf 81' lang='grc' dir='ltr'>ποιῆτε</span> 
     </span>
    </p>
   </div>
   <div class='ocr_carea' id='block_1_3' title="bbox 102 397 443 451">
    <p class='ocr_par' dir='ltr' id='par_1_3' title="bbox 102 397 443 451">
     <span class='ocr_line' id='line_1_3' title="bbox 102 397 443 451; baseline -0.003 -12"><span class='ocrx_word' id='word_1_16' title='bbox 102 400 237 451; x_wconf 74' lang='grc' dir='ltr'>κατηρτισμένοι,</span> <span class='ocrx_word' id='word_1_17' title='bbox 252 397 296 450; x_wconf 82' lang='lat' dir='ltr'><strong>Ign.</strong></span> <span class='ocrx_word' id='word_1_18' title='bbox 308 398 357 449; x_wconf 81' lang='lat' dir='ltr'><strong>Eph.</strong></span> <span class='ocrx_word' id='word_1_19' title='bbox 370 411 388 436; x_wconf 82' lang='lat'><strong>2.</strong></span> <span class='ocrx_word' id='word_1_20' title='bbox 421 401 443 438; x_wconf 82' lang='grc' dir='ltr'>ὣς</span> 
     </span>
    </p>
   </div>
   <div class='ocr_carea' id='block_1_4' title="bbox 497 398 800 451">
    <p class='ocr_par' dir='ltr' id='par_1_4' title="bbox 497 398 800 451">
     <span class='ocr_line' id='line_1_4' title="bbox 497 398 800 451; baseline 0.003 -14"><span class='ocrx_word' id='word_1_21' title='bbox 497 400 625 447; x_wconf 77' lang='grc' dir='ltr'>κατευοδωθῆτε.</span> <span class='ocrx_word' id='word_1_22' title='bbox 641 399 684 451; x_wconf 81' lang='lat' dir='ltr'><strong>Igu.</strong></span> <span class='ocrx_word' id='word_1_23' title='bbox 694 398 760 451; x_wconf 73' lang='lat' dir='ltr'><strong>Magn.</strong></span> <span class='ocrx_word' id='word_1_24' title='bbox 771 412 800 450; x_wconf 84' lang='lat'><strong>13.</strong></span> 
     </span>
    </p>
   </div>
   <div class='ocr_carea' id='block_1_5' title="bbox 101 453 839 504">
    <p class='ocr_par' dir='ltr' id='par_1_5' title="bbox 101 453 839 504">
     <span class='ocr_line' id='line_1_5' title="bbox 101 453 839 504; baseline 0 -12"><span class='ocrx_word' id='word_1_25' title='bbox 101 455 189 503; x_wconf 75' lang='grc' dir='ltr'>ἅνθρωπος</span> <span class='ocrx_word' id='word_1_26' title='bbox 202 454 225 492; x_wconf 81' lang='grc' dir='ltr'>εἷς</span> <span class='ocrx_word' id='word_1_27' title='bbox 237 453 298 490; x_wconf 79' lang='grc' dir='ltr'>ἕνωσιν</span> <span class='ocrx_word' id='word_1_28' title='bbox 307 454 442 502; x_wconf 86' lang='grc' dir='ltr'>κατηρτισμένος.</span> <span class='ocrx_word' id='word_1_29' title='bbox 471 457 580 504; x_wconf 80' lang='grc' dir='ltr'>Κατηγορεῖν.</span> <span class='ocrx_word' id='word_1_30' title='bbox 605 454 655 492; x_wconf 77' lang='grc' dir='ltr'>αὐτὸς</span> <span class='ocrx_word' id='word_1_31' title='bbox 669 454 728 491; x_wconf 81' lang='grc' dir='ltr'>ἑαυτοῦ</span> <span class='ocrx_word' id='word_1_32' title='bbox 742 459 839 504; x_wconf 79' lang='grc' dir='ltr'>κατηγορῶν</span> 
     </span>
    </p>
   </div>
   <div class='ocr_carea' id='block_1_6' title="bbox 102 506 441 556">
    <p class='ocr_par' dir='ltr' id='par_1_6' title="bbox 102 506 441 556">
     <span class='ocr_line' id='line_1_6' title="bbox 102 506 441 556; baseline -0.012 -9"><span class='ocrx_word' id='word_1_33' title='bbox 102 507 174 547; x_wconf 78' lang='grc' dir='ltr'>Ρλίῖαά.</span> <span class='ocrx_word' id='word_1_34' title='bbox 186 510 203 546; x_wconf 90' lang='lat'>8.</span> <span class='ocrx_word' id='word_1_35' title='bbox 230 506 370 556; x_wconf 82' lang='grc' dir='ltr'>κατηρτισμένους</span> <span class='ocrx_word' id='word_1_36' title='bbox 380 508 398 544; x_wconf 79' lang='grc' dir='ltr'>ἐν</span> <span class='ocrx_word' id='word_1_37' title='bbox 406 507 441 544; x_wconf 86' lang='grc' dir='ltr'>ἀκι-</span> 
     </span>
    </p>
   </div>
   <div class='ocr_carea' id='block_1_7' title="bbox 497 505 687 555">
    <p class='ocr_par' dir='ltr' id='par_1_7' title="bbox 497 505 687 555">
     <span class='ocr_line' id='line_1_7' title="bbox 497 505 687 555; baseline 0 -11"><span class='ocrx_word' id='word_1_38' title='bbox 497 505 550 545; x_wconf 86' lang='grc' dir='ltr'>εἶπεν.</span> <span class='ocrx_word' id='word_1_39' title='bbox 565 506 626 546; x_wconf 78' lang='lat' dir='ltr'><strong>Olem.</strong></span> <span class='ocrx_word' id='word_1_40' title='bbox 636 506 647 544; x_wconf 93' lang='lat' dir='ltr'>I</span> <span class='ocrx_word' id='word_1_41' title='bbox 657 514 687 555; x_wconf 85' lang='lat'><strong>17.</strong></span> 
     </span>
    </p>
   </div>
   <div class='ocr_carea' id='block_1_8' title="bbox 102 559 837 613">
    <p class='ocr_par' dir='ltr' id='par_1_8' title="bbox 102 559 837 613">
     <span class='ocr_line' id='line_1_8' title="bbox 102 559 837 613; baseline 0.001 -14"><span class='ocrx_word' id='word_1_42' title='bbox 102 561 145 613; x_wconf 71' lang='grc' dir='ltr'>νήτιρ</span> <span class='ocrx_word' id='word_1_43' title='bbox 159 562 223 599; x_wconf 77' lang='grc' dir='ltr'>πίστει.</span> <span class='ocrx_word' id='word_1_44' title='bbox 242 559 317 611; x_wconf 74' lang='lat' dir='ltr'><strong>Smyrn.</strong></span> <span class='ocrx_word' id='word_1_45' title='bbox 331 572 347 598; x_wconf 93' lang='lat'><strong>1.</strong></span> <span class='ocrx_word' id='word_1_46' title='bbox 376 566 442 609; x_wconf 91' lang='grc' dir='ltr'>Καταρ-</span> <span class='ocrx_word' id='word_1_47' title='bbox 470 562 554 598; x_wconf 83' lang='grc' dir='ltr'>Κατιέναι.</span> <span class='ocrx_word' id='word_1_48' title='bbox 579 563 657 599; x_wconf 86' lang='grc' dir='ltr'>κατιόντα</span> <span class='ocrx_word' id='word_1_49' title='bbox 666 562 700 598; x_wconf 91' lang='grc' dir='ltr'>άπδ</span> <span class='ocrx_word' id='word_1_50' title='bbox 709 564 738 609; x_wconf 78' lang='grc' dir='ltr'>τῆς</span> <span class='ocrx_word' id='word_1_51' title='bbox 747 562 837 611; x_wconf 81' lang='grc' dir='ltr'>καροιῖχας.</span> 
     </span>
    </p>
   </div>
   <div class='ocr_carea' id='block_1_9' title="bbox 73 614 443 1041">
    <p class='ocr_par' dir='ltr' id='par_1_9' title="bbox 73 614 443 1041">
     <span class='ocr_line' id='line_1_9' title="bbox 101 614 443 664; baseline -0.009 -10"><span class='ocrx_word' id='word_1_52' title='bbox 101 616 218 655; x_wconf 77' lang='grc' dir='ltr'>τίσατ...τοδς</span> <span class='ocrx_word' id='word_1_53' title='bbox 230 616 248 652; x_wconf 82' lang='grc' dir='ltr'>ἐν</span> <span class='ocrx_word' id='word_1_54' title='bbox 256 614 310 661; x_wconf 83' lang='grc' dir='ltr'>Ῥώμη</span> <span class='ocrx_word' id='word_1_55' title='bbox 320 618 353 652; x_wconf 81' lang='grc' dir='ltr'>τῶν</span> <span class='ocrx_word' id='word_1_56' title='bbox 362 614 443 664; x_wconf 76' lang='grc' dir='ltr'>ἀδελφῶν</span> 
     </span>
     <span class='ocr_line' id='line_1_10' title="bbox 100 668 331 719; baseline -0.009 -12"><span class='ocrx_word' id='word_1_57' title='bbox 100 671 177 708; x_wconf 71' lang='grc' dir='ltr'>ἄκοντας.</span> <span class='ocrx_word' id='word_1_58' title='bbox 191 668 249 708; x_wconf 73' lang='grc' dir='ltr'>Μανδ.</span> <span class='ocrx_word' id='word_1_59' title='bbox 259 668 302 719; x_wconf 80' lang='lat' dir='ltr'><strong>Igu.</strong></span> <span class='ocrx_word' id='word_1_60' title='bbox 314 678 331 716; x_wconf 90' lang='lat'>5.</span> 
     </span>
     <span class='ocr_line' id='line_1_11' title="bbox 73 723 442 768; baseline -0.005 -6"><span class='ocrx_word' id='word_1_61' title='bbox 73 723 215 768; x_wconf 78' lang='grc' dir='ltr'>Κατασβεννιῖειν.</span> <span class='ocrx_word' id='word_1_62' title='bbox 245 724 291 759; x_wconf 79' lang='grc' dir='ltr'>ὣστε</span> <span class='ocrx_word' id='word_1_63' title='bbox 304 723 410 767; x_wconf 81' lang='grc' dir='ltr'>κατασβέσαι</span> <span class='ocrx_word' id='word_1_64' title='bbox 422 725 442 760; x_wconf 88' lang='grc' dir='ltr'>τδ</span> 
     </span>
     <span class='ocr_line' id='line_1_12' title="bbox 99 775 328 827; baseline -0.004 -11"><span class='ocrx_word' id='word_1_65' title='bbox 99 781 140 827; x_wconf 87' lang='grc' dir='ltr'>πῦρ.</span> <span class='ocrx_word' id='word_1_66' title='bbox 156 776 213 815; x_wconf 77' lang='lat' dir='ltr'><strong>Mart.</strong></span> <span class='ocrx_word' id='word_1_67' title='bbox 225 775 289 827; x_wconf 81' lang='lat' dir='ltr'><strong>Polyo.</strong></span> <span class='ocrx_word' id='word_1_68' title='bbox 299 778 328 815; x_wconf 89' lang='lat'>16.</span> 
     </span>
     <span class='ocr_line' id='line_1_13' title="bbox 74 831 442 878; baseline -0.005 -8"><span class='ocrx_word' id='word_1_69' title='bbox 74 831 215 870; x_wconf 86' lang='grc' dir='ltr'>Κατασκοπειίειν.</span> <span class='ocrx_word' id='word_1_70' title='bbox 240 831 291 878; x_wconf 73' lang='grc' dir='ltr'>ἤκασι</span> <span class='ocrx_word' id='word_1_71' title='bbox 305 835 442 868; x_wconf 83' lang='grc' dir='ltr'>καταοκοπεῦσαι</span> 
     </span>
     <span class='ocr_line' id='line_1_14' title="bbox 99 883 404 934; baseline -0.007 -10"><span class='ocrx_word' id='word_1_72' title='bbox 99 886 130 932; x_wconf 81' lang='grc' dir='ltr'>τὴν</span> <span class='ocrx_word' id='word_1_73' title='bbox 138 887 197 934; x_wconf 77' lang='grc' dir='ltr'>χώραν</span> <span class='ocrx_word' id='word_1_74' title='bbox 206 886 265 928; x_wconf 79' lang='grc' dir='ltr'>αιἰτῶν.</span> <span class='ocrx_word' id='word_1_75' title='bbox 280 883 341 923; x_wconf 76' lang='lat' dir='ltr'><strong>Olem.</strong></span> <span class='ocrx_word' id='word_1_76' title='bbox 352 884 363 922; x_wconf 92' lang='lat' dir='ltr'>I</span> <span class='ocrx_word' id='word_1_77' title='bbox 373 896 404 923; x_wconf 84' lang='lat'><strong>12.</strong></span> 
     </span>
     <span class='ocr_line' id='line_1_15' title="bbox 73 939 441 988; baseline -0.005 -11"><span class='ocrx_word' id='word_1_78' title='bbox 73 941 189 978; x_wconf 86' lang='grc' dir='ltr'>Κατασκοπός.</span> <span class='ocrx_word' id='word_1_79' title='bbox 214 939 356 987; x_wconf 81' lang='grc' dir='ltr'>Ἐκπεμφθέντων</span> <span class='ocrx_word' id='word_1_80' title='bbox 369 940 425 988; x_wconf 83' lang='grc' dir='ltr'>γάρ..</span> <span class='ocrx_word' id='word_1_81' title='bbox 437 968 441 976; x_wconf 98' lang='grc'>.</span> 
     </span>
     <span class='ocr_line' id='line_1_16' title="bbox 100 992 440 1041; baseline 0.003 -11"><span class='ocrx_word' id='word_1_82' title='bbox 100 998 212 1031; x_wconf 82' lang='grc' dir='ltr'>κατασκοπῶν</span> <span class='ocrx_word' id='word_1_83' title='bbox 223 994 247 1032; x_wconf 78' lang='grc' dir='ltr'>εἷς</span> <span class='ocrx_word' id='word_1_84' title='bbox 255 993 285 1040; x_wconf 77' lang='grc' dir='ltr'>τὴν</span> <span class='ocrx_word' id='word_1_85' title='bbox 293 992 364 1041; x_wconf 83' lang='grc' dir='ltr'>Ἱεριχῶ.</span> <span class='ocrx_word' id='word_1_86' title='bbox 381 992 440 1032; x_wconf 77' lang='lat' dir='ltr'><strong>Olem.</strong></span> 
     </span>
    </p>
   </div>
   <div class='ocr_carea' id='block_1_10' title="bbox 498 614 662 665">
    <p class='ocr_par' dir='ltr' id='par_1_10' title="bbox 498 614 662 665">
     <span class='ocr_line' id='line_1_17' title="bbox 498 614 662 665; baseline 0 -13"><span class='ocrx_word' id='word_1_87' title='bbox 498 614 556 654; x_wconf 75' lang='grc' dir='ltr'>Ματυ.</span> <span class='ocrx_word' id='word_1_88' title='bbox 567 614 632 665; x_wconf 82' lang='grc' dir='ltr'>ΡοΙγο.</span> <span class='ocrx_word' id='word_1_89' title='bbox 643 616 662 652; x_wconf 82' lang='grc'>8.</span> 
     </span>
    </p>
   </div>
   <div class='ocr_carea' id='block_1_11' title="bbox 471 668 839 719">
    <p class='ocr_par' dir='ltr' id='par_1_11' title="bbox 471 668 839 719">
     <span class='ocr_line' id='line_1_18' title="bbox 471 668 839 719; baseline 0.005 -13"><span class='ocrx_word' id='word_1_90' title='bbox 471 672 564 707; x_wconf 86' lang='grc' dir='ltr'>Κατοικεῖν.</span> <span class='ocrx_word' id='word_1_91' title='bbox 595 670 613 705; x_wconf 79' lang='grc' dir='ltr'>ἐν</span> <span class='ocrx_word' id='word_1_92' title='bbox 630 670 669 715; x_wconf 80' lang='grc' dir='ltr'>ὑμῖν</span> <span class='ocrx_word' id='word_1_93' title='bbox 686 669 755 717; x_wconf 79' lang='grc' dir='ltr'>οὐδεμία</span> <span class='ocrx_word' id='word_1_94' title='bbox 774 668 839 719; x_wconf 81' lang='grc' dir='ltr'>αἵρεσις</span> 
     </span>
    </p>
   </div>
   <div class='ocr_carea' id='block_1_12' title="bbox 496 722 839 989">
    <p class='ocr_par' dir='ltr' id='par_1_12' title="bbox 496 722 839 989">
     <span class='ocr_line' id='line_1_19' title="bbox 497 722 839 774; baseline 0 -15"><span class='ocrx_word' id='word_1_95' title='bbox 497 726 573 761; x_wconf 89' lang='grc' dir='ltr'>κατοικεῖ.</span> <span class='ocrx_word' id='word_1_96' title='bbox 588 722 631 774; x_wconf 86' lang='lat' dir='ltr'><strong>Ign.</strong></span> <span class='ocrx_word' id='word_1_97' title='bbox 642 722 692 774; x_wconf 84' lang='lat' dir='ltr'><strong>Eph.</strong></span> <span class='ocrx_word' id='word_1_98' title='bbox 704 723 721 760; x_wconf 88' lang='lat'><strong>6.</strong></span> <span class='ocrx_word' id='word_1_99' title='bbox 756 724 779 761; x_wconf 80' lang='grc' dir='ltr'>ὣς</span> <span class='ocrx_word' id='word_1_100' title='bbox 788 724 839 760; x_wconf 79' lang='grc' dir='ltr'>αὐτοῦ</span> 
     </span>
     <span class='ocr_line' id='line_1_20' title="bbox 496 778 836 825; baseline 0.003 -12"><span class='ocrx_word' id='word_1_101' title='bbox 496 778 514 813; x_wconf 84' lang='grc' dir='ltr'>ἐν</span> <span class='ocrx_word' id='word_1_102' title='bbox 523 778 562 825; x_wconf 82' lang='grc' dir='ltr'>ἡμῖν</span> <span class='ocrx_word' id='word_1_103' title='bbox 573 780 694 815; x_wconf 82' lang='grc' dir='ltr'>κατοικοῦντος.</span> <span class='ocrx_word' id='word_1_104' title='bbox 712 784 741 825; x_wconf 86' lang='lat'><strong>15.</strong></span> <span class='ocrx_word' id='word_1_105' title='bbox 770 784 836 814; x_wconf 91' lang='grc' dir='ltr'>Βασκα-</span> 
     </span>
     <span class='ocr_line' id='line_1_21' title="bbox 496 830 837 880; baseline 0.009 -13"><span class='ocrx_word' id='word_1_106' title='bbox 496 832 523 868; x_wconf 90' lang='grc' dir='ltr'>νία</span> <span class='ocrx_word' id='word_1_107' title='bbox 532 833 550 868; x_wconf 81' lang='grc' dir='ltr'>ἐν</span> <span class='ocrx_word' id='word_1_108' title='bbox 558 832 597 878; x_wconf 77' lang='grc' dir='ltr'>ὑμῖν</span> <span class='ocrx_word' id='word_1_109' title='bbox 605 832 628 879; x_wconf 77' lang='grc' dir='ltr'>μὴ</span> <span class='ocrx_word' id='word_1_110' title='bbox 637 833 741 870; x_wconf 76' lang='grc' dir='ltr'>κατοικεῖται.</span> <span class='ocrx_word' id='word_1_111' title='bbox 755 830 811 869; x_wconf 87' lang='lat' dir='ltr'><strong>Rom.</strong></span> <span class='ocrx_word' id='word_1_112' title='bbox 820 842 837 880; x_wconf 90' lang='lat'><strong>7.</strong></span> 
     </span>
     <span class='ocr_line' id='line_1_22' title="bbox 496 884 839 924; baseline 0.003 -3"><span class='ocrx_word' id='word_1_113' title='bbox 496 886 540 924; x_wconf 82' lang='grc' dir='ltr'>θεὸς</span> <span class='ocrx_word' id='word_1_114' title='bbox 549 887 569 922; x_wconf 78' lang='grc' dir='ltr'>οὐ</span> <span class='ocrx_word' id='word_1_115' title='bbox 579 888 656 923; x_wconf 80' lang='grc' dir='ltr'>κατοικεῖ.</span> <span class='ocrx_word' id='word_1_116' title='bbox 672 884 746 924; x_wconf 78' lang='grc' dir='ltr'>Ρῖιὶῖοό.</span> <span class='ocrx_word' id='word_1_117' title='bbox 758 886 777 923; x_wconf 85' lang='grc'>8.</span> <span class='ocrx_word' id='word_1_118' title='bbox 805 890 839 923; x_wconf 84' lang='grc' dir='ltr'>τῶν</span> 
     </span>
     <span class='ocr_line' id='line_1_23' title="bbox 496 938 836 989; baseline 0.003 -13"><span class='ocrx_word' id='word_1_119' title='bbox 496 939 526 986; x_wconf 83' lang='grc' dir='ltr'>τὴν</span> <span class='ocrx_word' id='word_1_120' title='bbox 541 939 618 989; x_wconf 77' lang='grc' dir='ltr'>Σμύρναν</span> <span class='ocrx_word' id='word_1_121' title='bbox 634 939 759 977; x_wconf 73' lang='grc' dir='ltr'>κατοικούντων.</span> <span class='ocrx_word' id='word_1_122' title='bbox 778 938 836 978; x_wconf 76' lang='lat' dir='ltr'><strong>Mart.</strong></span> 
     </span>
    </p>
   </div>
   <div class='ocr_carea' id='block_1_13' title="bbox 496 992 599 1044">
    <p class='ocr_par' dir='ltr' id='par_1_13' title="bbox 496 992 599 1044">
     <span class='ocr_line' id='line_1_24' title="bbox 496 992 599 1044; baseline 0 -13"><span class='ocrx_word' id='word_1_123' title='bbox 496 992 560 1044; x_wconf 86' lang='lat' dir='ltr'><strong>Polyc.</strong></span> <span class='ocrx_word' id='word_1_124' title='bbox 569 1005 599 1031; x_wconf 86' lang='lat'><strong>12.</strong></span> 
     </span>
    </p>
   </div>
   <div class='ocr_carea' id='block_1_14' title="bbox 100 1047 836 1096">
    <p class='ocr_par' dir='ltr' id='par_1_14' title="bbox 100 1047 836 1096">
     <span class='ocr_line' id='line_1_25' title="bbox 100 1047 836 1096; baseline -0.001 -11"><span class='ocrx_word' id='word_1_125' title='bbox 100 1047 150 1085; x_wconf 81' lang='lat'><strong>112.</strong></span> <span class='ocrx_word' id='word_1_126' title='bbox 178 1049 194 1084; x_wconf 82' lang='grc' dir='ltr'>οῖ</span> <span class='ocrx_word' id='word_1_127' title='bbox 210 1048 314 1085; x_wconf 74' lang='grc' dir='ltr'>κατασκοπαὶ</span> <span class='ocrx_word' id='word_1_128' title='bbox 329 1049 359 1093; x_wconf 70' lang='grc' dir='ltr'>τῆς</span> <span class='ocrx_word' id='word_1_129' title='bbox 374 1049 406 1096; x_wconf 75' lang='grc' dir='ltr'>γῆς</span> <span class='ocrx_word' id='word_1_130' title='bbox 421 1049 440 1094; x_wconf 79' lang='grc' dir='ltr'>ἦ·</span> <span class='ocrx_word' id='word_1_131' title='bbox 468 1048 596 1096; x_wconf 81' lang='grc' dir='ltr'>Κατοικτείρειν.</span> <span class='ocrx_word' id='word_1_132' title='bbox 622 1048 653 1095; x_wconf 81' lang='grc' dir='ltr'>τὴν</span> <span class='ocrx_word' id='word_1_133' title='bbox 661 1048 727 1095; x_wconf 82' lang='grc' dir='ltr'>ἡλικίαν</span> <span class='ocrx_word' id='word_1_134' title='bbox 735 1049 787 1096; x_wconf 80' lang='grc' dir='ltr'>αὐτοῦ</span> <span class='ocrx_word' id='word_1_135' title='bbox 797 1062 836 1085; x_wconf 91' lang='grc' dir='ltr'>κατ-</span> 
     </span>
    </p>
   </div>
   <div class='ocr_carea' id='block_1_15' title="bbox 98 1099 180 1149">
    <p class='ocr_par' dir='ltr' id='par_1_15' title="bbox 98 1099 180 1149">
     <span class='ocr_line' id='line_1_26' title="bbox 98 1099 180 1149; baseline 0.024 -12"><span class='ocrx_word' id='word_1_136' title='bbox 98 1104 140 1149; x_wconf 83' lang='grc' dir='ltr'>μῶν.</span> <span class='ocrx_word' id='word_1_137' title='bbox 156 1099 180 1139; x_wconf 78' lang='lat' dir='ltr'><strong>ib.</strong></span> 
     </span>
    </p>
   </div>
   <div class='ocr_carea' id='block_1_16' title="bbox 495 1101 759 1153">
    <p class='ocr_par' dir='ltr' id='par_1_16' title="bbox 495 1101 759 1153">
     <span class='ocr_line' id='line_1_27' title="bbox 495 1101 759 1153; baseline 0.008 -16"><span class='ocrx_word' id='word_1_138' title='bbox 495 1103 580 1150; x_wconf 88' lang='grc' dir='ltr'>οικτεῖραι.</span> <span class='ocrx_word' id='word_1_139' title='bbox 595 1101 652 1140; x_wconf 67' lang='lat' dir='ltr'><strong>Mart.</strong></span> <span class='ocrx_word' id='word_1_140' title='bbox 664 1101 728 1153; x_wconf 83' lang='lat' dir='ltr'><strong>Polyc.</strong></span> <span class='ocrx_word' id='word_1_141' title='bbox 740 1115 759 1151; x_wconf 82' lang='lat'><strong>3.</strong></span> 
     </span>
    </p>
   </div>
   <div class='ocr_carea' id='block_1_17' title="bbox 72 1155 835 1204">
    <p class='ocr_par' dir='ltr' id='par_1_17' title="bbox 72 1155 835 1204">
     <span class='ocr_line' id='line_1_28' title="bbox 72 1155 835 1204; baseline 0.003 -13"><span class='ocrx_word' id='word_1_142' title='bbox 72 1156 182 1202; x_wconf 81' lang='grc' dir='ltr'>Κατάστημα.</span> <span class='ocrx_word' id='word_1_143' title='bbox 214 1155 234 1192; x_wconf 78' lang='grc' dir='ltr'>οὗ</span> <span class='ocrx_word' id='word_1_144' title='bbox 250 1156 291 1192; x_wconf 79' lang='grc' dir='ltr'>αὖτδ</span> <span class='ocrx_word' id='word_1_145' title='bbox 307 1156 327 1192; x_wconf 90' lang='grc' dir='ltr'>τδ</span> <span class='ocrx_word' id='word_1_146' title='bbox 343 1156 441 1202; x_wconf 76' lang='grc' dir='ltr'>κατάστημα</span> <span class='ocrx_word' id='word_1_147' title='bbox 468 1156 575 1203; x_wconf 81' lang='grc' dir='ltr'>Καυχᾶσθαι.</span> <span class='ocrx_word' id='word_1_148' title='bbox 604 1156 631 1193; x_wconf 81' lang='grc' dir='ltr'>καὶ</span> <span class='ocrx_word' id='word_1_149' title='bbox 643 1157 673 1193; x_wconf 79' lang='grc' dir='ltr'>οὐκ</span> <span class='ocrx_word' id='word_1_150' title='bbox 687 1157 723 1204; x_wconf 75' lang='grc' dir='ltr'>ἔχει</span> <span class='ocrx_word' id='word_1_151' title='bbox 733 1171 760 1194; x_wconf 89' lang='grc' dir='ltr'>τις</span> <span class='ocrx_word' id='word_1_152' title='bbox 772 1155 835 1204; x_wconf 77' lang='grc' dir='ltr'>καυχή-</span> 
     </span>
    </p>
   </div>
   <div class='ocr_carea' id='block_1_18' title="bbox 72 1207 440 1312">
    <p class='ocr_par' dir='ltr' id='par_1_18' title="bbox 72 1207 440 1312">
     <span class='ocr_line' id='line_1_29' title="bbox 98 1207 413 1259; baseline 0.003 -14"><span class='ocrx_word' id='word_1_153' title='bbox 98 1210 164 1258; x_wconf 84' lang='grc' dir='ltr'>μεγάλη</span> <span class='ocrx_word' id='word_1_154' title='bbox 173 1209 260 1256; x_wconf 85' lang='grc' dir='ltr'>μαθητεία.</span> <span class='ocrx_word' id='word_1_155' title='bbox 276 1209 319 1259; x_wconf 84' lang='lat' dir='ltr'><strong>Ign.</strong></span> <span class='ocrx_word' id='word_1_156' title='bbox 328 1207 384 1246; x_wconf 79' lang='lat' dir='ltr'><strong>Trall.</strong></span> <span class='ocrx_word' id='word_1_157' title='bbox 396 1221 413 1258; x_wconf 84' lang='lat'><strong>3.</strong></span> 
     </span>
     <span class='ocr_line' id='line_1_30' title="bbox 72 1263 440 1312; baseline 0.005 -12"><span class='ocrx_word' id='word_1_158' title='bbox 72 1263 208 1312; x_wconf 82' lang='grc' dir='ltr'>Καταστρέφειν.</span> <span class='ocrx_word' id='word_1_159' title='bbox 237 1263 272 1309; x_wconf 76' lang='grc' dir='ltr'>ἔρις</span> <span class='ocrx_word' id='word_1_160' title='bbox 289 1265 348 1301; x_wconf 86' lang='grc' dir='ltr'>πόλεις</span> <span class='ocrx_word' id='word_1_161' title='bbox 364 1265 440 1312; x_wconf 80' lang='grc' dir='ltr'>μεγάλας</span> 
     </span>
    </p>
   </div>
   <div class='ocr_carea' id='block_1_19' title="bbox 493 1208 834 1313">
    <p class='ocr_par' dir='ltr' id='par_1_19' title="bbox 493 1208 834 1313">
     <span class='ocr_line' id='line_1_31' title="bbox 494 1208 834 1259; baseline 0 -14"><span class='ocrx_word' id='word_1_162' title='bbox 494 1209 565 1246; x_wconf 83' lang='grc' dir='ltr'>σοοθαι.</span> <span class='ocrx_word' id='word_1_163' title='bbox 579 1208 622 1259; x_wconf 86' lang='lat' dir='ltr'><strong>Igu.</strong></span> <span class='ocrx_word' id='word_1_164' title='bbox 633 1208 707 1247; x_wconf 78' lang='lat' dir='ltr'><strong>Philad.</strong></span> <span class='ocrx_word' id='word_1_165' title='bbox 716 1210 735 1247; x_wconf 79' lang='lat'><strong>6.</strong></span> <span class='ocrx_word' id='word_1_166' title='bbox 757 1210 786 1246; x_wconf 80' lang='grc' dir='ltr'>ἐὰν</span> <span class='ocrx_word' id='word_1_167' title='bbox 795 1224 834 1246; x_wconf 89' lang='grc' dir='ltr'>καο-</span> 
     </span>
     <span class='ocr_line' id='line_1_32' title="bbox 493 1262 779 1313; baseline -0.014 -11"><span class='ocrx_word' id='word_1_168' title='bbox 493 1262 573 1311; x_wconf 79' lang='grc' dir='ltr'>χήσηται,</span> <span class='ocrx_word' id='word_1_169' title='bbox 583 1263 667 1312; x_wconf 82' lang='grc' dir='ltr'>άπὼλετο.</span> <span class='ocrx_word' id='word_1_170' title='bbox 683 1262 748 1313; x_wconf 82' lang='lat' dir='ltr'><strong>Polyc.</strong></span> <span class='ocrx_word' id='word_1_171' title='bbox 760 1271 779 1311; x_wconf 89' lang='lat'><strong>5.</strong></span> 
     </span>
    </p>
   </div>
   <div class='ocr_carea' id='block_1_20' title="bbox 99 1315 835 1367">
    <p class='ocr_par' dir='ltr' id='par_1_20' title="bbox 99 1315 835 1367">
     <span class='ocr_line' id='line_1_33' title="bbox 99 1315 835 1367; baseline -0.001 -13"><span class='ocrx_word' id='word_1_172' title='bbox 99 1317 223 1366; x_wconf 71' lang='grc' dir='ltr'>κατέστρεψεν.</span> <span class='ocrx_word' id='word_1_173' title='bbox 236 1315 344 1354; x_wconf 74' lang='lat' dir='ltr'><strong>GlemIfi.</strong></span> <span class='ocrx_word' id='word_1_174' title='bbox 367 1317 385 1354; x_wconf 82' lang='grc' dir='ltr'>ἒν</span> <span class='ocrx_word' id='word_1_175' title='bbox 393 1318 440 1367; x_wconf 80' lang='grc' dir='ltr'>λόγῳ</span> <span class='ocrx_word' id='word_1_176' title='bbox 467 1316 554 1364; x_wconf 80' lang='grc' dir='ltr'>Καόχημα.</span> <span class='ocrx_word' id='word_1_177' title='bbox 575 1318 598 1354; x_wconf 91' lang='grc' dir='ltr'>Τδ</span> <span class='ocrx_word' id='word_1_178' title='bbox 610 1316 687 1366; x_wconf 78' lang='grc' dir='ltr'>καύχημα</span> <span class='ocrx_word' id='word_1_179' title='bbox 699 1317 835 1366; x_wconf 79' lang='grc' dir='ltr'>ἡμῶν...ἕστω</span> 
     </span>
    </p>
   </div>
   <div class='ocr_carea' id='block_1_21' title="bbox 99 1369 397 1419">
    <p class='ocr_par' dir='ltr' id='par_1_21' title="bbox 99 1369 397 1419">
     <span class='ocr_line' id='line_1_34' title="bbox 99 1369 397 1419; baseline 0.007 -12"><span class='ocrx_word' id='word_1_180' title='bbox 99 1369 167 1408; x_wconf 83' lang='grc' dir='ltr'>δόναται</span> <span class='ocrx_word' id='word_1_181' title='bbox 176 1371 219 1408; x_wconf 77' lang='grc' dir='ltr'>αὐτὰ</span> <span class='ocrx_word' id='word_1_182' title='bbox 228 1370 351 1419; x_wconf 74' lang='grc' dir='ltr'>καταστρέψαι.</span> <span class='ocrx_word' id='word_1_183' title='bbox 367 1378 397 1419; x_wconf 80' lang='lat'><strong>27.</strong></span> 
     </span>
    </p>
   </div>
   <div class='ocr_carea' id='block_1_22' title="bbox 494 1369 712 1422">
    <p class='ocr_par' dir='ltr' id='par_1_22' title="bbox 494 1369 712 1422">
     <span class='ocr_line' id='line_1_35' title="bbox 494 1369 712 1422; baseline 0.009 -15"><span class='ocrx_word' id='word_1_184' title='bbox 494 1371 570 1422; x_wconf 79' lang='grc' dir='ltr'>έναῧτῷ.</span> <span class='ocrx_word' id='word_1_185' title='bbox 587 1369 712 1420; x_wconf 77' lang='lat' dir='ltr'><strong>Olem.134.</strong></span> 
     </span>
    </p>
   </div>
   <div class='ocr_carea' id='block_1_23' title="bbox 72 1422 834 1474">
    <p class='ocr_par' dir='ltr' id='par_1_23' title="bbox 72 1422 834 1474">
     <span class='ocr_line' id='line_1_36' title="bbox 72 1422 834 1474; baseline 0 -13"><span class='ocrx_word' id='word_1_186' title='bbox 72 1424 195 1474; x_wconf 79' lang='grc' dir='ltr'>Καταστροφή.</span> <span class='ocrx_word' id='word_1_187' title='bbox 221 1425 278 1462; x_wconf 83' lang='grc' dir='ltr'>Ἰωνᾶς</span> <span class='ocrx_word' id='word_1_188' title='bbox 287 1422 380 1463; x_wconf 86' lang='grc' dir='ltr'>Νινευίταις</span> <span class='ocrx_word' id='word_1_189' title='bbox 389 1440 438 1462; x_wconf 80' lang='grc' dir='ltr'>κατα·</span> <span class='ocrx_word' id='word_1_190' title='bbox 467 1423 561 1472; x_wconf 82' lang='grc' dir='ltr'>Καόχησις.</span> <span class='ocrx_word' id='word_1_191' title='bbox 589 1429 627 1462; x_wconf 83' lang='grc' dir='ltr'>Ποῦ</span> <span class='ocrx_word' id='word_1_192' title='bbox 641 1424 723 1472; x_wconf 79' lang='grc' dir='ltr'>καύχησις</span> <span class='ocrx_word' id='word_1_193' title='bbox 737 1427 834 1473; x_wconf 83' lang='grc' dir='ltr'>τῶνλεγο-</span> 
     </span>
    </p>
   </div>
   <div class='ocr_carea' id='block_1_24' title="bbox 41 1477 438 1583">
    <p class='ocr_par' dir='ltr' id='par_1_24' title="bbox 41 1477 438 1583">
     <span class='ocr_line' id='line_1_37' title="bbox 99 1477 396 1527; baseline 0.007 -12"><span class='ocrx_word' id='word_1_194' title='bbox 99 1479 178 1527; x_wconf 79' lang='grc' dir='ltr'>στροφὴν</span> <span class='ocrx_word' id='word_1_195' title='bbox 186 1477 270 1527; x_wconf 77' lang='grc' dir='ltr'>ἐκήρυξεν.</span> <span class='ocrx_word' id='word_1_196' title='bbox 287 1477 347 1516; x_wconf 61' lang='lat' dir='ltr'><strong>olem.</strong></span> <span class='ocrx_word' id='word_1_197' title='bbox 357 1478 369 1516; x_wconf 84' lang='lat' dir='ltr'>I</span> <span class='ocrx_word' id='word_1_198' title='bbox 378 1487 396 1527; x_wconf 82' lang='lat'><strong>7.</strong></span> 
     </span>
     <span class='ocr_line' id='line_1_38' title="bbox 41 1532 438 1583; baseline 0.005 -15"><span class='ocrx_word' id='word_1_199' title='bbox 41 1560 43 1563; x_wconf 81' lang='lat'><em>-</em></span> <span class='ocrx_word' id='word_1_200' title='bbox 72 1532 186 1570; x_wconf 77' lang='grc' dir='ltr'>Κατατιθέναι.</span> <span class='ocrx_word' id='word_1_201' title='bbox 206 1533 272 1583; x_wconf 81' lang='grc' dir='ltr'>ε’νλίνῳ</span> <span class='ocrx_word' id='word_1_202' title='bbox 281 1533 365 1580; x_wconf 84' lang='grc' dir='ltr'>κατετέθη.</span> <span class='ocrx_word' id='word_1_203' title='bbox 381 1532 438 1571; x_wconf 71' lang='lat' dir='ltr'><strong>Mart.</strong></span> 
     </span>
    </p>
   </div>
   <div class='ocr_carea' id='block_1_25' title="bbox 33 1586 172 1636">
    <p class='ocr_par' dir='ltr' id='par_1_25' title="bbox 33 1586 172 1636">
     <span class='ocr_line' id='line_1_39' title="bbox 33 1586 172 1636; baseline 0.007 -13"><span class='ocrx_word' id='word_1_204' title='bbox 33 1603 34 1606; x_wconf 43' lang='lat'>¹</span> <span class='ocrx_word' id='word_1_205' title='bbox 99 1586 142 1636; x_wconf 80' lang='lat' dir='ltr'><strong>Igu.</strong></span> <span class='ocrx_word' id='word_1_206' title='bbox 154 1586 172 1624; x_wconf 92' lang='lat'>6.</span> 
     </span>
    </p>
   </div>
   <div class='ocr_carea' id='block_1_26' title="bbox 494 1478 833 1582">
    <p class='ocr_par' dir='ltr' id='par_1_26' title="bbox 494 1478 833 1582">
     <span class='ocr_line' id='line_1_40' title="bbox 494 1478 833 1530; baseline 0 -15"><span class='ocrx_word' id='word_1_207' title='bbox 494 1478 548 1526; x_wconf 86' lang='grc' dir='ltr'>μένων</span> <span class='ocrx_word' id='word_1_208' title='bbox 568 1483 653 1521; x_wconf 70' lang='grc' dir='ltr'>ουνετῶνς</span> <span class='ocrx_word' id='word_1_209' title='bbox 675 1478 718 1530; x_wconf 80' lang='lat' dir='ltr'><strong>Ign.</strong></span> <span class='ocrx_word' id='word_1_210' title='bbox 736 1478 833 1529; x_wconf 78' lang='lat' dir='ltr'><strong>Eph.18.</strong></span> 
     </span>
     <span class='ocr_line' id='line_1_41' title="bbox 494 1530 833 1582; baseline 0 -12"><span class='ocrx_word' id='word_1_211' title='bbox 494 1530 520 1570; x_wconf 82' lang='grc' dir='ltr'>ἵνα</span> <span class='ocrx_word' id='word_1_212' title='bbox 543 1533 566 1580; x_wconf 86' lang='grc' dir='ltr'>μὴ</span> <span class='ocrx_word' id='word_1_213' title='bbox 588 1534 606 1569; x_wconf 82' lang='grc' dir='ltr'>ἐν</span> <span class='ocrx_word' id='word_1_214' title='bbox 628 1533 711 1582; x_wconf 76' lang='grc' dir='ltr'>καυχήσει</span> <span class='ocrx_word' id='word_1_215' title='bbox 738 1534 833 1580; x_wconf 77' lang='grc' dir='ltr'>ἀπόλωμαι.</span> 
     </span>
    </p>
   </div>
   <div class='ocr_carea' id='block_1_27' title="bbox 493 1584 579 1634">
    <p class='ocr_par' dir='ltr' id='par_1_27' title="bbox 493 1584 579 1634">
     <span class='ocr_line' id='line_1_42' title="bbox 493 1584 579 1634; baseline 0.023 -11"><span class='ocrx_word' id='word_1_216' title='bbox 493 1584 550 1624; x_wconf 77' lang='grc' dir='ltr'>ΤτοΠ.</span> <span class='ocrx_word' id='word_1_217' title='bbox 562 1600 579 1634; x_wconf 89' lang='lat'>4.</span> 
     </span>
    </p>
   </div>
   <div class='ocr_carea' id='block_1_28' title="bbox 72 1637 833 1690">
    <p class='ocr_par' dir='ltr' id='par_1_28' title="bbox 72 1637 833 1690">
     <span class='ocr_line' id='line_1_43' title="bbox 72 1637 833 1690; baseline 0 -14"><span class='ocrx_word' id='word_1_218' title='bbox 72 1642 187 1690; x_wconf 85' lang='grc' dir='ltr'>Καταφαγεῖν.</span> <span class='ocrx_word' id='word_1_219' title='bbox 210 1637 308 1677; x_wconf 76' lang='grc' dir='ltr'>κολακεῖῖσω</span> <span class='ocrx_word' id='word_1_220' title='bbox 321 1642 407 1688; x_wconf 86' lang='grc' dir='ltr'>συντόμως</span> <span class='ocrx_word' id='word_1_221' title='bbox 418 1655 439 1688; x_wconf 91' lang='grc' dir='ltr'>με</span> <span class='ocrx_word' id='word_1_222' title='bbox 465 1641 543 1677; x_wconf 80' lang='grc' dir='ltr'>Κεῖοθαι.</span> <span class='ocrx_word' id='word_1_223' title='bbox 561 1641 585 1677; x_wconf 89' lang='grc' dir='ltr'>Τδ</span> <span class='ocrx_word' id='word_1_224' title='bbox 598 1641 651 1689; x_wconf 79' lang='grc' dir='ltr'>χαμαὶ</span> <span class='ocrx_word' id='word_1_225' title='bbox 665 1640 731 1678; x_wconf 79' lang='grc' dir='ltr'>κεῖσθαι</span> <span class='ocrx_word' id='word_1_226' title='bbox 744 1643 796 1678; x_wconf 83' lang='grc' dir='ltr'>τοῦτο</span> <span class='ocrx_word' id='word_1_227' title='bbox 808 1639 833 1686; x_wconf 85' lang='grc' dir='ltr'>ἦν.</span> 
     </span>
    </p>
   </div>
   <div class='ocr_carea' id='block_1_29' title="bbox 98 1693 364 1745">
    <p class='ocr_par' dir='ltr' id='par_1_29' title="bbox 98 1693 364 1745">
     <span class='ocr_line' id='line_1_44' title="bbox 98 1693 364 1745; baseline 0.004 -14"><span class='ocrx_word' id='word_1_228' title='bbox 98 1696 209 1743; x_wconf 87' lang='grc' dir='ltr'>καταφαγεῖν.</span> <span class='ocrx_word' id='word_1_229' title='bbox 224 1694 267 1745; x_wconf 82' lang='lat' dir='ltr'><strong>Ign.</strong></span> <span class='ocrx_word' id='word_1_230' title='bbox 278 1693 333 1732; x_wconf 88' lang='lat' dir='ltr'><strong>Rom.</strong></span> <span class='ocrx_word' id='word_1_231' title='bbox 345 1702 364 1742; x_wconf 85' lang='lat'><strong>5.</strong></span> 
     </span>
    </p>
   </div>
   <div class='ocr_carea' id='block_1_30' title="bbox 494 1692 688 1745">
    <p class='ocr_par' dir='ltr' id='par_1_30' title="bbox 494 1692 688 1745">
     <span class='ocr_line' id='line_1_45' title="bbox 494 1692 688 1745; baseline 0.01 -14"><span class='ocrx_word' id='word_1_232' title='bbox 494 1692 553 1732; x_wconf 79' lang='lat' dir='ltr'><strong>Olem.</strong></span> <span class='ocrx_word' id='word_1_233' title='bbox 564 1693 641 1745; x_wconf 80' lang='lat' dir='ltr'><strong>Fragm.</strong></span> <span class='ocrx_word' id='word_1_234' title='bbox 649 1692 688 1733; x_wconf 81' lang='lat' dir='ltr'><strong>viii.</strong></span> 
     </span>
    </p>
   </div>
   <div class='ocr_carea' id='block_1_31' title="bbox 72 1747 833 1797">
    <p class='ocr_par' dir='ltr' id='par_1_31' title="bbox 72 1747 833 1797">
     <span class='ocr_line' id='line_1_46' title="bbox 72 1747 833 1797; baseline 0 -13"><span class='ocrx_word' id='word_1_235' title='bbox 72 1751 193 1797; x_wconf 79' lang='grc' dir='ltr'>Καταφρονεῖν.</span> <span class='ocrx_word' id='word_1_236' title='bbox 223 1750 255 1785; x_wconf 83' lang='grc' dir='ltr'>Διδ</span> <span class='ocrx_word' id='word_1_237' title='bbox 267 1751 317 1785; x_wconf 81' lang='grc' dir='ltr'>τοῦτο</span> <span class='ocrx_word' id='word_1_238' title='bbox 328 1751 355 1786; x_wconf 80' lang='grc' dir='ltr'>καὶ</span> <span class='ocrx_word' id='word_1_239' title='bbox 366 1749 438 1786; x_wconf 84' lang='grc' dir='ltr'>θανάτου</span> <span class='ocrx_word' id='word_1_240' title='bbox 466 1747 549 1785; x_wconf 82' lang='grc' dir='ltr'>Κελεάειν.</span> <span class='ocrx_word' id='word_1_241' title='bbox 574 1751 594 1795; x_wconf 79' lang='grc' dir='ltr'>τῇ</span> <span class='ocrx_word' id='word_1_242' title='bbox 612 1750 672 1785; x_wconf 81' lang='grc' dir='ltr'>ἑαυτοῦ</span> <span class='ocrx_word' id='word_1_243' title='bbox 687 1749 782 1796; x_wconf 81' lang='grc' dir='ltr'>προστάξει</span> <span class='ocrx_word' id='word_1_244' title='bbox 798 1749 833 1784; x_wconf 85' lang='grc' dir='ltr'>ε’κέ-</span> 
     </span>
    </p>
   </div>
   <div class='ocr_carea' id='block_1_32' title="bbox 70 1800 439 2550">
    <p class='ocr_par' dir='ltr' id='par_1_32' title="bbox 70 1800 439 2550">
     <span class='ocr_line' id='line_1_47' title="bbox 98 1800 435 1853; baseline 0.006 -15"><span class='ocrx_word' id='word_1_245' title='bbox 98 1804 232 1851; x_wconf 86' lang='grc' dir='ltr'>κατεφρόνησαν.</span> <span class='ocrx_word' id='word_1_246' title='bbox 261 1803 303 1853; x_wconf 78' lang='lat' dir='ltr'><strong>Igu.</strong></span> <span class='ocrx_word' id='word_1_247' title='bbox 322 1800 398 1852; x_wconf 79' lang='lat' dir='ltr'><strong>Smyrn.</strong></span> <span class='ocrx_word' id='word_1_248' title='bbox 418 1814 435 1850; x_wconf 80' lang='lat'><strong>3.</strong></span> 
     </span>
     <span class='ocr_line' id='line_1_48' title="bbox 97 1857 436 1905; baseline 0.003 -13"><span class='ocrx_word' id='word_1_249' title='bbox 97 1859 131 1893; x_wconf 77' lang='grc' dir='ltr'>τῶν</span> <span class='ocrx_word' id='word_1_250' title='bbox 147 1859 231 1903; x_wconf 82' lang='grc' dir='ltr'>κοσμικῶν</span> <span class='ocrx_word' id='word_1_251' title='bbox 249 1858 363 1905; x_wconf 85' lang='grc' dir='ltr'>κατεφρόνουν</span> <span class='ocrx_word' id='word_1_252' title='bbox 379 1857 436 1900; x_wconf 84' lang='grc' dir='ltr'>βασά-</span> 
     </span>
     <span class='ocr_line' id='line_1_49' title="bbox 98 1908 436 1960; baseline 0 -13"><span class='ocrx_word' id='word_1_253' title='bbox 98 1925 136 1947; x_wconf 85' lang='grc' dir='ltr'>νων.</span> <span class='ocrx_word' id='word_1_254' title='bbox 151 1908 209 1947; x_wconf 69' lang='grc' dir='ltr'>Μυςυ,</span> <span class='ocrx_word' id='word_1_255' title='bbox 220 1909 283 1960; x_wconf 77' lang='grc' dir='ltr'>Ροῖγο.</span> <span class='ocrx_word' id='word_1_256' title='bbox 295 1922 311 1948; x_wconf 82' lang='lat'><strong>2.</strong></span> <span class='ocrx_word' id='word_1_257' title='bbox 341 1911 355 1946; x_wconf 80' lang='grc' dir='ltr'>εἰ</span> <span class='ocrx_word' id='word_1_258' title='bbox 364 1914 398 1947; x_wconf 79' lang='grc' dir='ltr'>τῶν</span> <span class='ocrx_word' id='word_1_259' title='bbox 407 1910 436 1957; x_wconf 81' lang='grc' dir='ltr'>θη-</span> 
     </span>
     <span class='ocr_line' id='line_1_50' title="bbox 97 1963 307 2012; baseline 0.005 -12"><span class='ocrx_word' id='word_1_260' title='bbox 97 1963 139 2012; x_wconf 84' lang='grc' dir='ltr'>ρίων</span> <span class='ocrx_word' id='word_1_261' title='bbox 148 1965 264 2012; x_wconf 82' lang='grc' dir='ltr'>καταφρονεῖς.</span> <span class='ocrx_word' id='word_1_262' title='bbox 276 1976 307 2001; x_wconf 89' lang='grc' dir='ltr'>ΙΙ.</span> 
     </span>
     <span class='ocr_line' id='line_1_51' title="bbox 71 2016 438 2067; baseline 0.003 -14"><span class='ocrx_word' id='word_1_263' title='bbox 71 2016 221 2066; x_wconf 71' lang='grc' dir='ltr'>Καταψεόδεσθαι.</span> <span class='ocrx_word' id='word_1_264' title='bbox 240 2017 273 2066; x_wconf 81' lang='grc' dir='ltr'>άρα</span> <span class='ocrx_word' id='word_1_265' title='bbox 282 2019 302 2054; x_wconf 86' lang='grc' dir='ltr'>οὐ</span> <span class='ocrx_word' id='word_1_266' title='bbox 312 2017 438 2067; x_wconf 75' lang='grc' dir='ltr'>καταφεόδομαι</span> 
     </span>
     <span class='ocr_line' id='line_1_52' title="bbox 97 2070 376 2121; baseline 0.004 -13"><span class='ocrx_word' id='word_1_267' title='bbox 97 2074 128 2108; x_wconf 78' lang='grc' dir='ltr'>τοῦ</span> <span class='ocrx_word' id='word_1_268' title='bbox 137 2072 211 2120; x_wconf 84' lang='grc' dir='ltr'>Κυρίου,·</span> <span class='ocrx_word' id='word_1_269' title='bbox 226 2070 268 2121; x_wconf 81' lang='lat' dir='ltr'><strong>Igu.</strong></span> <span class='ocrx_word' id='word_1_270' title='bbox 277 2071 334 2109; x_wconf 77' lang='grc' dir='ltr'>Τιάῖῖ.</span> <span class='ocrx_word' id='word_1_271' title='bbox 345 2084 376 2109; x_wconf 90' lang='lat'><strong>10.</strong></span> 
     </span>
     <span class='ocr_line' id='line_1_53' title="bbox 70 2125 439 2174; baseline 0.003 -13"><span class='ocrx_word' id='word_1_272' title='bbox 70 2125 173 2174; x_wconf 87' lang='grc' dir='ltr'>Κατείργειν.</span> <span class='ocrx_word' id='word_1_273' title='bbox 196 2126 320 2173; x_wconf 79' lang='grc' dir='ltr'>κατείρχθησον</span> <span class='ocrx_word' id='word_1_274' title='bbox 333 2126 357 2164; x_wconf 82' lang='grc' dir='ltr'>εἷς</span> <span class='ocrx_word' id='word_1_275' title='bbox 371 2127 439 2173; x_wconf 84' lang='grc' dir='ltr'>κάμινον</span> 
     </span>
     <span class='ocr_line' id='line_1_54' title="bbox 97 2178 295 2228; baseline 0 -11"><span class='ocrx_word' id='word_1_276' title='bbox 97 2181 162 2228; x_wconf 70' lang='grc' dir='ltr'>πυρόςῑ</span> <span class='ocrx_word' id='word_1_277' title='bbox 175 2178 235 2217; x_wconf 73' lang='lat' dir='ltr'><strong>Glem.</strong></span> <span class='ocrx_word' id='word_1_278' title='bbox 246 2179 295 2228; x_wconf 83' lang='lat'><strong>145.</strong></span> 
     </span>
     <span class='ocr_line' id='line_1_55' title="bbox 70 2235 438 2280; baseline 0.008 -11"><span class='ocrx_word' id='word_1_279' title='bbox 70 2235 182 2271; x_wconf 80' lang='grc' dir='ltr'>Κατενόπιον.</span> <span class='ocrx_word' id='word_1_280' title='bbox 211 2236 313 2271; x_wconf 79' lang='grc' dir='ltr'>κατενώπιον</span> <span class='ocrx_word' id='word_1_281' title='bbox 334 2235 386 2270; x_wconf 79' lang='grc' dir='ltr'>αὐτοῦ</span> <span class='ocrx_word' id='word_1_282' title='bbox 408 2236 438 2280; x_wconf 75' lang='grc' dir='ltr'>τῆς</span> 
     </span>
     <span class='ocr_line' id='line_1_56' title="bbox 97 2286 373 2338; baseline 0.007 -15"><span class='ocrx_word' id='word_1_283' title='bbox 97 2286 208 2335; x_wconf 73' lang='grc' dir='ltr'>δικαιοσύνης.</span> <span class='ocrx_word' id='word_1_284' title='bbox 222 2287 285 2338; x_wconf 79' lang='lat' dir='ltr'><strong>Polyc.</strong></span> <span class='ocrx_word' id='word_1_285' title='bbox 296 2286 344 2326; x_wconf 76' lang='lat' dir='ltr'><strong>Phil.</strong></span> <span class='ocrx_word' id='word_1_286' title='bbox 356 2296 373 2335; x_wconf 86' lang='lat'><strong>5.</strong></span> 
     </span>
     <span class='ocr_line' id='line_1_57' title="bbox 70 2342 438 2391; baseline -0.003 -13"><span class='ocrx_word' id='word_1_287' title='bbox 70 2342 185 2391; x_wconf 86' lang='grc' dir='ltr'>Κατεπείγειν.</span> <span class='ocrx_word' id='word_1_288' title='bbox 204 2343 312 2391; x_wconf 85' lang='grc' dir='ltr'>κατεπείγετο</span> <span class='ocrx_word' id='word_1_289' title='bbox 320 2343 354 2391; x_wconf 84' lang='grc' dir='ltr'>γὰρ</span> <span class='ocrx_word' id='word_1_290' title='bbox 363 2342 396 2378; x_wconf 73' lang='grc' dir='ltr'>ὑπὸ</span> <span class='ocrx_word' id='word_1_291' title='bbox 405 2345 438 2378; x_wconf 82' lang='grc' dir='ltr'>τῶν</span> 
     </span>
     <span class='ocr_line' id='line_1_58' title="bbox 97 2395 437 2447; baseline -0.003 -15"><span class='ocrx_word' id='word_1_292' title='bbox 97 2400 212 2443; x_wconf 81' lang='grc' dir='ltr'>στρατιωτῶν.</span> <span class='ocrx_word' id='word_1_293' title='bbox 228 2395 285 2435; x_wconf 71' lang='lat' dir='ltr'><strong>Mart.</strong></span> <span class='ocrx_word' id='word_1_294' title='bbox 297 2395 339 2447; x_wconf 81' lang='lat' dir='ltr'><strong>Igu.</strong></span> <span class='ocrx_word' id='word_1_295' title='bbox 351 2404 369 2443; x_wconf 87' lang='lat'><strong>5.</strong></span> <span class='ocrx_word' id='word_1_296' title='bbox 398 2396 437 2432; x_wconf 83' lang='grc' dir='ltr'>ὁδὲ</span> 
     </span>
     <span class='ocr_line' id='line_1_59' title="bbox 97 2449 436 2499; baseline 0.003 -14"><span class='ocrx_word' id='word_1_297' title='bbox 97 2449 191 2488; x_wconf 81' lang='grc' dir='ltr'>ἐπίσκοπος</span> <span class='ocrx_word' id='word_1_298' title='bbox 199 2451 264 2499; x_wconf 83' lang='grc' dir='ltr'>χαίρων</span> <span class='ocrx_word' id='word_1_299' title='bbox 270 2450 398 2499; x_wconf 82' lang='grc' dir='ltr'>κατεπείγουσιν</span> <span class='ocrx_word' id='word_1_300' title='bbox 405 2450 436 2486; x_wconf 78' lang='grc' dir='ltr'>ὕπ-</span> 
     </span>
     <span class='ocr_line' id='line_1_60' title="bbox 96 2502 215 2550; baseline 0.025 -11"><span class='ocrx_word' id='word_1_301' title='bbox 96 2502 174 2550; x_wconf 79' lang='grc' dir='ltr'>ίγκουσεν.</span> <span class='ocrx_word' id='word_1_302' title='bbox 188 2503 215 2542; x_wconf 82' lang='lat' dir='ltr'><strong>ib.</strong></span> 
     </span>
    </p>
   </div>
   <div class='ocr_carea' id='block_1_33' title="bbox 477 1800 833 1850">
    <p class='ocr_par' dir='ltr' id='par_1_33' title="bbox 477 1800 833 1850">
     <span class='ocr_line' id='line_1_61' title="bbox 477 1800 833 1850; baseline 0 -12"><span class='ocrx_word' id='word_1_303' title='bbox 477 1811 480 1820; x_wconf 72' lang='grc'><strong>“</strong></span> <span class='ocrx_word' id='word_1_304' title='bbox 491 1804 554 1839; x_wconf 88' lang='grc' dir='ltr'>λεοσεν</span> <span class='ocrx_word' id='word_1_305' title='bbox 563 1800 610 1840; x_wconf 83' lang='grc' dir='ltr'>εἶναι.</span> <span class='ocrx_word' id='word_1_306' title='bbox 624 1800 684 1840; x_wconf 71' lang='lat' dir='ltr'><strong>Olem.</strong></span> <span class='ocrx_word' id='word_1_307' title='bbox 695 1801 707 1839; x_wconf 87' lang='grc' dir='ltr'><strong>Ι</strong></span> <span class='ocrx_word' id='word_1_308' title='bbox 717 1813 750 1850; x_wconf 80' lang='lat'><strong>33.</strong></span> <span class='ocrx_word' id='word_1_309' title='bbox 778 1801 813 1839; x_wconf 80' lang='grc' dir='ltr'>ὅσα</span> <span class='ocrx_word' id='word_1_310' title='bbox 824 1805 833 1838; x_wconf 84' lang='grc' dir='ltr'>ὀ</span> 
     </span>
    </p>
   </div>
   <div class='ocr_carea' id='block_1_34' title="bbox 492 1855 834 2176">
    <p class='ocr_par' dir='ltr' id='par_1_34' title="bbox 492 1855 834 2176">
     <span class='ocr_line' id='line_1_62' title="bbox 492 1855 831 1903; baseline 0.009 -12"><span class='ocrx_word' id='word_1_311' title='bbox 492 1858 581 1903; x_wconf 85' lang='grc' dir='ltr'>Δεσπότης</span> <span class='ocrx_word' id='word_1_312' title='bbox 594 1857 677 1893; x_wconf 81' lang='grc' dir='ltr'>ἐπιτελεῖν</span> <span class='ocrx_word' id='word_1_313' title='bbox 689 1855 785 1893; x_wconf 82' lang='grc' dir='ltr'>ἐκέλευσεν.</span> <span class='ocrx_word' id='word_1_314' title='bbox 800 1868 831 1902; x_wconf 87' lang='lat'><strong>40.</strong></span> 
     </span>
     <span class='ocr_line' id='line_1_63' title="bbox 492 1908 831 1957; baseline 0.006 -11"><span class='ocrx_word' id='word_1_315' title='bbox 492 1908 502 1956; x_wconf 76' lang='grc' dir='ltr'>ἦ</span> <span class='ocrx_word' id='word_1_316' title='bbox 517 1910 592 1947; x_wconf 77' lang='grc' dir='ltr'>ἀτάκτως</span> <span class='ocrx_word' id='word_1_317' title='bbox 606 1909 695 1947; x_wconf 81' lang='grc' dir='ltr'>ἐκέλευσεν</span> <span class='ocrx_word' id='word_1_318' title='bbox 710 1910 793 1957; x_wconf 87' lang='grc' dir='ltr'>γίνεσθαι.</span> <span class='ocrx_word' id='word_1_319' title='bbox 807 1909 831 1948; x_wconf 82' lang='lat' dir='ltr'><strong>ib.</strong></span> 
     </span>
     <span class='ocr_line' id='line_1_64' title="bbox 492 1963 833 2012; baseline 0.009 -13"><span class='ocrx_word' id='word_1_320' title='bbox 492 1963 583 2001; x_wconf 77' lang='grc' dir='ltr'>ἐκέλευσεν</span> <span class='ocrx_word' id='word_1_321' title='bbox 596 1964 636 2001; x_wconf 85' lang='grc' dir='ltr'>τοδς</span> <span class='ocrx_word' id='word_1_322' title='bbox 649 1964 714 2000; x_wconf 82' lang='grc' dir='ltr'>δώδεκα</span> <span class='ocrx_word' id='word_1_323' title='bbox 726 1965 833 2012; x_wconf 80' lang='grc' dir='ltr'>φυλάρχους.</span> 
     </span>
     <span class='ocr_line' id='line_1_65' title="bbox 494 2018 833 2067; baseline 0.003 -14"><span class='ocrx_word' id='word_1_324' title='bbox 494 2029 526 2065; x_wconf 85' lang='lat'><strong>43.</strong></span> <span class='ocrx_word' id='word_1_325' title='bbox 555 2018 635 2055; x_wconf 80' lang='grc' dir='ltr'>ἐκέλευσε</span> <span class='ocrx_word' id='word_1_326' title='bbox 645 2018 757 2066; x_wconf 82' lang='grc' dir='ltr'>παρατεθῆναι</span> <span class='ocrx_word' id='word_1_327' title='bbox 766 2020 833 2067; x_wconf 87' lang='grc' dir='ltr'>φαγεῖν.</span> 
     </span>
     <span class='ocr_line' id='line_1_66' title="bbox 493 2069 834 2122; baseline 0.003 -14"><span class='ocrx_word' id='word_1_328' title='bbox 493 2069 551 2109; x_wconf 74' lang='grc' dir='ltr'>Μυκδ.</span> <span class='ocrx_word' id='word_1_329' title='bbox 562 2070 627 2122; x_wconf 77' lang='grc' dir='ltr'>Ροῖγυ.</span> <span class='ocrx_word' id='word_1_330' title='bbox 637 2079 656 2120; x_wconf 84' lang='lat'><strong>7.</strong></span> <span class='ocrx_word' id='word_1_331' title='bbox 679 2071 770 2109; x_wconf 80' lang='grc' dir='ltr'>ἐκέλευσαν</span> <span class='ocrx_word' id='word_1_332' title='bbox 778 2087 834 2121; x_wconf 89' lang='grc' dir='ltr'>προσ-</span> 
     </span>
     <span class='ocr_line' id='line_1_67' title="bbox 493 2125 784 2176; baseline 0.003 -15"><span class='ocrx_word' id='word_1_333' title='bbox 493 2125 564 2162; x_wconf 84' lang='grc' dir='ltr'>ελθόντα</span> <span class='ocrx_word' id='word_1_334' title='bbox 573 2127 618 2176; x_wconf 79' lang='grc' dir='ltr'>αὐτῷ</span> <span class='ocrx_word' id='word_1_335' title='bbox 628 2126 741 2175; x_wconf 89' lang='grc' dir='ltr'>κομφέκτορα.</span> <span class='ocrx_word' id='word_1_336' title='bbox 753 2126 784 2163; x_wconf 88' lang='lat'><strong>16.</strong></span> 
     </span>
    </p>
   </div>
   <div class='ocr_carea' id='block_1_35' title="bbox 466 2178 832 2227">
    <p class='ocr_par' dir='ltr' id='par_1_35' title="bbox 466 2178 832 2227">
     <span class='ocr_line' id='line_1_68' title="bbox 466 2178 832 2227; baseline 0.008 -12"><span class='ocrx_word' id='word_1_337' title='bbox 466 2180 570 2226; x_wconf 82' lang='grc' dir='ltr'>Κενοδοξεῖν.</span> <span class='ocrx_word' id='word_1_338' title='bbox 591 2181 612 2217; x_wconf 74' lang='lat' dir='ltr'>El</span> <span class='ocrx_word' id='word_1_339' title='bbox 623 2180 717 2226; x_wconf 84' lang='grc' dir='ltr'>κενοδοξεῖς</span> <span class='ocrx_word' id='word_1_340' title='bbox 729 2178 755 2217; x_wconf 83' lang='grc' dir='ltr'>ἵνα</span> <span class='ocrx_word' id='word_1_341' title='bbox 767 2180 832 2227; x_wconf 85' lang='grc' dir='ltr'>άμόσω.</span> 
     </span>
    </p>
   </div>
   <div class='ocr_carea' id='block_1_36' title="bbox 492 2231 663 2283">
    <p class='ocr_par' dir='ltr' id='par_1_36' title="bbox 492 2231 663 2283">
     <span class='ocr_line' id='line_1_69' title="bbox 492 2231 663 2283; baseline 0.006 -13"><span class='ocrx_word' id='word_1_342' title='bbox 492 2231 550 2271; x_wconf 71' lang='lat' dir='ltr'><strong>Mart.</strong></span> <span class='ocrx_word' id='word_1_343' title='bbox 561 2233 625 2283; x_wconf 83' lang='lat' dir='ltr'><strong>Polyc.</strong></span> <span class='ocrx_word' id='word_1_344' title='bbox 634 2246 663 2271; x_wconf 86' lang='lat'><strong>10.</strong></span> 
     </span>
    </p>
   </div>
   <div class='ocr_carea' id='block_1_37' title="bbox 466 2287 833 2336">
    <p class='ocr_par' dir='ltr' id='par_1_37' title="bbox 466 2287 833 2336">
     <span class='ocr_line' id='line_1_70' title="bbox 466 2287 833 2336; baseline 0 -13"><span class='ocrx_word' id='word_1_345' title='bbox 466 2288 564 2333; x_wconf 82' lang='grc' dir='ltr'>Κενοδοξία.</span> <span class='ocrx_word' id='word_1_346' title='bbox 589 2288 716 2336; x_wconf 71' lang='grc' dir='ltr'>ἀπορρίψαντες</span> <span class='ocrx_word' id='word_1_347' title='bbox 730 2287 761 2335; x_wconf 79' lang='grc' dir='ltr'>ἀφ’</span> <span class='ocrx_word' id='word_1_348' title='bbox 771 2289 833 2323; x_wconf 78' lang='grc' dir='ltr'>ἑαυτῶν</span> 
     </span>
    </p>
   </div>
   <div class='ocr_carea' id='block_1_38' title="bbox 491 2339 832 2539">
    <p class='ocr_par' dir='ltr' id='par_1_38' title="bbox 491 2339 832 2539">
     <span class='ocr_line' id='line_1_71' title="bbox 493 2339 832 2388; baseline 0 -10"><span class='ocrx_word' id='word_1_349' title='bbox 493 2371 510 2378; x_wconf 85' lang='grc'>,.</span> <span class='ocrx_word' id='word_1_350' title='bbox 521 2341 633 2386; x_wconf 72' lang='grc' dir='ltr'>,κενοδοξίανΙ</span> <span class='ocrx_word' id='word_1_351' title='bbox 649 2339 708 2379; x_wconf 75' lang='lat' dir='ltr'><strong>Glem.</strong></span> <span class='ocrx_word' id='word_1_352' title='bbox 719 2339 730 2377; x_wconf 90' lang='grc' dir='ltr'>Ῑ</span> <span class='ocrx_word' id='word_1_353' title='bbox 741 2348 772 2388; x_wconf 81' lang='grc'>35.</span> <span class='ocrx_word' id='word_1_354' title='bbox 809 2342 832 2378; x_wconf 90' lang='grc' dir='ltr'>εἷς</span> 
     </span>
     <span class='ocr_line' id='line_1_72' title="bbox 492 2393 830 2443; baseline 0.003 -13"><span class='ocrx_word' id='word_1_355' title='bbox 492 2395 513 2431; x_wconf 76' lang='grc' dir='ltr'>τά</span> <span class='ocrx_word' id='word_1_356' title='bbox 528 2395 611 2443; x_wconf 84' lang='grc' dir='ltr'>άγκιστρα</span> <span class='ocrx_word' id='word_1_357' title='bbox 625 2397 655 2441; x_wconf 80' lang='grc' dir='ltr'>τῆς</span> <span class='ocrx_word' id='word_1_358' title='bbox 669 2394 770 2439; x_wconf 79' lang='grc' dir='ltr'>κενοδοξίας.</span> <span class='ocrx_word' id='word_1_359' title='bbox 785 2393 830 2443; x_wconf 80' lang='lat' dir='ltr'><strong>Ign.</strong></span> 
     </span>
     <span class='ocr_line' id='line_1_73' title="bbox 491 2446 830 2498; baseline -0.003 -13"><span class='ocrx_word' id='word_1_360' title='bbox 491 2446 556 2498; x_wconf 76' lang='lat' dir='ltr'><strong>Magn.</strong></span> <span class='ocrx_word' id='word_1_361' title='bbox 568 2459 597 2485; x_wconf 89' lang='lat'><strong>11.</strong></span> <span class='ocrx_word' id='word_1_362' title='bbox 626 2449 665 2484; x_wconf 80' lang='grc' dir='ltr'>οὐδὲ</span> <span class='ocrx_word' id='word_1_363' title='bbox 676 2448 718 2484; x_wconf 84' lang='grc' dir='ltr'>κατὰ</span> <span class='ocrx_word' id='word_1_364' title='bbox 729 2448 830 2493; x_wconf 81' lang='grc' dir='ltr'>κενοδοξίαν.</span> 
     </span>
     <span class='ocr_line' id='line_1_74' title="bbox 491 2501 591 2539; baseline 0.01 -1"><span class='ocrx_word' id='word_1_365' title='bbox 491 2501 564 2539; x_wconf 75' lang='lat' dir='ltr'><strong>Philad.</strong></span> <span class='ocrx_word' id='word_1_366' title='bbox 575 2514 591 2539; x_wconf 93' lang='lat'><strong>1.</strong></span> 
     </span>
    </p>
   </div>
   <div class='ocr_carea' id='block_1_39' title="bbox 70 2556 830 2607">
    <p class='ocr_par' dir='ltr' id='par_1_39' title="bbox 70 2556 830 2607">
     <span class='ocr_line' id='line_1_75' title="bbox 70 2556 830 2607; baseline -0.004 -13"><span class='ocrx_word' id='word_1_367' title='bbox 70 2558 213 2606; x_wconf 80' lang='grc' dir='ltr'>Κατεργάζεσθοι.</span> <span class='ocrx_word' id='word_1_368' title='bbox 232 2558 296 2607; x_wconf 78' lang='grc' dir='ltr'>φθόνος</span> <span class='ocrx_word' id='word_1_369' title='bbox 305 2557 438 2606; x_wconf 80' lang='grc' dir='ltr'>ἀδελφοκτονίαν</span> <span class='ocrx_word' id='word_1_370' title='bbox 464 2557 521 2594; x_wconf 89' lang='grc' dir='ltr'>Κενός.</span> <span class='ocrx_word' id='word_1_371' title='bbox 540 2556 570 2593; x_wconf 86' lang='grc' dir='ltr'>τὰς</span> <span class='ocrx_word' id='word_1_372' title='bbox 582 2556 629 2593; x_wconf 81' lang='grc' dir='ltr'>κενάς</span> <span class='ocrx_word' id='word_1_373' title='bbox 642 2556 668 2592; x_wconf 82' lang='grc' dir='ltr'>καὶ</span> <span class='ocrx_word' id='word_1_374' title='bbox 680 2556 750 2602; x_wconf 83' lang='grc' dir='ltr'>ματαίας</span> <span class='ocrx_word' id='word_1_375' title='bbox 759 2556 830 2604; x_wconf 85' lang='grc' dir='ltr'>φροντί-</span> 
     </span>
    </p>
   </div>
   <div class='ocr_carea' id='block_1_40' title="bbox 96 2611 438 2878">
    <p class='ocr_par' dir='ltr' id='par_1_40' title="bbox 96 2611 438 2878">
     <span class='ocr_line' id='line_1_76' title="bbox 97 2611 438 2660; baseline 0.003 -13"><span class='ocrx_word' id='word_1_376' title='bbox 97 2613 227 2660; x_wconf 86' lang='grc' dir='ltr'>κατειργάσατο.</span> <span class='ocrx_word' id='word_1_377' title='bbox 247 2611 306 2650; x_wconf 77' lang='lat' dir='ltr'><strong>Clem.</strong></span> <span class='ocrx_word' id='word_1_378' title='bbox 324 2611 335 2649; x_wconf 90' lang='lat' dir='ltr'>I</span> <span class='ocrx_word' id='word_1_379' title='bbox 353 2625 370 2658; x_wconf 93' lang='lat'><strong>4.</strong></span> <span class='ocrx_word' id='word_1_380' title='bbox 408 2613 438 2657; x_wconf 79' lang='grc' dir='ltr'>τῆς</span> 
     </span>
     <span class='ocr_line' id='line_1_77' title="bbox 97 2666 435 2716; baseline 0 -15"><span class='ocrx_word' id='word_1_381' title='bbox 97 2666 223 2716; x_wconf 81' lang='grc' dir='ltr'>δικαιοπραγίας</span> <span class='ocrx_word' id='word_1_382' title='bbox 230 2667 249 2714; x_wconf 75' lang='grc' dir='ltr'>ἧς</span> <span class='ocrx_word' id='word_1_383' title='bbox 256 2667 394 2715; x_wconf 87' lang='grc' dir='ltr'>κατειργάσαντο.</span> <span class='ocrx_word' id='word_1_384' title='bbox 405 2676 435 2714; x_wconf 78' lang='lat'><strong>32.</strong></span> 
     </span>
     <span class='ocr_line' id='line_1_78' title="bbox 96 2718 436 2770; baseline -0.006 -14"><span class='ocrx_word' id='word_1_385' title='bbox 96 2720 151 2768; x_wconf 76' lang='grc' dir='ltr'>ἔργων</span> <span class='ocrx_word' id='word_1_386' title='bbox 158 2721 181 2757; x_wconf 74' lang='grc' dir='ltr'>ὧν</span> <span class='ocrx_word' id='word_1_387' title='bbox 188 2721 339 2770; x_wconf 85' lang='grc' dir='ltr'>κατειργασάμεθα.</span> <span class='ocrx_word' id='word_1_388' title='bbox 351 2718 377 2758; x_wconf 82' lang='lat' dir='ltr'><strong>ib.</strong></span> <span class='ocrx_word' id='word_1_389' title='bbox 394 2733 436 2768; x_wconf 91' lang='grc' dir='ltr'>προ-</span> 
     </span>
     <span class='ocr_line' id='line_1_79' title="bbox 96 2772 437 2824; baseline -0.003 -14"><span class='ocrx_word' id='word_1_390' title='bbox 96 2774 155 2817; x_wconf 82' lang='grc' dir='ltr'>βάτων</span> <span class='ocrx_word' id='word_1_391' title='bbox 161 2775 229 2824; x_wconf 82' lang='grc' dir='ltr'>φθορδν</span> <span class='ocrx_word' id='word_1_392' title='bbox 236 2776 381 2824; x_wconf 78' lang='grc' dir='ltr'>κατεργαζόμενος.</span> <span class='ocrx_word' id='word_1_393' title='bbox 393 2772 437 2824; x_wconf 78' lang='lat' dir='ltr'><strong>Igu.</strong></span> 
     </span>
     <span class='ocr_line' id='line_1_80' title="bbox 96 2825 208 2878; baseline 0.018 -14"><span class='ocrx_word' id='word_1_394' title='bbox 96 2825 173 2878; x_wconf 80' lang='lat' dir='ltr'><strong>Fragm.</strong></span> <span class='ocrx_word' id='word_1_395' title='bbox 182 2827 208 2866; x_wconf 84' lang='lat' dir='ltr'><strong>ix.</strong></span> 
     </span>
    </p>
   </div>
   <div class='ocr_carea' id='block_1_41' title="bbox 490 2608 847 2819">
    <p class='ocr_par' dir='ltr' id='par_1_41' title="bbox 490 2608 847 2819">
     <span class='ocr_line' id='line_1_81' title="bbox 491 2608 847 2658; baseline 0 -12"><span class='ocrx_word' id='word_1_396' title='bbox 491 2611 527 2647; x_wconf 86' lang='grc' dir='ltr'>δας.</span> <span class='ocrx_word' id='word_1_397' title='bbox 543 2608 603 2646; x_wconf 77' lang='lat' dir='ltr'><strong>Olem.</strong></span> <span class='ocrx_word' id='word_1_398' title='bbox 614 2608 625 2646; x_wconf 86' lang='grc' dir='ltr'>Ι</span> <span class='ocrx_word' id='word_1_399' title='bbox 637 2617 654 2658; x_wconf 85' lang='lat'><strong>7.</strong></span> <span class='ocrx_word' id='word_1_400' title='bbox 687 2610 717 2655; x_wconf 78' lang='grc' dir='ltr'>τὴν</span> <span class='ocrx_word' id='word_1_401' title='bbox 733 2610 781 2656; x_wconf 84' lang='grc' dir='ltr'>κενὴν</span> <span class='ocrx_word' id='word_1_402' title='bbox 797 2625 830 2656; x_wconf 80' lang='grc' dir='ltr'>μα·</span> <span class='ocrx_word' id='word_1_403' title='bbox 845 2648 847 2652; x_wconf 74' lang='lat'>‚</span> 
     </span>
     <span class='ocr_line' id='line_1_82' title="bbox 490 2661 830 2713; baseline -0.003 -13"><span class='ocrx_word' id='word_1_404' title='bbox 490 2664 594 2712; x_wconf 87' lang='grc' dir='ltr'>ταιολογίαν.</span> <span class='ocrx_word' id='word_1_405' title='bbox 608 2662 673 2713; x_wconf 76' lang='lat' dir='ltr'><strong>Polye.</strong></span> <span class='ocrx_word' id='word_1_406' title='bbox 684 2661 732 2700; x_wconf 78' lang='lat' dir='ltr'><strong>Phil.</strong></span> <span class='ocrx_word' id='word_1_407' title='bbox 742 2676 758 2700; x_wconf 85' lang='lat'><strong>2.</strong></span> <span class='ocrx_word' id='word_1_408' title='bbox 788 2664 830 2700; x_wconf 81' lang='grc' dir='ltr'>ἀπο-</span> 
     </span>
     <span class='ocr_line' id='line_1_83' title="bbox 491 2717 830 2764; baseline -0.003 -10"><span class='ocrx_word' id='word_1_409' title='bbox 491 2719 569 2755; x_wconf 83' lang='grc' dir='ltr'>πλανῶσι</span> <span class='ocrx_word' id='word_1_410' title='bbox 576 2717 632 2755; x_wconf 80' lang='grc' dir='ltr'>κενοὺς</span> <span class='ocrx_word' id='word_1_411' title='bbox 639 2717 743 2764; x_wconf 79' lang='grc' dir='ltr'>ἀνθρώπους.</span> <span class='ocrx_word' id='word_1_412' title='bbox 754 2717 771 2754; x_wconf 84' lang='lat'><strong>6.</strong></span> <span class='ocrx_word' id='word_1_413' title='bbox 789 2718 830 2754; x_wconf 89' lang='grc' dir='ltr'>πάν-</span> 
     </span>
     <span class='ocr_line' id='line_1_84' title="bbox 491 2771 760 2819; baseline -0.004 -11"><span class='ocrx_word' id='word_1_414' title='bbox 491 2786 519 2809; x_wconf 89' lang='grc' dir='ltr'>τες</span> <span class='ocrx_word' id='word_1_415' title='bbox 528 2771 558 2808; x_wconf 79' lang='grc' dir='ltr'>οὐκ</span> <span class='ocrx_word' id='word_1_416' title='bbox 566 2772 590 2808; x_wconf 80' lang='grc' dir='ltr'>εἰς</span> <span class='ocrx_word' id='word_1_417' title='bbox 599 2771 646 2807; x_wconf 89' lang='grc' dir='ltr'>κενδν</span> <span class='ocrx_word' id='word_1_418' title='bbox 654 2772 731 2818; x_wconf 74' lang='grc' dir='ltr'>ἔδραμον.</span> <span class='ocrx_word' id='word_1_419' title='bbox 743 2783 760 2819; x_wconf 83' lang='grc'>9.</span> 
     </span>
    </p>
   </div>
   <div class='ocr_carea' id='block_1_42' title="bbox 465 2823 753 2874">
    <p class='ocr_par' dir='ltr' id='par_1_42' title="bbox 465 2823 753 2874">
     <span class='ocr_line' id='line_1_85' title="bbox 465 2823 753 2874; baseline 0.007 -13"><span class='ocrx_word' id='word_1_420' title='bbox 465 2826 564 2873; x_wconf 85' lang='grc' dir='ltr'>Κεντυρίων.</span> <span class='ocrx_word' id='word_1_421' title='bbox 579 2823 636 2862; x_wconf 72' lang='lat' dir='ltr'><strong>Mart.</strong></span> <span class='ocrx_word' id='word_1_422' title='bbox 648 2823 712 2874; x_wconf 84' lang='lat' dir='ltr'><strong>Polyc.</strong></span> <span class='ocrx_word' id='word_1_423' title='bbox 724 2826 753 2863; x_wconf 87' lang='lat'><strong>18.</strong></span> 
     </span>
    </p>
   </div>
   <div class='ocr_carea' id='block_1_43' title="bbox 70 2878 830 2930">
    <p class='ocr_par' dir='ltr' id='par_1_43' title="bbox 70 2878 830 2930">
     <span class='ocr_line' id='line_1_86' title="bbox 70 2878 830 2930; baseline 0 -13"><span class='ocrx_word' id='word_1_424' title='bbox 70 2880 193 2930; x_wconf 84' lang='grc' dir='ltr'>Κατέρχεσθαι.</span> <span class='ocrx_word' id='word_1_425' title='bbox 222 2882 309 2919; x_wconf 77' lang='grc' dir='ltr'>κατελθὼν</span> <span class='ocrx_word' id='word_1_426' title='bbox 324 2881 358 2918; x_wconf 87' lang='grc' dir='ltr'>άπδ</span> <span class='ocrx_word' id='word_1_427' title='bbox 372 2881 436 2917; x_wconf 81' lang='grc' dir='ltr'>Ἀντιο-</span> <span class='ocrx_word' id='word_1_428' title='bbox 464 2879 554 2927; x_wconf 79' lang='grc' dir='ltr'>Κεραμειῖς.</span> <span class='ocrx_word' id='word_1_429' title='bbox 577 2878 596 2914; x_wconf 84' lang='grc' dir='ltr'>δν</span> <span class='ocrx_word' id='word_1_430' title='bbox 604 2879 667 2927; x_wconf 84' lang='grc' dir='ltr'>τρόπον</span> <span class='ocrx_word' id='word_1_431' title='bbox 677 2879 730 2927; x_wconf 84' lang='grc' dir='ltr'>γὰρὸ</span> <span class='ocrx_word' id='word_1_432' title='bbox 743 2878 830 2927; x_wconf 75' lang='grc' dir='ltr'>κεραμεύς.</span> 
     </span>
    </p>
   </div>
   <div class='ocr_carea' id='block_1_44' title="bbox 96 2934 306 2986">
    <p class='ocr_par' dir='ltr' id='par_1_44' title="bbox 96 2934 306 2986">
     <span class='ocr_line' id='line_1_87' title="bbox 96 2934 306 2986; baseline 0.005 -14"><span class='ocrx_word' id='word_1_433' title='bbox 96 2934 148 2983; x_wconf 80' lang='grc' dir='ltr'>χείας.</span> <span class='ocrx_word' id='word_1_434' title='bbox 164 2935 223 2974; x_wconf 72' lang='lat' dir='ltr'><strong>Mart.</strong></span> <span class='ocrx_word' id='word_1_435' title='bbox 234 2934 278 2986; x_wconf 82' lang='lat' dir='ltr'><strong>Ign.</strong></span> <span class='ocrx_word' id='word_1_436' title='bbox 289 2947 306 2983; x_wconf 86' lang='lat'><strong>3.</strong></span> 
     </span>
    </p>
   </div>
   <div class='ocr_carea' id='block_1_45' title="bbox 492 2930 612 2970">
    <p class='ocr_par' dir='ltr' id='par_1_45' title="bbox 492 2930 612 2970">
     <span class='ocr_line' id='line_1_88' title="bbox 492 2930 612 2970; baseline 0 0"><span class='ocrx_word' id='word_1_437' title='bbox 492 2930 551 2970; x_wconf 78' lang='lat' dir='ltr'><strong>Olem.</strong></span> <span class='ocrx_word' id='word_1_438' title='bbox 562 2931 585 2970; x_wconf 90' lang='grc' dir='ltr'>Π</span> <span class='ocrx_word' id='word_1_439' title='bbox 595 2933 612 2970; x_wconf 88' lang='lat'><strong>8.</strong></span> 
     </span>
    </p>
   </div>
   <div class='ocr_carea' id='block_1_46' title="bbox 69 2986 831 3037">
    <p class='ocr_par' dir='ltr' id='par_1_46' title="bbox 69 2986 831 3037">
     <span class='ocr_line' id='line_1_89' title="bbox 69 2986 831 3037; baseline -0.001 -12"><span class='ocrx_word' id='word_1_440' title='bbox 69 2990 185 3028; x_wconf 81' lang='grc' dir='ltr'>Κατευθόνειν.</span> <span class='ocrx_word' id='word_1_441' title='bbox 200 2988 438 3037; x_wconf 77' lang='grc' dir='ltr'>κατευθύνοντεςτὴνπορείαν</span> <span class='ocrx_word' id='word_1_442' title='bbox 465 2986 565 3036; x_wconf 85' lang='grc' dir='ltr'>Κερδαλέος.</span> <span class='ocrx_word' id='word_1_443' title='bbox 594 2988 614 3023; x_wconf 86' lang='grc' dir='ltr'>τὸ</span> <span class='ocrx_word' id='word_1_444' title='bbox 630 2987 721 3035; x_wconf 82' lang='grc' dir='ltr'>κερδαλέον</span> <span class='ocrx_word' id='word_1_445' title='bbox 738 2988 831 3025; x_wconf 82' lang='grc' dir='ltr'>διώκοντες.</span> 
     </span>
    </p>
   </div>
   <div class='ocr_carea' id='block_1_47' title="bbox 96 3042 409 3090">
    <p class='ocr_par' dir='ltr' id='par_1_47' title="bbox 96 3042 409 3090">
     <span class='ocr_line' id='line_1_90' title="bbox 96 3042 409 3090; baseline -0.003 -9"><span class='ocrx_word' id='word_1_446' title='bbox 96 3045 152 3081; x_wconf 77' lang='grc' dir='ltr'>αὐτῶν</span> <span class='ocrx_word' id='word_1_447' title='bbox 160 3045 178 3081; x_wconf 81' lang='grc' dir='ltr'>έν</span> <span class='ocrx_word' id='word_1_448' title='bbox 187 3046 269 3090; x_wconf 84' lang='grc' dir='ltr'>ὁσιότητι.</span> <span class='ocrx_word' id='word_1_449' title='bbox 285 3042 344 3081; x_wconf 80' lang='lat' dir='ltr'><strong>Olem.</strong></span> <span class='ocrx_word' id='word_1_450' title='bbox 356 3042 367 3080; x_wconf 84' lang='lat' dir='ltr'>I</span> <span class='ocrx_word' id='word_1_451' title='bbox 377 3044 409 3089; x_wconf 85' lang='lat'><strong>48.</strong></span> 
     </span>
    </p>
   </div>
   <div class='ocr_carea' id='block_1_48' title="bbox 493 3038 675 3091">
    <p class='ocr_par' dir='ltr' id='par_1_48' title="bbox 493 3038 675 3091">
     <span class='ocr_line' id='line_1_91' title="bbox 493 3038 675 3091; baseline 0 -14"><span class='ocrx_word' id='word_1_452' title='bbox 493 3038 552 3078; x_wconf 77' lang='lat' dir='ltr'><strong>Olem.</strong></span> <span class='ocrx_word' id='word_1_453' title='bbox 563 3039 638 3091; x_wconf 80' lang='lat' dir='ltr'><strong>Fragm.</strong></span> <span class='ocrx_word' id='word_1_454' title='bbox 650 3039 675 3078; x_wconf 89' lang='lat' dir='ltr'><strong>iii.</strong></span> 
     </span>
    </p>
   </div>
   <div class='ocr_carea' id='block_1_49' title="bbox 501 3093 516 3132">
    <p class='ocr_par' dir='ltr' id='par_1_49' title="bbox 501 3093 516 3132">
     <span class='ocr_line' id='line_1_92' title="bbox 501 3093 516 3132; baseline 0 0"><span class='ocrx_word' id='word_1_455' title='bbox 501 3093 516 3132; x_wconf 90' lang='lat' dir='ltr'>k</span> 
     </span>
    </p>
   </div>
   <div class='ocr_carea' id='block_1_50' title="bbox 0 0 971 3420">
    <p class='ocr_par' dir='ltr' id='par_1_50' title="bbox 0 0 971 3420">
     <span class='ocr_line' id='line_1_93' title="bbox 0 0 971 3420; baseline 0 0"><span class='ocrx_word' id='word_1_456' title='bbox 0 0 971 3420; x_wconf 95' lang='lat' dir='ltr'> </span> 
     </span>
    </p>
   </div>
  </div>
 </body>
</html>
