1958 3490
323 221 365 263 AD
381 220 575 274 acerrumos
584 220 628 263 xlii.
782 218 832 266 153

100 358 102 361 ’
130 341 213 410 igitur,
230 332 328 406 praeter
350 337 376 386 id
395 336 461 403 quod
480 335 603 386 voluntati
625 337 678 404 ejus
700 344 825 388 consente-

35 415 36 418 Ἴ
90 434 92 436 ’
129 431 204 470 neum
221 423 265 476 est,
282 415 376 482 aliquid,
394 415 494 473 faciunt,
514 414 600 465 mortis
619 415 737 482 supplicio
754 417 825 483 puni·

125 503 212 549 untur.
258 494 369 560 Videtis„
385 494 482 554 fratres
502 511 551 560 quo
576 494 666 561 majore
689 495 826 563 cognitione

129 576 199 643 digni
217 592 302 626 sumus
321 573 406 633 habiti,
425 590 453 630 eo
471 573 578 640 graviori
599 573 705 640 periculo
728 573 936 630 obnoxiinuesun.

130 672 220 705 sumus.

162 731 247 782 XLII.
265 730 379 798 Apostoli
397 729 467 781 uobis
487 749 502 780 e
521 731 627 781 Domino
645 730 707 782 Jesu
727 730 826 783 Christo

129 811 365 878 evangelizaverunt,
385 809 459 859 Jesus
477 808 590 861 Christus
606 828 622 859 a
641 810 700 860 Dec.
735 810 826 861 Missus
834 821 927 901 {gapxxpli

129 895 168 941 est
184 889 262 957 igitur
275 888 388 940 Christus
405 906 420 937 a
434 888 494 951 Deo,
512 893 538 938 et
549 887 663 955 Apostoli
676 907 691 938 a
708 889 824 951 Ohrist03
856 893 861 911 '

129 966 155 1018 et
177 968 270 1019 fectum
293 972 331 1025 est
352 972 486 1034 utrumque
508 966 622 1017 decenter
644 986 676 1018 ex
698 968 826 1019 voluntate

129 1047 183 1097 Dei
217 1047 337 1097 Mandata
356 1046 447 1114 quippe
465 1046 617 1113 accipientes,
640 1052 666 1097 et
684 1066 729 1115 per
747 1066 826 1098 resur-

128 1125 260 1176 rectionem
278 1125 379 1175 Domini
400 1126 479 1175 nostri
496 1125 558 1175 Jesu
576 1125 669 1177 Christi
686 1125 759 1193 plene
776 1144 825 1177 cer-

128 1204 236 1255 titudine
263 1204 359 1263 imbuti,
383 1204 574 1271 Deique'verbo
602 1205 743 1266 confirmati,
769 1224 825 1256 crnn

128 1391 169 1427 tect
178 1386 246 1426 offerri.
267 1386 325 1427 Unde
334 1386 392 1426 etium
401 1390 461 1438 potet,
488 1386 582 1426 rationem
596 1386 675 1426 mallent
686 1386 790 1427 Wottonus
804 1392 824 1428 et

128 1455 186 1494 quum
200 1442 297 1481 infirmum
313 1441 338 1481 sit
351 1442 462 1481 fundamen-
489 1440 660 1481 Schoenemonnus.
693 1441 752 1494 Apud
766 1441 823 1482 (lote-

128 1501 171 1536 tum
185 1497 206 1536 cli
217 1496 302 1536 Edvcrdi
311 1497 402 1542 Berncrd,
413 1496 462 1535 hono
488 1495 562 1545 lerium,
581 1495 720 1546 Constantium,
737 1500 757 1537 et
772 1497 824 1537 Hor-

128 1555 190 1591 tctem
203 1551 304 1604 pericopen
316 1565 351 1590 ceu
362 1551 429 1590 folsem
442 1556 461 1591 et
488 1564 609 1600 nemennum,
621 1550 722 1591 exhibetur
735 1553 824 1603 εὐαγγελί-

127 1606 212 1659 ineptcm
226 1620 248 1646 eo
261 1607 338 1646 nomine
350 1605 462 1646 effirroillun-
489 1607 561 1654 σθησαν,
574 1619 598 1645 ex
612 1605 691 1655 incuria,
704 1610 727 1646 ut
740 1606 823 1657 videtur,

128 1661 159 1701 tis.
174 1661 249 1700 FREY.
488 1660 609 1713 typographi.
638 1661 717 1701 Summo
728 1661 824 1714 JureHil-

156 1729 173 1765 3.
188 1713 290 1770 πρόστιμον]
302 1715 401 1767 Polybius,
411 1715 419 1753 i
431 1724 460 1766 17,
487 1715 593 1767 genfeldius
609 1720 629 1755 et
641 1714 718 1767 Lipsius
736 1720 824 1757 statuunt

127 1773 151 1809 Τὸ
159 1772 193 1821 γὰρ
201 1774 296 1821 πρόστιμον
304 1772 343 1820 παρ’
350 1773 406 1811 αὐτοῖς
414 1767 461 1824 [Ῥω-
488 1771 635 1820 εὐηγγελίσθησαν
643 1783 700 1810 sensu
708 1771 783 1823 passivo
793 1785 823 1811 au·

127 1826 190 1875 μαίοις]
204 1827 274 1865 θάνατόν
287 1827 325 1864 ἐστι
339 1828 363 1877 τῷ
375 1827 461 1877 προεμένῳ
489 1824 598 1876 cipiendum
614 1838 654 1865 esse
662 1838 667 1874 ;
681 1827 720 1874 ἡμῖν
731 1839 777 1865 vero
790 1827 824 1866 du·

60 1875 63 1882 ‘
127 1882 219 1919 τὸντόπον.
237 1879 460 1932 Hesychius,ssptcnp0v·
488 1879 551 1919 tivum
566 1879 667 1920 commodi.
695 1880 783 1932 Apostoli
796 1882 824 1920 Ε-

128 1936 300 1985 ζηρίιι,ταραγραφή,
321 1934 392 1974 Moeris
401 1933 460 1974 Attio.
488 1935 599 1985 cappellum
607 1935 663 1975 cobis
668 1936 824 1986 praetumidum

126 1990 224 2039 Ἐπιτίμιον,
245 1991 329 2030 Ἀττικῶς.
357 1992 461 2040 Πρόστιμον,
489 2003 502 2028 a
521 1989 597 2030 Obicio
619 1997 735 2041 deceperunt.
769 1991 824 2031 (lons.

126 2044 233 2093 Ἑλληνικῶς,
490 2045 499 2095 §
511 2057 543 2095 43,
552 2045 577 2085 ud
590 2044 632 2085 init.
642 2047 762 2086 πιστευθέντες
775 2049 825 2098 ἔργον

153 2098 178 2138 ib.
193 2100 259 2150 Ὁρᾶτε,
273 2115 287 2139 κ.
297 2117 314 2139 τ.
324 2097 354 2193 Ἢ
372 2099 462 2139 (litantur
489 2104 559 2139 τοιοῦτο.

126 2153 172 2193 haec
190 2167 201 2193 a
219 2154 318 2195 Clemente
355 2154 391 2194 lex.
411 2156 460 2192 atro·
519 2168 548 2194 11.
558 2153 724 2210 πληροφορηθέντες]
739 2155 794 2196 Rom.
805 2156 825 2197 iv

126 2210 179 2256 λεξεί,
192 2211 218 2260 [p.
231 2207 279 2263 613]
292 2208 367 2262 quibus,
378 2213 462 2262 praeter·
491 2222 522 2259 21,
535 2212 673 2261 πληροφορηθεὶς
683 2211 728 2249 ὅτιὸ
739 2210 823 2262 ἐπήγγελ-

126 2263 189 2302 missis
198 2264 222 2304 iis
234 2278 283 2316 quoe
293 2265 389 2304 habentur
401 2277 462 2316 usque
489 2281 516 2302 ται
526 2265 595 2304 δυνατός
604 2266 642 2304 ἐστι
651 2267 678 2304 καὶ
686 2269 761 2314 ποιῆσαι.

126 2319 151 2357 ad
161 2319 171 2370 ξ
182 2321 213 2369 48,
222 2320 323 2369 subnectit,
333 2320 356 2357 ‘H
366 2321 418 2369 σεμνὴ
427 2320 461 2368 οὖν,
519 2333 548 2359 12.
564 2322 677 2359 πιστωθένπες
693 2322 710 2358 ἐν
724 2324 748 2372 τῴ
766 2323 822 2373 λόγῳ]

125 2389 142 2417 κ,
151 2390 167 2411 π.
177 2376 195 2413 λ.
210 2374 295 2414 WOTT:
490 2374 652 2427 Praepositionem
670 2378 713 2414 ἔνο
731 2374 824 2415 Wottono

153 2441 171 2476 4.
192 2431 324 2480 κατηξιώθηρεν]
349 2428 394 2469 Ood.
419 2429 460 2469 MS.
489 2430 593 2482 repositam
620 2429 711 2469 exhibent
735 2429 821 2470 Gollcnd.

126 2489 311 2524 ΚΑΤΑΞΙΩΘΗΜΕΝ.
490 2484 599 2524 Schoenem.
607 2484 668 2524 Hefel.
677 2484 794 2536 Reithmoyr.
803 2490 823 2524 et

153 2537 177 2577 ib.
192 2541 281 2590 γνώσεως]
298 2539 379 2578 Divinae
388 2538 461 2578 Volun-
490 2539 601 2579 Drcsselius.
609 2539 701 2578 Eamdem
707 2539 822 2578 locutionem

125 2591 171 2631 totis
187 2593 268 2634 notitiae
285 2608 309 2634 ex
325 2594 400 2634 Veteris
414 2594 462 2633 Foe-
489 2593 547 2634 hahes
558 2594 639 2646 apudD,
651 2594 736 2639 Paulum,
752 2593 775 2632 Π
784 2595 821 2646 Ep.

126 2646 177 2685 deris
194 2652 242 2701 typo
264 2644 391 2689 hauriendecs
409 2649 462 2688 LIP-
489 2650 513 2688 ad
523 2649 570 2689 rim.
581 2649 602 2687 iii
614 2662 642 2697 14.

126 2700 192 2741 SIUS.
358 2708 359 2712 ’
517 2717 546 2754 13.
556 2703 681 2754 πληροφορίας]
693 2702 720 2742 Of.
730 2701 768 2742 Oct
778 2702 793 2741 ii
804 2716 820 2752 2,

154 2757 171 2793 6.
184 2759 339 2810 εὐηγγελίσθησαν]
354 2759 412 2799 Forte
425 2773 461 2811 pro
488 2759 571 2798 IThess.
582 2758 589 2796 i
599 2768 616 2807 5.
645 2757 741 2797 Hecvcoe
750 2770 821 2797 sermo-

126 2810 271 2863 etqyyehhravr03
285 2815 316 2854 vel
330 2815 372 2854 dele
385 2816 428 2864 ἡμῖν,
442 2819 461 2854 et
488 2827 532 2853 nem
555 2813 638 2865 patrium
661 2812 731 2852 ditavit
748 2812 822 2863 Bullus,

126 2863 157 2903 dic
166 2867 317 2919 εὐηγγελίσθησαν,
325 2870 336 2909 i.
344 2883 359 2909 e.
368 2870 461 2909 ceretium
488 2869 589 2908 Disccurse
605 2882 622 2918 3.
647 2867 699 2906 ‘The
712 2868 794 2916 rdtuess
804 2869 826 2907 oi

125 2918 194 2958 solutis
206 2931 322 2974 acceperunt,
331 2924 461 2976 receperim
489 2924 535 2963 ‘the
545 2923 605 2975 Spirit
615 2923 662 2962 doth
674 2927 709 2962 not
718 2922 824 2976 ordinurily

125 2974 185 3013 edocte¹
202 2983 252 3016 suut.
275 2979 341 3020 Bois.
375 2981 461 3019 Priorem
489 2979 586 3031 ‘produce
604 2978 624 3017 in
639 2978 673 3018 the
688 2977 764 3018 faithful
780 2979 824 3019 that

155 3052 200 3083 VOL.
211 3054 226 3084 Ι.
521 3057 536 3086 X
