1958 3490
299 227 338 269 An
353 222 631 276 ooalu'rfflcs,xxxvi.
771 221 814 275 loe

136 382 143 399 -,
151 343 273 399 XXXVI.
291 342 360 393 Haec
377 340 478 399 catria,
495 338 586 397 dilecti,
601 338 627 387 in
643 356 694 405 qua
710 337 816 387 salutare

117 433 228 478 nostrum
248 421 335 472 Jesum
353 419 487 478 Christum,
506 416 657 467 oblationum
678 421 817 470 nostrarum

118 498 420 557 summumtsacerdotem,
442 495 594 547 infirmitatis
616 501 714 545 nostrae
735 499 817 561 patro·
825 511 870 545 nea.
876 511 921 563 σου

117 601 177 633 uum
199 585 225 631 et
245 578 403 637 defensorem,
421 575 568 626 invenimus.
602 575 650 624 Per
669 574 735 623 hunc
757 573 818 623 coeli
826 565 864 597 ‘³’
875 563 926 596 Μ’

118 658 276 711 altitudinem
301 655 455 723 adspicimus,
477 672 522 721 per
550 653 615 703 hunc
636 652 736 703 vultum
764 650 818 718 ejus

115 736 300 789 'immaculatum
317 741 343 785 et
354 734 478 785 excelsum
488 739 608 800 tanquam
624 732 650 781 in
668 729 765 799 speculo
780 730 817 780 in-

117 824 221 874 tuemur,
235 833 280 882 per
296 814 361 864 hunc
378 813 443 863 oculi
462 812 541 863 cordis
561 811 639 861 nostri
653 810 735 879 aperti
751 816 817 870 sunt,

117 914 160 963 per
179 895 252 945 hunc·
264 892 405 943 intellectus
427 896 510 942 noster
533 890 650 957 insipiens
674 895 701 940 et
718 889 817 939 obtene-
827 903 927 948 Eph.iV18.

117 975 201 1024 bratus
218 973 246 1021 in
264 970 432 1021 admirabilem
449 970 501 1038 ejus
519 969 599 1019 lucem
618 967 758 1036 repullulat,
771 987 817 1036 per

116 1052 181 1102 hunc
191 1050 272 1102 voluit
283 1068 327 1100 nos
338 1049 460 1100 Dominus
471 1048 634 1098 immortalem
651 1047 816 1115 cognitionem

81 1167 83 1171 ,
117 1136 231 1197 gustare3
250 1129 294 1196 qui
304 1128 440 1196 majestatis
452 1128 503 1195 ejus
517 1127 601 1177 radius
616 1127 732 1187 existens,
744 1132 815 1177 tanto
827 1145 927 1188 Ησατηη,

117 1297 233 1346 φωτισμένονς
251 1297 291 1334 τοὺς
308 1296 409 1345 ὀφθαλμοὺς
424 1298 453 1343 τῆς
476 1294 686 1346 ίθννίθσθνιίθνιιρίαίιω
697 1293 815 1334 ΟΟῙΟΙΠΘΕῙΠΒ

116 1352 247 1400 statana.
475 1349 618 1401 interpretatur,
637 1350 661 1389 la
679 1349 815 1389 amicabilem

120 1426 121 1429 ¹
144 1404 449 1452 ἱίν.διὰτοθτουὴιίσθνετοςκ.τ.λ.]
475 1404 585 1456 cy'aelueem
593 1404 813 1457 rfiweaeil,'Schcene·

117 1459 198 1499 Videtur
213 1458 233 1499 S.
251 1459 308 1498 Pater
325 1459 410 1498 alludere
427 1459 452 1498 ad
474 1472 562 1507 mannus,
578 1460 677 1511 ακονντηίη
692 1459 814 1499 Horneman·

111 1511 186 1554 'Romi
197 1527 227 1563 ιτ,
238 1516 271 1552 Καὶ
280 1515 370 1562 ἐσκοτίσθη
379 1515 390 1561 ἡ
400 1514 452 1552 ἆσύν-
474 1527 516 1558 nus,
526 1514 653 1554 recircceeado
664 1514 694 1553 ιιιί
705 1513 814 1554 mirabilem

117 1586 154 1609 ετας
171 1571 225 1607 αὐτῶν
240 1570 305 1618 καρδία.
341 1568 367 1608 Et
383 1568 394 1607 Ι
410 1569 450 1608 Pet.
475 1568 814 1620 cjaslceeraprocctiaitltar;Ohe=
840 1593 842 1595 -

116 1624 130 1662 ii
141 1637 158 1674 9,
167 1624 196 1662 ’τοῦ
205 1624 223 1661 ἐκ
233 1626 305 1662 σκότους
314 1625 355 1672 ὑμᾶς
368 1624 451 1661 καλέσαν-
474 1623 578 1672 vallierius,
587 1624 662 1675 rcjcc'cco
668 1622 696 1678 (to
705 1622 814 1676 belcold)to'c

116 1695 145 1718 τοο
159 1681 182 1718 εἷς
195 1680 214 1717 τὸ
229 1679 327 1726 θαυμαστὸν
340 1679 392 1716 αὐτοῦ
408 1681 451 1727 φῶτ.
474 1677 584 1729 wonderful
601 1678 648 1729 liytt
656 1694 666 1726 ,¹
700 1678 814 1719 Guillelmus

116 1733 185 1772 Junius
197 1746 233 1785 pro
247 1733 338 1771 ἀναθθλλει
348 1732 452 1784 legendum
472 1732 557 1777 Burton,
580 1734 658 1785 spatam
681 1739 700 1772 a>
722 1747 736 1772 a
757 1733 815 1784 frccla

116 1792 171 1838 putat
185 1788 254 1835 ἀναθρεῖ
268 1786 298 1826 vel
312 1788 407 1838 ἀναθεωρεῖ,
421 1787 452 1827 vel
475 1788 597 1839 damalayae
606 1788 636 1827 la'c
643 1787 753 1839 woaclcrfal
761 1788 813 1840 licta

115 1842 178 1881 locum
192 1842 290 1893 integrum
307 1841 334 1881 ita
351 1842 406 1894 legit,
421 1844 453 1880 Διὰ
476 1842 588 1882 Clausulam
602 1847 665 1883 totam
683 1844 712 1880 aa
729 1843 788 1882 τούτου
804 1845 815 1892 ἡ

114 1901 166 1935 τοῦτο
182 1899 199 1935 ἓν
210 1897 288 1948 ἀσυνέτῳ
301 1899 328 1934 καὶ
341 1898 452 1945 ἔσκοτισμένη
475 1898 558 1937 ἀσύνετος
572 1898 596 1936 ad
610 1900 661 1937 αὐτοῦ
676 1900 715 1949 φῶς
730 1902 815 1950 praeter·

116 1953 178 2001 διανοίᾳ
191 1952 238 2000 ἡμῶν
249 1952 339 1989 ἀνατέλλει
352 1954 371 1989 τὸ
389 1953 452 2000 θανμα-
475 1952 538 1992 mittit·
547 1952 659 2005 Herzogius.

116 2008 158 2043 στὸν
172 2008 222 2044 αὑτοῦ
238 2008 283 2055 φῶν.
310 2005 391 2045 Minime
407 2020 453 2046 vero
503 2009 521 2047 8.
543 2006 656 2062 ἐσκοτωμένη]
684 2007 741 2047 Hanc
761 2007 816 2048 MSti

115 2060 192 2100 ferenda
214 2064 244 2099 est
268 2060 314 2100 haec
337 2061 452 2111 emendatio,
475 2062 579 2102 lectionem
593 2063 685 2103 exhibent
695 2062 754 2102 Wott.
762 2063 815 2103 Rus-

116 2129 175 2167 quum
188 2129 226 2154 non
239 2119 316 2154 tantum
328 2116 369 2156 MS.
385 2130 453 2156 verum
476 2117 508 2157 sel.
516 2116 635 2157 (tallflefel.
643 2117 815 2158 Reithm.etDres-

116 2170 358 2211 etiametOlemensAlex.
371 2169 451 2225 [Strom.
476 2172 540 2212 aelius.
570 2172 650 2223 (laeteri,
661 2186 707 2212 cum
716 2172 816 2213 Clemente

116 2224 137 2264 iv
150 2227 179 2274 16,
195 2240 212 2278 p.
232 2226 271 2275 613
288 2226 316 2266 ed.
332 2227 404 2266 Potter.
421 2227 454 2279 qui
477 2226 614 2278 Alexandrino,
632 2228 666 2280 qui
684 2227 735 2267 hunc
752 2228 816 2268 locum

116 2279 165 2319 hanc
180 2280 282 2320 lectionem
295 2285 361 2321 contra
371 2281 454 2321 Junium
477 2282 525 2323 citat
537 2285 570 2321 Διὰ
582 2284 638 2331 Ἰησοῦ
651 2287 729 2334 Χριστοῦ
742 2284 752 2331 ἡ
764 2284 815 2322 ἀσύν-

117 2335 190 2375 eruditc
207 2333 284 2389 tuetur]
305 2336 395 2377 exhibeat
416 2338 454 2375 α’να-
477 2339 617 2387 &candifluis
629 2338 731 2389 γεύσασθαι,
744 2337 814 2378 strom.

117 2390 181 2428 θάλλει
203 2387 325 2431 Worrou.
371 2392 454 2441 Quando
477 2392 546 2442 iuro,
560 2406 578 2444 p.
593 2394 636 2443 613,
652 2393 681 2432 cd.
698 2392 774 2442 Potten,
788 2394 816 2433 le-

116 2445 174 2484 vcrba
187 2445 210 2485 D.
222 2445 278 2485 Pauli
291 2447 395 2498 perpendo,
410 2447 453 2486 Phi·
477 2452 526 2499 gunt
545 2449 660 2497 ἐσκατισμένη.
696 2446 724 2486 Of.
743 2447 814 2499 Ephcs.

116 2498 149 2550 lip.
160 2499 217 2549 iVIo,
227 2502 302 2552 Ἐχάρην
311 2503 328 2540 ε’ν
337 2504 394 2554 Κυρίῳ
403 2504 454 2553 μεγά-
477 2503 497 2542 iv
519 2505 550 2551 18,
569 2503 685 2552 ἐσκοτωμένοι
702 2506 723 2549 τῇ
745 2504 813 2551 διανοίᾳ.

117 2555 157 2598 λωτ,
176 2556 201 2594 ὅτι
219 2557 252 2604 ἤδη
267 2558 308 2595 ποτὲ
326 2558 417 2595 ἀνεθάλετε
435 2559 454 2595 τὸ
478 2558 534 2598 Rom.
545 2557 553 2596 i
564 2570 593 2606 21,
606 2557 699 2604 ἐσκοτίσθη
712 2557 722 2604 ἡ
734 2557 815 2597 ἀσύνετος

118 2609 160 2658 ὑπὲρ
170 2611 209 2658 ἐμοῦ
218 2613 295 2660 φρονεῖν·
309 2612 342 2651 ubi
351 2616 405 2652 certo
415 2625 454 2651 cer·
478 2615 532 2651 αὐτῶν
541 2614 604 2662 καρδία.

117 2661 156 2701 tius
165 2669 197 2713 est,
207 2678 275 2705 vocem
284 2668 373 2705 ἀναθάλλω
387 2666 455 2719 reponi
507 2681 537 2706 10.
549 2667 567 2706 ὃς
579 2668 602 2704 a
612 2663 723 2719 ἀπαύγασμα]
735 2665 766 2705 Ex
778 2666 815 2705 hu-

117 2730 152 2767 per
160 2719 293 2771 metaphoram
301 2722 373 2774 pariter
387 2723 455 2761 duram
475 2721 561 2775 jusmodi
575 2721 698 2760 citationibus
712 2720 752 2760 sive
767 2721 815 2761 allu-

118 2775 137 2810 et
146 2771 265 2824 insolentem,
272 2776 320 2815 nihil
329 2777 383 2817 facile
393 2781 455 2816 muta·
478 2777 564 2817 sionibus
572 2776 596 2814 ad
605 2775 666 2828 Epist.
677 2775 703 2814 ad
712 2775 761 2815 Heu
770 2789 815 2816 con-

117 2826 182 2867 ven'm.
197 2828 272 2870 FELL.
307 2831 356 2872 Vide
370 2832 397 2872 sis
412 2832 454 2873 Sui·
477 2836 528 2871 stare
552 2835 621 2882 potest,
639 2844 683 2870 cam
702 2830 814 2882 Epistolam,

118 2892 182 2921 cerum
191 2883 211 2922 in
220 2883 277 2925 Thes.
286 2886 356 2927 Eccles.
363 2901 406 2927 voc.
417 2889 455 2925 ἀνα·
477 2887 522 2926 licet
536 2886 642 2925 aRomana
655 2884 742 2925 Ecclesia
754 2899 816 2938 paene

118 2937 180 2976 θάλλω.
208 2937 280 2979 Junius
293 2941 313 2981 in
322 2942 409 2982 versione
423 2956 455 2982 ex·
478 2956 511 2994 per
522 2940 671 2993 quadringentos
683 2953 743 2980 annos
756 2941 816 2982 fuerit

117 2990 175 3040 hibet,
184 2992 293 3035 mirabilem
300 2997 342 3048 ejas
352 2998 414 3037 lacera
427 3004 454 3037 ct·
478 3011 488 3037 e
504 2996 564 3038 Sacro
580 2995 656 3037 (lenone
670 2995 747 3048 rejecta,
762 3002 816 3050 post-
