1931 3420
330 227 368 270 ΕΤ
383 228 608 274 FORMULARUM.

80 344 192 395 -Καθαρίζειν
217 342 244 381 ἵνα
259 346 283 394 τῷ
299 343 350 381 πόθει
365 342 411 393 ὕδωρ
427 359 456 381 κα-

115 395 308 453 8qplcrn.1gn.Eph
315 399 346 436 18.
393 440 395 444 y

88 450 170 503 Καθαρός,
196 451 374 501 θναστρεφομένους’
365 467 383 489 εν
392 452 456 521 κρθαρᾷ

114 508 183 555 διανοίᾳ
198 504 321 544 Olem.121.
349 510 383 543 τῦν
397 522 415 544 εν
427 521 455 544 κα

114 562 158 611 θαρᾷ
172 560 269 607 συνειδησει
281 561 402 609 λατρευόντιον.
423 569 454 610 45.

94 646 95 649 1
114 616 132 653 έν
147 615 211 664 καθαρᾷ
226 614 285 663 καρδίη
299 614 419 663 δουλεῦσωμεν
432 619 456 667 τῷ

114 672 158 721 θεῷ.
182 667 205 707 ΙΙ
226 680 255 707 11.
292 667 312 705 ¹0
331 669 378 713 έντδς
395 669 456 707 θυσια-

114 724 185 772 στηρίου
201 723 230 767 ὢν,
246 722 318 772 καθαρός
335 724 387 762 ἐστιν.
410 721 454 775 Igli.

114 776 171 815 Trall.
190 785 207 827 7.
241 778 261 814 οὗ
279 777 351 827 καθαρός
369 778 417 816 ἐστιν
434 782 455 826 τῇ

114 831 215 879 συνειδήσει.
237 830 262 869 ib.
293 830 320 869 ἵνα
336 832 408 882 καθαρὸς
423 832 454 882 ‹³4›-

113 901 142 925 τος
159 885 222 935 εῦρεθῶ
240 889 271 923 τοῦ
288 890 369 936 Χριστοῦ.
399 886 455 925 Rom.

114 953 131 988 4.
156 939 220 989 Ἆφετέ
236 956 258 988 με
277 940 350 990 καθαρόν
367 942 405 990 φῶς
423 943 454 979 λα-

113 996 157 1038 βεῖν.
173 995 191 1032 6.

86 1049 168 1096 Καθεξῆς.
196 1049 235 1086 οὐδὲ
250 1051 397 1099 πεντηκόνταρχοι,
415 1051 454 1088 οῦδὲ

112 1104 132 1139 τδ
146 1103 224 1150 καθεξῆς
239 1101 299 1142 016111,
313 1104 323 1141 Ι
338 1115 370 1154 37.
389 1105 454 1144 καθὼς

112 1151 216 1204 'annosam'
207 1172 225 1194 εν
246 1161 270 1208 τῷ
292 1158 368 1206 καθεξῆς.
393 1158 452 1198 Mart.

113 1210 179 1261 Polye
190 1222 222 1249 22
269 1233 271 1235 ν

86 1264 173 1333 Καθηκειν.
197 1265 245 1313 τιμὴν
253 1265 284 1313 τὴν
292 1265 420 1313 καθήκουσαν’
410 1283 452 1305 απο-

113 1320 196 1367 νέμοντες.
218 1317 279 1357 Olem.
297 1319 308 1357 Ι
327 1332 345 1359 1.
373 1321 452 1359 πολιτεύ-

112 1374 162 1411 εσθαι
175 1374 247 1410 κατὰτὸ
259 1375 330 1422 καθῆκον
341 1378 365 1425 τῷ
376 1379 452 1426 Χριστῷ.

113 1439 131 1477 3.
152 1429 198 1477 παρὰ
206 1428 226 1465 τὸ
235 1428 307 1475 καθῆκον
315 1431 345 1476 τῆς
352 1428 453 1476 βουλήσεως

112 1483 169 1519 αὐτοῦ.
186 1493 219 1529 41.

86 1536 200 1583 Καθηκόντως.
228 1536 336 1586 στεργοῦσας
350 1538 454 1585 καθηκόντως

112 1591 152 1629 τοῦς
161 1590 222 1640 ἄνδρας
231 1592 300 1629 ἑαυτῶν.
315 1590 375 1630 Olem.
386 1593 395 1630 I
408 1604 425 1630 1.

86 1644 180 1692 Καθηλοῦν.
198 1645 257 1693 ὥσπερ
266 1645 393 1693 καθηλωμένους
403 1647 421 1684 έν
429 1649 453 1697 τῷ

112 1701 187 1750 σταυρῷ.
204 1697 361 1750 Ign.Smy1*n.1.
385 1701 451 1748 ἀληθῶς

113 1753 278 1800 ...καθηλωμένον
300 1754 343 1803 ὑπὲρ
366 1754 443 1801 ἡμῶν’
434 1770 452 1792 εν

101 1808 168 1858 σαρκί.
188 1806 215 1845 ib.
244 1809 265 1844 Οἱ
281 1808 300 1844 δέ
315 1810 335 1845 οῦ
351 1808 452 1856 καθηλωσαν

111 1861 147 1908 μέν.
162 1860 221 1899 Mart.
231 1860 296 1912 Polyo.
309 1874 338 1909 14.

84 1915 168 1961 Καθίζειν.
196 1916 214 1952 ἐν
230 1915 262 1966 όνιμ
278 1916 378 1955 καθίσαντες
393 1919 449 1956 αὐτόν.

111 1968 170 2008 Mart.
181 1968 244 2020 Polyc.
256 1970 275 2008 8.

84 2024 193 2062 Καθιστκίναι.
222 2024 327 2071 κατέστησαν
341 2025 380 2064 τοῦς
394 2041 451 2075 προει-

110 2078 196 2126 ρημένους.
227 2076 315 2117 olem]
335 2091 360 2128 43
380 2083 399 2118 ei]
418 2092 450 2127 44.

110 2132 153 2171 Τοὺς
168 2132 198 2169 οῦν
213 2133 347 2172 κατασταθέντας
365 2134 451 2172 ὑπ’·’έκεί-

111 2201 149 2224 νων.
165 2198 197 2234 44.
225 2187 267 2234 μετὰ
279 2191 313 2224 τῶν
325 2188 453 2237 καθεσταμένων

110 2240 238 2290 πρεσβυτέρων.
254 2249 285 2289 54.

84 2295 201 2333 Καθιστόνειν.
224 2296 327 2334 καθέστανον
336 2298 366 2336 τὰς
374 2297 452 2347 ἀπαρχὰς

111 2350 171 2388 αὐτῶν.
187 2347 247 2388 Olem.
258 2349 269 2388 I
280 2362 312 2398 42.

84 2403 183 2443 Καθολικός.
207 2405 242 2441 ε’κεῖ
253 2404 263 2451 ἡ
275 2405 355 2453 καθολικὴ
364 2405 450 2451 ε’κκλησία.

111 2457 151 2508 Igu.
164 2457 240 2509 Smyrn.
255 2460 274 2497 8.
302 2461 450 2507 πάσαις...τῆςὰ-

110 2513 148 2561 γίας
164 2515 190 2551 καὶ
207 2513 295 2561 καθολικῆς
313 2512 403 2561 ἐκκλησίας
417 2529 450 2551 πα-

109 2567 185 2615 ροικίαις.
200 2566 402 2619 Μ111,Ροίγο.Ιααοτ.
421 2570 451 2615 τῆς

110 2622 153 2658 κατὰ
167 2622 197 2669 τὴν
209 2622 306 2669 οἰκουμένην
319 2623 408 2670 καθολικῆς
422 2623 448 2659 έκ-

110 2676 188 2721 κλησίας.
200 2677 238 2714 861
250 2688 281 2725 19.
295 2677 412 2715 ε’πίσκοπόςτε
421 2678 450 2723 τῆς

110 2730 128 2766 έν
137 2730 203 2781 Σμῦρνη
212 2731 300 2778 καθολικῆς
309 2730 405 2794 ἐκκλησίας.
412 2731 449 2769 16.

83 2783 362 2836 Καθόλου.01ο111.1δ11ς111.’11.

83 2839 152 2876 Καθότι.
182 2840 202 2876 οῦ
224 2840 282 2877 καθότι
305 2840 378 2889 δέδεμαι.
405 2839 448 2899 1311.

109 2891 168 2932 Trall
179 2902 198 2942 5.

85 2948 150 2986 Καθώς.
179 2948 265 2986 καθὼς
248 2963 268 2985 το
284 2952 354 2997 Πνεῦμα
364 2977 367 2987 .
379 2976 384 2985 .
395 2976 399 2985 .
409 2948 449 2985 ἐλά-

109 3003 168 3048 λησεν.
187 3000 246 3041 Olem.
260 3001 271 3039 Ῑ
287 3003 317 3041 16.
346 3003 401 3041 καθὼς
416 3002 449 3039 διέ-

110 3056 160 3102 ταξεν
170 3058 217 3103 αὐτῇ.
233 3056 263 3094 26.
293 3057 348 3096 καθὼς
357 3057 405 3104 ἐδόθη
416 3059 451 3095 τοῖς

820 228 853 275 ου
902 294 903 297 ¹

509 345 600 393 πατρόσιν.
616 356 648 394 3ο.
676 342 731 381 καθὼς
740 343 767 379 καλ
776 342 825 390 ἐτέθη
835 343 855 381 έν

509 413 533 449 τῳ
523 399 640 448 χαρίσματι.
657 398 688 447 38.
712 396 766 435 καθὼς
775 396 854 447 γέγραπ-

509 468 543 492 ται.
558 455 590 501 48.
613 452 667 491 καθὼς
676 449 801 500 έσκληρθνθηὴ
812 466 853 501 καρ-

510 507 544 549 δία,
566 515 598 556 51.
626 506 680 544 καθὼς
697 506 751 554 ἔγνων
769 504 796 542 καὶ
814 506 854 545 τοῦς

510 561 570 611 ἁγίους
578 560 716 611 πρεσβυτέρους..
732 559 774 610 Ign.
785 558 852 611 Magn.

510 627 530 664 3.
558 616 614 655 καθὼς
624 614 710 662 ε’δίγλωσεν
718 628 748 661 μοι
757 612 852 658 Πολύβιος.

510 668 568 708 Trall.
590 681 607 708 1.
641 669 695 707 καθὼς
712 669 808 717 φρονοῦσιν
826 669 853 706 καὶ

510 724 624 772 συμβήσεται.
651 721 727 773 Smyrn.
746 733 765 759 2.
798 723 853 761 καθὼς

510 780 560 817 αῦτδς
577 778 675 816 ἐνετείλατο,
693 774 757 827 Polyc.
771 774 822 815 Phil.
834 777 852 815 6.

510 833 565 872 καθὼς
579 830 625 871 εἶπεν
638 835 649 870 θ
663 830 730 881 Κύριος.
751 837 770 879 7.
798 831 853 870 καθὼς

509 886 625 926 ἒνετείλασθε.
646 898 681 936 13.
706 885 761 924 καθὼς
781 885 853 934 φθάσας

509 942 527 979 έν
543 945 564 990 τῇ
580 942 670 989 ἐπιστολῇ,
693 938 752 978 Maris.
770 939 814 990 Igu.
833 940 851 978 6.

508 996 564 1035 καθὼς
578 996 710 1046 προητοίμασας.
734 993 794 1033 Μαῐῦ.
809 993 851 1033 Pol.

511 1063 541 1098 14.
562 1051 617 1090 καθὼς
625 1048 746 1100 ε’μαρτῦρησεν.
763 1061 794 1087 22.
819 1063 850 1086 κα-

508 1105 542 1144 θὼς
551 1105 624 1152 δηλώσω
632 1106 651 1142 έν
659 1107 683 1155 τῷ
693 1103 770 1151 καθεξῆς.
783 1103 810 1142 ib.

481 1159 543 1198 Καίειν.
564 1162 594 1196 Δεῖ
600 1175 622 1208 με
629 1162 682 1206 ζῶντα
689 1158 774 1205 καυθῆναι.
790 1157 850 1197 Μυκῦ.

507 1212 572 1264 Ροίγς.
581 1221 599 1262 5.
615 1217 653 1263 Πῦρ
663 1241 667 1251 .
677 1240 681 1250 .
691 1214 746 1262 ,πρὸς
752 1214 797 1262 ὤραν
804 1215 850 1250 καιό-

506 1283 562 1316 μενον,
585 1279 615 1306 11.
643 1268 683 1305 ἰδὼν
698 1268 739 1304 αὐτὸ
755 1269 849 1315 καιόμενον.

509 1333 540 1360 11.
569 1323 601 1370 οῦχ
615 1324 639 1361 ὡς
653 1321 699 1371 σὰρξ
710 1321 794 1369 καιομένη,
817 1329 848 1369 15.

507 1374 541 1429 θείς
553 1377 604 1414 αὐτὸν
612 1377 630 1414 έν
639 1376 688 1426 μέσῳ
697 1378 728 1413 τοῦ
736 1376 790 1425 πνμδς
800 1376 849 1412 ἔκαυ-

507 1446 544 1469 σεν.
561 1431 592 1468 18.

473 1486 544 1523 ἸΚαινός.
569 1485 593 1523 είς
605 1485 634 1522 τόν
647 1482 804 1533 καινδνόνθρωπον
815 1484 847 1531 Ἰη-

507 1542 550 1576 σοῦν
558 1540 637 1588 Χριστόν.
652 1537 696 1590 Igu.
706 1536 756 1588 Eph.
768 1550 800 1576 20.

480 1594 567 1640 Καινότης.
596 1593 675 1640 ξενισμὸν
688 1595 770 1641 παρεῖχεν
786 1593 796 1640 ἡ
812 1607 847 1630 και-

507 1649 555 1694 νότης
567 1647 625 1684 αὐτοῦ.
639 1646 682 1698 Ign.
693 1645 743 1696 Eph.
756 1658 786 1695 19.
815 1649 848 1685 πό-

505 1701 534 1738 θεν
549 1701 559 1748 ἡ
575 1703 650 1748 καινθης
665 1701 675 1748 ἡ
689 1700 767 1748 ἀνόμοιος
784 1702 847 1740 αὐτοῖς.

505 1754 530 1794 ib.
568 1756 592 1794 εἷς
612 1757 699 1801 καινότητα
720 1755 775 1792 ἀϊδίου
798 1757 847 1803 ζωης

505 1808 531 1847 ib
560 1810 584 1848 εἷς
599 1811 685 1857 καινότητα
701 1809 772 1848 ἐλπίδος
788 1809 847 1881 ἦλθον.

505 1863 600 1915 Magn-6

478 1921 550 1957 Καινῶς
575 1919 608 1955 Καὶ
616 1920 667 1956 τοῦτο
675 1918 695 1954 οῦ
705 1922 770 1957 καινῶς.
786 1916 847 1956 Olem.

506 1972 558 2019 142.

478 2028 547 2075 Καιρός.
566 2028 589 2074 Γῆ
598 2028 710 2076 κυοφοροῦσα
718 2055 722 2064 .
731 2054 735 2064 .
744 2029 792 2066 ,τοῖς
800 2028 849 2066 ἰδίοις

506 2083 574 2131 καιροῖς.
591 2079 651 2120 Olem.
661 2081 673 2119 I
685 2093 716 2118 20.
745 2083 811 2130 ΚαιροὶἸ
820 2082 847 2119 εἰι-

506 2136 554 2185 ρινοί.
577 2134 603 2174 ib.
632 2135 701 2184 Ἀνέμων
717 2136 790 2182 σταθμοὶ
806 2137 848 2173 κατὰ

506 2190 536 2227 τδν
552 2189 596 2228 ’ίδιον
613 2192 675 2240 καιρόν.
699 2188 726 2228 ib.
760 2191 778 2227 έν
796 2194 848 2241 καιρῷ

506 2244 560 2295 ὀλίγη)
576 2245 600 2283 είς
616 2245 696 2293 πέπειραν
714 2248 793 2292 καταντᾷ.
815 2256 846 2293 23.

506 2298 536 2346 τὴν
548 2299 590 2336 κατὰ
603 2300 660 2348 καιρὸν
673 2298 760 2347 γινομένην
771 2299 846 2336 ἀνάστα-

506 2367 541 2390 σιν.
562 2364 593 2400 24.
620 2353 661 2389 κατδ
678 2353 746 2401 καιροῦς
763 2353 845 2402 τεταγμέ-

505 2421 549 2445 νους.
566 2418 596 2453 40.
620 2406 718 2455 ὡρισμένοις
728 2410 804 2455 καιροῖς,
819 2406 845 2445 ib.

504 2462 540 2499 τοῖς
556 2462 708 2509 προστεταγμένοις
724 2463 793 2509 καιροῖς.
817 2460 845 2499 ib.

504 2516 580 2561 λοιμικοῦ
601 2529 646 2552 τινος
668 2514 758 2553 ἐνστάντος
779 2519 844 2564 καιροῦ.

505 2576 536 2616 55.
560 2568 591 2607 ἕως
606 2569 668 2616 ἔχομεν
681 2569 738 2617 καιρὸν
750 2570 845 2617 μετανοίας.

504 2621 526 2659 ΙΙ
545 2624 564 2660 8.
600 2622 631 2661 Ὣς
652 2623 713 2671 έχομεν
736 2624 793 2672 καιρὸν
814 2627 845 2661 τοῦ

503 2676 574 2724 ἰαθῆναι.
590 2689 609 2726 9.
629 2675 714 2725 Ἐσχατοι
723 2678 783 2726 καιροί.
798 2677 844 2729 Ign.

503 2729 552 2781 Eph.
565 2742 595 2768 11.
623 2731 641 2768 ἐν
651 2734 702 2780 καιρῷ
713 2733 743 2778 τῆς
754 2732 845 2781 ἡγεμονίας

503 2785 576 2823 Ποντίου
586 2786 668 2823 Πιλάτου.
685 2783 749 2836 Magn.
763 2798 794 2825 11.
823 2791 845 2826 θὶ

503 2838 582 2888 ῒκαιροὶί
588 2838 748 2889 παρεμπλέκουσιν,
758 2839 816 2879 Trall.
826 2842 844 2881 6.

503 2895 568 2945 καιρὸνι
582 2897 657 2931 τοιοῦτον
682 2897 726 2931 Θεοῦ
751 2896 844 2945 ἐπιτυχεῖν.

504 2946 559 2986 Rom.
577 2960 594 2985 2.
625 2949 647 2986 ὧς
663 2948 687 2985 ἔτι
703 2950 762 2999 καιρὸν
777 2952 845 3000 έχομεν,

505 3002 528 3041 εἰς
537 3003 580 3039 θεὸν
588 3005 680 3050 μετανοεῖν.
696 3000 773 3055 Smyrn.
785 3019 804 3056 9.
824 3007 845 3042 ‘0

505 3058 560 3106 καιρὸς
570 3057 638 3095 ἀπαιτεῖ
646 3073 672 3095 σε.
688 3056 752 3110 Ροίγο,
761 3072 778 3100 2.
803 3062 846 3100 Τοὺς
