2017 3420
122 197 181 257 '56

180 322 219 371 ρίου
228 320 304 360 Παύλου,
321 320 382 361 016111.
393 321 404 360 Ι
415 330 444 372 47.
473 323 522 360 Παύ-

181 379 224 415 λου.
233 406 237 414 .
246 375 273 415 ,ὃς
282 376 299 414 ἐν
307 378 357 424 πάσῃ
367 378 448 425 ἐπιστολῇ
457 392 522 425 μνημο-

181 430 225 468 νεύει
237 431 286 478 ὑμῶν.
302 430 346 482 Igu.
357 430 406 482 Eph.
417 443 446 469 12.
477 432 522 479 πέμ-

181 486 217 535 ψαι
233 486 270 523 τινὰ
285 489 318 523 τῶν
335 486 420 535 ὑμετέρων
434 486 470 534 μετ’
484 486 522 523 ἐπι-

176 541 250 587 στολῆς.
267 538 342 590 Smyrn.
358 551 387 578 11.
421 542 437 577 ol
452 541 469 577 δὲ
484 541 522 578 ἔπι-

182 594 247 632 στολὰς
260 595 287 632 διὰ
298 600 333 632 τῶν
344 595 378 633 ύττό
391 610 424 631 σου
437 595 523 642 πεμπομέ-

182 663 220 686 νων.
236 647 298 700 Polyc.
309 651 327 687 8.
359 648 378 687 δι
390 650 417 686 καί
428 649 475 687 ἀπὼν
483 649 524 696 ύμῖν

182 704 260 753 ἔγραψεν
267 704 365 742 ἐπιστολάς.
376 701 440 754 Polyc.
447 701 495 741 Phil.
504 715 522 752 3.

182 758 217 796 Τὰς
232 758 323 796 ἐπιστολάς
332 757 420 807 ’Ῑγνατίου
433 769 461 805 13.
496 755 522 795 α’ί-

182 827 227 850 τινεο
244 811 377 860 ὑποτεταγμέναι
395 812 429 849 εἶσὶ
439 811 465 858 ’τῇ
483 811 522 849 ἐπι-

182 868 238 913 στολῇ
247 865 302 913 ταύτῃ.
317 864 343 903 ib.
376 866 481 915 Καταρτίσαο
491 895 496 903 .
505 893 523 903 ..

182 921 234 958 τούς.
244 950 247 958 ,
258 947 262 957 .
271 924 303 961 τῶν
315 919 398 968 ἀδελφῶν
411 921 479 958 εἴκοντας
495 920 523 956 διὰ

182 976 212 1021 τῇς
239 975 334 1021 ἐπιστολῆς.
360 972 417 1012 Ματῖ.
440 972 481 1024 Ign.
504 981 522 1022 5.

182 1028 252 1066 πλείονά
270 1043 288 1066 τε
305 1031 340 1065 τῶν
361 1028 380 1065 ἐν
397 1031 417 1075 τῇ
438 1029 523 1074 ἐπιστολῇ

181 1082 282 1130 διαλεχθείς.
297 1083 314 1120 6.
345 1082 416 1131 φθάσας
428 1082 446 1119 ἐν
454 1082 474 1130 τῇ
484 1082 523 1119 ἐπι-

182 1138 244 1184 στολῇ.
259 1135 283 1175 ib.
318 1137 351 1184 τὴν
373 1136 465 1183 ἐπιστολὴν
487 1137 524 1173 δια-

181 1191 282 1240 πέμψασθε.
297 1189 432 1241 Μο11.ΡοΙγο.
444 1202 473 1228 20.

152 1244 282 1293 Ἐπιστρέφειν.
309 1248 345 1284 τοῖς
360 1245 468 1292 βουλομένοις
484 1245 522 1282 ἐπι-

181 1301 279 1348 στραφῆναι
293 1299 317 1336 ἐπ’
330 1300 388 1336 αὐτόν.
404 1298 462 1337 Olem.
477 1299 488 1337 I
504 1306 522 1348 7.

181 1354 313 1402 ἐπιστρέψωμεν
327 1354 356 1391 ἐπὶ
372 1354 412 1392 τούς
429 1354 524 1402 οῖκτιρμοῦς

180 1408 238 1444 αὐτοῦ.
254 1419 270 1456 9.
299 1407 433 1457 ἐπιστρέφοντες
446 1409 467 1445 τὰ
479 1408 522 1445 ἀπο-

180 1461 304 1509 πεπλανημένα.
318 1461 383 1513 Polyc.
392 1461 440 1500 Phil.
449 1462 466 1503 6.
494 1462 524 1499 ἐπὶ

181 1517 212 1553 τόν
220 1546 224 1554 .
233 1546 237 1554 .
246 1516 373 1564 ,παραδοθέντα
381 1518 435 1565 λόγον
443 1516 522 1564 ἐπιστρέ-

181 1570 250 1619 ψωμεν.
266 1578 283 1619 7.
316 1571 349 1607 Καὶ
365 1571 388 1617 μὴ
400 1571 521 1619 ἐπιστραφείς.

181 1623 240 1662 Mart.
251 1623 312 1675 Polyc.
324 1626 342 1663 8.
381 1622 427 1662 εἶπεν
440 1625 522 1672 ἐπιστρα-

180 1679 222 1727 φεὶς
229 1681 265 1717 τοῖς
274 1680 306 1716 σύν
314 1680 361 1730 αὐτῷ
369 1681 443 1716 πιστοῖς.
456 1690 484 1716 12.

152 1732 268 1781 Ἐπιστροφὴ.
297 1733 407 1782 ἐπιστροφὴν
417 1731 523 1779 πεποιηκέναι

169 1830 172 1834 ,
181 1787 244 1835 περὶ..
255 1789 375 1836 ,πραγμάτων
391 1785 449 1825 Olem.
461 1786 471 1824 I
482 1799 496 1824 1.

153 1840 272 1888 Ἐπισφαλῇε.
289 1842 387 1890 ἐπισφαλές
395 1842 454 1891 γὰρτὸ
463 1843 521 1889 κτῆμα.

182 1893 226 1944 Ign.
237 1894 311 1945 Fragm.
321 1896 338 1934 6.

153 1949 300 1999 Ἐπισφραγίζειν.
322 1951 384 1999 ῶσπερ
395 1948 524 1998 ἐπισφραγίσας

183 2004 301 2053 τῇμαρτυρίρ.
315 2002 375 2042 Mart.
387 2003 449 2054 Polye.
460 2016 474 2041 1.

154 2056 272 2095 Ἐπιτάσσειν.
292 2058 330 2096 τοῦς
340 2058 479 2107 ἐπιτεταγμένους
491 2059 521 2094 αῦ-

182 2113 220 2148 τοῖα
231 2110 316 2160 ὁρισμούς.
332 2109 393 2150 Glem.
404 2110 415 2148 I
427 2123 456 2149 2ο.
484 2111 522 2148 ἐκα-

182 2180 227 2203 στοε
243 2166 297 2216 ἐντῷ
312 2166 349 2216 ἰδίῳ
366 2166 437 2214 τάγματι
451 2167 472 2202 τὰ
487 2166 524 2203 ἐπι-

182 2220 305 2267 τασσόμενα..
316 2248 320 2258 .
328 2221 410 2258 ἐπιτελεῖ.
425 2227 456 2268 37.
486 2220 523 2257 ἐπι·

181 2275 286 2320 τασσόμενοι
304 2277 327 2324 τῷ
348 2275 436 2323 ἐπισκόπερ
457 2274 482 2310 καὶ
499 2276 525 2323 τῷ

180 2329 306 2379 πρεσβυτερίιρ.
321 2327 366 2379 Ign.
378 2327 429 2378 Eph.
441 2339 457 2365 2.

152 2383 255 2421 Ἐπιτελεῖν.
283 2386 324 2432 ἁγνῇ
334 2382 433 2430 συνειδήσει
445 2383 497 2419 πάντα
506 2382 524 2419 ἐ-

180 2438 257 2475 πιτελεῖν
265 2437 398 2487 πορηγγέλλετε.
414 2435 472 2475 Olem.
483 2434 494 2473 I
504 2448 523 2473 1.

179 2492 236 2528 πάντα
255 2492 272 2528 ἐν
288 2495 311 2542 τῷ
328 2494 382 2542 φόβῳ
398 2492 449 2529 αὐτοῦ
465 2491 523 2528 ἐπετε-

179 2547 232 2583 λεῖτε.
249 2557 265 2583 2,
294 2546 399 2593 ἐπετελέσθη
413 2547 433 2583 τὸ
448 2560 522 2595 γεγραμ-

179 2599 237 2647 μένον.
252 2612 269 2648 3.
299 2601 329 2648 τὴν
343 2601 453 2650 λειτουργίαν
468 2600 524 2636 αὐτῶν

179 2654 295 2702 άπροσκόπως
304 2656 418 2693 ἐπιτελοῦσιν.
435 2666 464 2692 2ο.
488 2656 523 2691 πᾶν

180 2708 233 2757 ἔργον
245 2709 308 2758 ἀγαθόν
321 2710 411 2747 ἐπιτελεῖν.
426 2720 457 2758 33.
493 2708 523 2745 ἐὰν

179 2762 307 2810 ἐπιτελέσωμεν
314 2765 335 2801 τὰ
348 2762 431 2810 ἀνήκοντα
443 2766 463 2810 τῇ
475 2763 521 2810 ἀμώ-

179 2831 208 2866 μῳ
216 2816 300 2864 βουλήσει
309 2818 366 2855 αὐτοῦ.
383 2825 414 2866 35.
436 2818 522 2856 πῶςῦπο-

179 2871 286 2920 τεταγμένως
301 2873 399 2910 ἐπιτελοῦσι
415 2872 436 2909 τὰ
451 2873 521 2909 διατασ-

179 2927 251 2971 σόμενα.
264 2932 294 2974 37.
321 2927 343 2963 τὰ
352 2927 479 2974 ἐπιτασσόμενα
488 2926 522 2963 ῦπό

179 2981 212 3015 τοῦ
221 2981 327 3023 βασιλέως..
336 2982 425 3020 ,ἐπιτελεῖΙ
441 2980 465 3019 ib.
487 2979 521 3017 όσα

180 3034 190 3068 ό
198 3035 288 3081 Δεσπότης
295 3035 380 3083 ἐπιτελεῖν
385 3033 477 3073 ἐκέλευσεν.
488 3046 519 3081 40.

384 194 483 257 ’1111111
498 186 673 258 mmm.

577 321 684 373 λειτουργίας
698 320 822 373 ἐπιτελεῖσθαι.
831 319 860 359 ib.
891 320 918 357 διὰ

576 378 625 415 τίνων
633 376 749 415 ἐπιτελεῖσθαι
758 375 811 413 θέλει.
825 373 851 413 ib.
877 375 917 411 άτα-
953 425 954 428 ¹

576 434 633 481 ράχωα
661 433 715 469 πάντα
742 430 864 468 ἐπιτελοῦντες.
886 429 916 476 48.

577 488 666 535 γυναῖκες.
678 514 682 523 .
693 512 696 522 .
707 483 830 523 ἐπετελέσαντο
849 518 851 522 ,
860 483 918 521 πολλὰ

577 541 650 590 ἀνδρεῖα.
667 547 697 588 55.
740 540 824 576 ἐπιτελεῖν
841 537 871 584 τὴν
888 540 918 574 τοῦ

577 595 671 644 μαρτυρίου
685 595 737 631 αὑτοῦ
750 593 813 642 ἡμέραν
826 591 916 642 γενέθλιον.

578 647 634 687 Μονῖ.
645 647 710 700 ΡοΙγα.
721 649 750 686 18.

550 703 668 750 Ἐπιτηδεύειν.
692 702 803 750 ἐπετήδευσεν
812 702 836 739 ὣς
846 700 888 748 μηδὲ
899 701 918 736 τὸ

577 758 667 806 λείψανον.
682 756 740 795 Μλτύ.
750 754 814 807 Polyc.
826 761 855 803 17.

550 812 655 850 Ἐπιτιθένοι.
685 811 778 861 Παρθενίας
794 811 846 858 ζυγὸν
861 809 919 857 μηδενί

578 866 652 904 ἐπιτίθει.
668 865 712 917 Igu.
723 864 798 916 Fragm.
807 862 833 902 Vi.

550 920 589 958 Ἐπὶ
601 921 620 957 τό
631 920 680 958 αὐτό.
703 920 730 957 ἐπὶ
742 921 761 957 τό
772 919 814 956 αῦτδ
826 916 918 965 συναχθέν-

578 989 611 1012 τες.
624 973 752 1023 0111111134.
779 973 799 1009 ‘0
813 971 843 1009 οὖν
855 971 877 1018 μὴ
892 972 918 1020 ἐρ-

577 1030 648 1076 χόμενος
657 1029 687 1066 ἐπὶ
695 1029 715 1066 τὸ
724 1029 770 1065 αύτό.
783 1025 828 1078 Igu.
839 1024 888 1076 Eph.
900 1034 916 1073 5.

578 1082 602 1120 ὅτ’
611 1083 631 1120 ἂν
641 1084 677 1132 γὰρ
689 1086 754 1120 πυκνῶς
766 1082 794 1119 ἐπὶ
805 1082 827 1117 τό
839 1081 879 1117 αῦτό
892 1080 918 1129 γί-

578 1137 631 1175 νεσθε.
645 1148 676 1185 13.
699 1135 727 1175 Of.
741 1134 816 1174 Philad.
830 1134 850 1171 6.
891 1135 919 1171 ἐπὶ

577 1192 597 1228 τό
611 1191 652 1229 αύτδ
668 1191 699 1239 μία
713 1189 806 1240 προσευχῇ.
823 1187 888 1239 Magn.
900 1195 916 1237 7.

578 1246 602 1284 είς
619 1247 638 1282 τό
657 1246 763 1294 συγχαρῇναι
781 1245 839 1282 ούτοῖο
857 1243 884 1281 ἐπὶ
899 1244 918 1279 τὸ

578 1301 617 1336 αὐτὸ
626 1301 728 1349 γενομένοις.
742 1297 815 1337 Philad.
827 1309 856 1335 10.

550 1354 662 1403 Ἐσιτρέπειν.
682 1354 725 1392 νέοιο
733 1368 752 1390 τε
760 1353 820 1402 μέτρια
829 1352 856 1389 καί
865 1351 919 1398 σεμνὰ

578 1411 621 1445 νοεῖν
629 1408 735 1457 ἐπετρέπετε.
747 1406 807 1446 Olem.
816 1405 827 1443 I
837 1418 852 1444 1.
871 1405 918 1443 Ἐπι-

578 1463 654 1512 τρέψατε
676 1462 706 1500 οῦν
724 1463 780 1500 αὐτοῖς
800 1461 831 1498 κῶν
850 1460 868 1496 ἐκ
886 1463 919 1496 τῶν

578 1517 631 1565 ἔργων
656 1517 696 1564 ὑμῖν
723 1516 850 1564 μαθητευθῇναι.
873 1512 917 1564 Igu.

579 1569 626 1621 Eph.
638 1582 669 1609 10.
698 1569 814 1619 Ἐπιτρέψατέ
827 1584 857 1617 μοι
869 1583 918 1616 μιμη-

577 1625 607 1672 τὴν
615 1623 656 1662 εἶναι
665 1628 697 1662 τοῦ
708 1626 772 1662 πάθους
782 1627 812 1661 τοῦ
823 1625 867 1660 θεοῦ
878 1637 917 1668 μου.

578 1678 632 1717 Rom.
641 1679 658 1717 6.
689 1679 699 1726 ἢ
711 1677 725 1730 ᾧ
737 1679 757 1715 ἂν
765 1679 815 1716 αὐτὸς
827 1675 918 1726 ἐπιτρέψῃ.

579 1732 652 1784 Smyrn.
669 1733 687 1770 8.
718 1736 757 1770 Τοῖς
778 1732 821 1770 νέοις
840 1732 918 1779 ἐπίτρεπε

578 1790 642 1836 γαμεῖν.
658 1785 768 1838 Fragmvi.
805 1787 837 1823 οὐκ
853 1785 918 1835 ἐμαυτῷ

578 1842 673 1891 ἐπιτρέψας
700 1842 762 1891 γράφω
787 1841 832 1887 ύμῖν.
854 1837 917 1889 Polyc.

579 1895 625 1934 Phil.
642 1908 659 1944 3.
693 1899 730 1933 Τῶν
748 1895 766 1932 δέ
783 1894 917 1943 ἐπιτρεψάντων.

578 1948 634 1988 Mart.
645 1949 710 2001 Polyo.
723 1958 740 1999 η.

551 2005 685 2054 Ἐπιτνγχάνειν.
713 2004 734 2041 Τί
742 2003 771 2041 οῦν
780 2004 828 2040 ἐστιν
836 2001 918 2048 ποιήσαν-

578 2074 608 2097 τας
621 2059 707 2107 ἐπιτυχεῖν
719 2059 777 2096 αὐτῶν.
792 2054 917 2103 016111115.

578 2115 598 2160 τῇ
620 2115 710 2162 προσευχῇ
734 2114 779 2160 ὑμῶν
796 2113 884 2158 ἐπιτυχεῖν
901 2110 919 2146 ἐν

578 2166 631 2215 Ῥώμη
640 2167 769 2216 θηριομαχῇσαι.
784 2165 828 2217 Igu.
839 2163 890 2215 Eph.
900 2175 917 2202 1.

579 2219 723 2268 ίυα...ἐπιτνχεῖν
735 2221 798 2268 δυνηθῶ
808 2219 885 2268 μαθητὴς
895 2216 919 2255 εῖ-

579 2289 609 2312 ναι.
623 2274 647 2313 ib.
678 2274 702 2311 ὅτ’
712 2274 732 2312 όν
741 2278 783 2312 θεοῦ
792 2273 874 2322 ἐπιτύχω.
887 2284 917 2317 12,

579 2327 663 2367 θύΤΓυΠ.
675 2340 705 2377 13.
735 2327 762 2366 ἵνα
778 2332 821 2366 Θεοῦ
838 2326 917 2376 ἐπιτύχω.

579 2381 641 2434 Magn.
653 2395 683 2430 14.
713 2382 807 2431 αἶτούμενοτ
821 2385 867 2419 Θεοῦ
881 2382 918 2419 ἐπι-

578 2440 640 2486 τυχεῖν.
650 2436 709 2475 Trall.
720 2449 749 2475 12.
777 2441 807 2474 τοῦ
821 2436 886 2486 κλῇρον
898 2436 918 2472 οῦ

578 2494 671 2540 περίκειμαι
681 2492 771 2540 ἐπιτυχεῖν.
781 2491 805 2530 ib.
826 2491 868 2529 όταν
875 2492 918 2526 Θεοῦ

578 2545 657 2594 ἐπιτύχω.
670 2558 700 2595 13.
729 2547 789 2594 ἐάνπερ
800 2548 871 2595 χάριτας
881 2545 917 2582 ἐπι-

578 2599 629 2648 τύχω.
644 2599 703 2639 Rom.
716 2613 733 2639 1.
767 2604 811 2638 Θεοῦ
825 2600 917 2648 ἐπιτυχεῖν,

578 2652 603 2692 ib.
615 2666 631 2698 2,
641 2666 659 2702 4,
669 2658 690 2693 ού
703 2654 766 2706 Polyo.
778 2668 794 2692 2.
835 2654 919 2701 ἐπέτυχον

578 2709 619 2744 ἰδεῖν
635 2709 682 2756 ὑμῶν
700 2710 721 2747 τὰ
739 2710 806 2756 άξιόθεὰ
825 2705 917 2759 πρόσωπα,

578 2760 633 2800 Rom.
643 2775 658 2802 1.
689 2762 716 2802 ἵνα
724 2764 781 2812 Ἰησοῦ
792 2767 871 2814 Χριστοῦ
882 2763 917 2799 ἐπι-

577 2816 627 2865 τύχω.
643 2825 661 2866 5,
676 2817 711 2856 bis.
762 2818 860 2866 Αέτῇσασθε
879 2816 918 2864 περὶ

577 2871 624 2918 ἐμοῦ,
633 2870 659 2909 ἵνα
671 2872 751 2921 ἐπιτύχω.
766 2874 783 2911 8.
811 2871 884 2921 ἦλέημαί
893 2885 918 2908 τις

578 2923 624 2969 εἶναι,
634 2927 662 2964 ἐὰν
669 2930 714 2964 Θεοῦ
723 2927 801 2976 ἐπιτύχω.
816 2939 834 2975 9.
864 2925 891 2964 ίνα
900 2925 918 2961 ἐν

578 2977 591 3029 φ
607 2979 661 3033 κλήρῳ
678 2981 756 3030 ἠλεήθην,
772 2980 853 3030 ἐπιτύχω.
871 2979 916 3019 Phi-

577 3032 613 3073 lad.
625 3043 641 3083 5.
671 3035 700 3074 ἵνα
712 3037 758 3083 ἐντῇ
770 3039 860 3086 προσευχῇ
871 3031 917 3084 ὑμῶν
