2017 3420
152 226 181 267 50

180 333 224 373 νείας
241 332 282 381 ἦθος
300 333 442 380 ἐνδειξόσθωσαν.
458 331 520 371 Olem.

180 387 236 427 121.
271 389 352 439 ὁσοφδς
366 387 477 426 ἐνδεικνόσθω
492 387 523 434 τὴν

181 443 247 491 σοφίαν
256 444 313 481 αὐτοῦ.
330 443 360 491 38.

153 497 291 546 Ἐνδελεχιαμός.
323 498 380 535 θυσίαι
393 496 521 544 ἐνδελεχισμυῦ.

151 565 153 569 ’
182 550 307 600 Olem.I41.

150 605 241 652 Ἐνδοξος,
262 608 278 644 οί
287 605 345 653 ἄδοξοι
354 605 382 643 ἐπὶ
390 604 430 643 τοῦς
437 603 522 650 ἐνδόξους.

183 659 243 699 Olem.
254 659 265 697 I
276 673 293 710 3.
327 659 448 706 ύπακούσωμεν
460 661 481 705 τῇ
492 686 523 697 ...

182 715 246 766 ἐνδόξιρ
264 714 347 762 βουλήσει
365 715 420 751 αὐτοῦ.
437 724 455 762 9.
496 712 523 750 ἐν·

184 769 239 816 δόξων
253 770 375 817 μετειληφότες
392 768 474 816 πράξεων.
493 778 522 816 19.

183 826 220 862 ταῖς
237 821 386 872 ὑπερβαλλούσαις
405 822 431 859 καὶ
448 821 525 867 ἐνδόξοις

183 879 253 926 δωρεαῖς
267 879 323 926 αὐτοῦ,
340 888 370 925 23.
397 879 432 913 τῶν
444 876 525 925 μεγάλων

184 933 211 969 καὶ
223 932 295 977 ἐνδόξων
303 931 408 980 ἐπαγγελιῶν
417 931 473 967 αύτυῦ.
491 941 522 978 34.

183 985 247 1036 ἐνδόξιρ
267 986 336 1032 ὀνόματι
356 983 475 1031 κεκοσμημένη.
491 995 523 1031 43.

185 1040 226 1087 τὴν.
235 1067 239 1076 .
248 1039 327 1085 ,ἔνδοξον
338 1038 427 1088 θρησκείαν
435 1040 466 1075 τοῦ
472 1037 525 1086 ’Ὑψί-

184 1108 232 1131 στου.
247 1101 279 1141 45.
308 1095 339 1130 τοῦ
354 1092 435 1142 μακαρίου
453 1092 481 1129 καὶ
497 1091 524 1128 ἑν-

184 1147 236 1193 δόξου
258 1145 333 1185 Παύλου.
357 1145 420 1197 Polye.
438 1144 487 1184 Phil.
506 1158 524 1194 3.

183 1202 257 1246 ἐνδόξων
266 1217 285 1239 τε
295 1202 322 1239 καλ
332 1201 401 1246 ἀδόξων.
417 1199 474 1239 Marb.
487 1199 524 1238 Po·

183 1255 220 1294 lc.
229 1257 246 1294 8.

157 1269 262 1348 Ἐνδῦεσθαι.
283 1307 391 1356 ἐνδυσώμεθα
400 1308 430 1355 τὴν
439 1309 524 1352 ὁμόνοιαν.

185 1363 245 1403 Olem.
256 1362 267 1400 I
277 1375 308 1412 30.
335 1364 398 1412 χόριτι,
408 1360 419 1410 ᾗ
430 1361 525 1400 ἐνδέδυσαι.

185 1417 228 1470 Igu.
239 1417 303 1468 Polyc.
313 1429 328 1455 1.

157 1472 274 1520 ἾΕνδυναμοῦν.
296 1474 372 1521 γυναῖκες
382 1471 527 1519 ἐνδυναμωθεῖσαι

185 1527 213 1564 διὰ
240 1527 270 1573 τῆς
296 1527 370 1575 χάριτος.
390 1523 450 1563 Olem.
466 1524 478 1562 I
493 1534 525 1573 55.

185 1582 237 1618 αὐτοῦ
271 1594 292 1628 με
321 1579 456 1626 ἐνδυναμοῦντας.
481 1577 525 1630 Ign.

175 1633 261 1685 Ἰδοιγτιτ.
273 1646 290 1682 4.

158 1689 235 1737 Ἐνέδρα.
264 1689 294 1726 τώς
308 1687 376 1736 ἐνέδρας
390 1689 420 1724 τοῦ
437 1688 526 1732 διαβόλου.

186 1742 230 1795 Igu.
241 1741 298 1780 Trall.
310 1742 327 1779 8.
363 1741 430 1791 ἐνέδρας
447 1744 478 1778 τοῦ
496 1741 526 1789 ι’ίρ-

186 1812 247 1845 χοντος
266 1799 296 1833 τοῦ
317 1796 376 1833 αίῶνος
396 1794 462 1833 τούτου,
480 1794 526 1833 Phi-

187 1849 225 1889 lad.
235 1850 254 1888 6.

160 1906 236 1942 Ἐνεῖναι.
252 1904 272 1941 δι’
280 1904 303 1941 ών
308 1905 374 1941 ἔνεστιν
381 1906 424 1940 Θεοῦ
433 1903 526 1951 ἐπιτυχεῖν.

188 1958 231 2010 Ign.
242 1957 297 1996 Rom.
306 1969 324 2005 4.

161 2012 281 2062 Ἐνερίζεσθαι.
300 2011 353 2048 Ὅταν
363 2011 396 2059 γὰρ
408 2011 480 2058 μηδεμία
493 2012 529 2060 έρις

188 2064 279 2115 ένείρισται
288 2065 307 2102 ἐν
315 2066 359 2112 ὑμῖν.
374 2063 416 2115 Ign.
427 2063 476 2115 Eph.
488 2066 508 2103 8.

161 2121 236 2158 Ἐνθόδε.
265 2121 286 2157 τὰ
300 2119 359 2157 ε’νθόδε
374 2120 451 2166 μισῆσαι.
466 2117 528 2157 Olem.

189 2173 212 2212 Π
224 2174 241 2212 6.
270 2174 301 2221 τὴν
308 2173 367 2211 ἐνθάδε
375 2173 475 2211 ἀπόλαυσιν.
488 2184 518 2211 10.

154 2228 270 2277 Ἔνθύμησις.
293 2226 392 2277 Ἐρευνητὴς
403 2227 436 2275 γόμ
445 2226 494 2264 ἐστιν
501 2227 529 2264 ε’ν-

189 2288 239 2321 νοιῶν
247 2283 274 2319 καὶ
282 2281 394 2330 ἐνθυμήσεων.
409 2279 468 2319 Glem.
477 2279 489 2318 I
498 2292 528 2319 21.

158 2338 218 2376 Ἔνιοι.
234 2337 288 2375 ἐνίους
295 2336 456 2385 ῦμαῖςμεταγάγετε.
468 2333 528 2373 Olem.

190 2393 199 2430 1
210 2403 241 2440 44.

393 223 491 267 INDEX
507 222 681 267 VERBORUM

547 332 622 372 Ἔννοσι.
647 332 696 371 οῦδέν
708 331 783 380 λέληθεν
791 332 842 369 αότδν
851 335 885 369 τῶν
893 332 921 369 ἐν·

579 391 629 425 νοιῶν
643 387 694 436 ἡμῶν.
710 384 833 425 Olem.121.
861 385 920 434 Ἐρευ-

579 442 629 489 νητὴς
642 443 675 491 γάρ
689 442 737 479 ἐστιν
750 441 819 478 ἐννοιών.
835 438 859 479 ib.
889 440 919 476 λέ-

578 496 631 544 ληθεν
640 497 691 533 αῦτδν
701 496 761 533 οῦδὲν.
770 525 774 533 ,
784 497 835 532 .οε’ίτε
847 495 920 532 ἐννοιῶν.

580 549 644 601 Ρολγυ.
655 548 703 588 Phil.
715 561 733 597 4.

551 604 620 643 Ἕνόειν,
642 604 726 651 ἡνωμένην
735 603 761 641 καλ
773 602 894 651 ἐκλελεγμένην
903 602 922 639 ἐν

579 658 630 697 πόθει
644 658 722 709 ἀληθινῷ.
738 656 781 709 Ign.
796 655 844 707 Eph.
859 655 919 694 Inser.

580 713 652 760 ἑνώθητε
670 715 695 763 τῷ
713 713 804 763 ἐπισκόπιρ.
819 709 884 762 Magn.
901 711 919 749 6.

580 770 590 804 ὁ
601 766 663 817 Κύριος
671 797 675 806 .
684 796 688 805 .
696 795 700 805 .
708 766 790 814 ἡνωμένος
801 765 828 803 ών.
845 772 861 814 7.
891 768 922 813 τῆς

580 821 664 869 ἡνωμένης
678 821 723 868 ὑμῶν
735 821 753 859 ἐν
765 822 803 871 θεῷ
816 821 920 870 προσευχῆς.

582 886 612 922 14.
643 875 732 922 ἡνωμένοις
749 876 797 922 πόση
815 875 874 922 ἐντολῇ
890 875 921 911 αῦ-

580 932 615 967 τοῦ.
634 928 689 967 Rom.
706 927 767 967 Inscr.
807 932 922 975 πνευματικῶς

580 984 671 1032 ἡνωμένοςΙ
683 986 707 1034 τῷ
727 982 788 1032 Πατρί.
809 981 884 1033 Smyrn.
902 994 920 1031 3.

580 1036 606 1076 οἶς
629 1039 656 1074 καὶ
678 1037 767 1084 ἡνώθησαν
789 1038 830 1075 κατὰ
854 1034 923 1086 γνώμην

580 1094 630 1129 θεοῦ.
646 1090 723 1142 Fragm.
733 1104 751 1130 v.

553 1146 648 1192 Ἐνοξίζειν.
675 1145 727 1194 ζύμην
738 1147 768 1194 τὴν
776 1176 780 1185 .
789 1176 792 1185 .
801 1139 921 1192 ,ἐνυξίσαστινΙ

581 1199 624 1251 Ign.
635 1198 700 1251 Magn.
712 1211 741 1237 10.

553 1254 699 1303 Ἐνοπτρίζεσθαι.
718 1253 848 1303 ἐνυπτριζόμεθα
858 1252 889 1299 τὴν
901 1253 922 1289 ό·

580 1323 647 1356 μωμον.
656 1338 659 1346 .
667 1337 671 1347 .
680 1308 723 1357 ὄψιν
731 1309 786 1346 αὐτοῦ.
802 1306 861 1346 Olem.
869 1305 880 1345 I
888 1306 920 1356 36.

553 1363 626 1409 Ἕνότης.
646 1365 707 1411 χρῶμα
716 1365 760 1400 θεοῦ
769 1364 851 1407 λαβόντες
860 1362 878 1399 ἐν
887 1362 923 1398 ἑνό-

581 1432 623 1464 τητι.
639 1415 681 1467 Ign.
691 1415 740 1468 Eph.
750 1428 768 1464 4.
787 1417 805 1453 ἐν
813 1416 876 1467 όμώμιρ
885 1417 923 1453 ἑνό-

581 1486 618 1518 τητι
627 1468 673 1508 εἶναι.
686 1469 711 1509 ib.
734 1469 761 1508 ίνα
769 1472 823 1509 πάντα
832 1471 850 1507 ἐν
858 1472 923 1517 ἑνότητι

582 1524 669 1573 σύμφωνα
677 1521 693 1572 ᾖ.
710 1532 726 1574 5.
755 1526 776 1562 τὰ
788 1525 810 1562 δὲ’
817 1523 847 1562 δύο
858 1525 876 1561 ἐν
885 1525 921 1560 ἑνό-

582 1594 619 1627 τητι
632 1581 718 1629 γενόμενα,
733 1591 762 1627 14.
794 1579 812 1616 ἐν
824 1581 844 1625 τῇ
858 1579 924 1625 ἑνότητι

582 1634 629 1681 ὑμῶν
638 1634 671 1682 οῦχ
680 1633 750 1679 ἕξουσιν
757 1635 812 1671 τόσον.
825 1631 897 1670 Philad.
904 1645 921 1669 2.

583 1688 610 1725 ἐπὶ
624 1687 655 1734 τὴν
668 1689 736 1735 ἑνότητα
749 1690 779 1735 τῆς
792 1687 887 1734 ἐκκλησίας.
903 1698 921 1736 3.

583 1741 674 1788 ἐσώθησαν
692 1742 711 1779 ἐν
728 1743 792 1788 ἑνότητι
806 1741 864 1788 Ἰησοῦ
881 1746 923 1790 Χρι-

583 1798 631 1833 στοῦ.
648 1803 665 1843 5.
700 1796 729 1832 ἐδν
751 1794 877 1844 μεταναίησωσιν
899 1796 924 1832 εἷς

583 1850 652 1896 ἑνότητα
662 1852 711 1887 Θεοῦ.
728 1850 745 1887 8.
769 1851 823 1887 πάντα
833 1852 886 1887 ταῦτα
899 1850 924 1887 εἷς

583 1905 653 1950 ἑνότητα
664 1907 713 1941 θεοῦ.
729 1916 746 1952 9.
775 1905 793 1941 ἐν
805 1905 868 1950 ἑνότητι
879 1906 924 1940 Θεοῦ

583 1958 611 1995 καὶ
623 1958 674 2005 ὑμῶν,
690 1956 767 2008 Smyrn.
776 1969 805 1995 12.
833 1958 851 1994 ἐν
859 1959 924 2004 ἑνότητι
968 1970 969 1973 ’

584 2015 628 2049 θεοῦ
637 2012 664 2048 καὶ
673 2012 762 2059 ἐπισκοπῇ.
778 2011 840 2062 Polyss.
853 2012 870 2049 8.

556 2065 670 2104 Ἐνπνεῖσθαι,
693 2066 797 2114 ἑνπνεόμενοι
809 2066 842 2104 ῦπδ
850 2068 880 2113 τῆς
892 2066 925 2114 χά-

584 2134 631 2168 ριτος
640 2120 697 2158 αὐτοῦ.
712 2119 830 2171 1gn.Magn.
842 2121 859 2158 8.

556 2172 685 2211 Ἐντὲλλεσθαι.
706 2175 717 2211 δ
731 2174 850 2222 μαθητεύσντες
865 2174 923 2211 ἐντέλ-

585 2228 643 2265 λεσθε.
659 2226 702 2279 Ign.
713 2228 769 2267 Rom.
779 2241 796 2278 3.
825 2228 925 2276 ἐντέλλομαι

584 2283 649 2319 πᾶσιν..
658 2293 675 2329 4.
704 2283 758 2322 καθώς
767 2284 816 2321 αὐτὸς
824 2283 923 2320 ἐνετείλατο.

585 2334 649 2386 Polyc.
660 2334 709 2374 Phil.
720 2337 737 2375 6.
767 2337 866 2387 ἐπέμψαμεν
878 2338 923 2385 ὑμῖν,

585 2390 640 2429 καθώς
648 2391 762 2429 ἐνετείλασθε.
774 2404 803 2441 13.

162 2448 263 2484 Ἐνιστόναι.
291 2446 369 2491 λοιμικοῦ
382 2444 426 2481 τινός
440 2443 532 2481 ἐνστάντος
553 2441 641 2491 *Εντιμοο
666 2445 783 2495 ε’πηγέρθησαν
797 2447 813 2483 οἱ
827 2445 882 2494 ιίτιμοι
897 2445 925 2483 ἐπὶ

189 2504 252 2549 καιροῦ.
268 2498 326 2537 Olem.
338 2497 349 2536 Ι
359 2506 390 2547 55.
417 2498 447 2546 τὴν
458 2498 531 2535 ἐνεστῶ-

190 2570 223 2592 σαν
232 2555 287 2603 χάριν.
304 2552 346 2604 Ign.
357 2551 406 2604 Eph.
418 2564 447 2590 11.

162 2608 265 2657 Ἐνισχόειν,
284 2606 530 2656 ἐνισχυόντωντώνἸυυδαίων.

130 2686 131 2689 =
191 2662 248 2702 Μαιό,
260 2661 363 2712 Polyc.17.

159 2716 247 2756 Ἐννατος,
267 2718 328 2767 ε’ννιίτῳ
338 2717 371 2753 ἐτει
379 2718 409 2763 τῆς
417 2717 469 2753 αὐτοῦ
478 2716 531 2760 βασι-

190 2772 242 2810 λείας.
258 2770 315 2809 Μαιῦ.
326 2769 369 2822 Ign.
382 2782 399 2808 2.

141 2826 143 2830 ¹
163 2824 226 2864 Ἐννέα.
249 2827 312 2874 τῇπρδ
321 2825 367 2862 ἐννέα
378 2825 469 2863 καλανδῶν.
485 2823 531 2875 Igu.

191 2880 285 2919 Βαναία.

163 2935 242 2972 Ἐνναεῖν.
265 2934 338 2972 Ἐνενόει
353 2933 386 2982 γὰρ
399 2933 430 2980 τὴν
444 2933 471 2970 διὰ
487 2915 531 2982 μαρ-

191 2989 249 3079 {upton
260 2988 348 3037 γινομένην
359 2987 454 3036 ὁμολογίαν.
471 2986 530 3025 Mart.

203 3055 234 3093 gn.
246 3054 263 3081 1.

585 2498 713 2547 τοῦςέντίμαυς.
729 2499 837 2549 01θη1.Ῑ3.

558 2550 635 2599 Ἐντυλίη.
666 2553 722 2601 Ταύτῃ
736 2558 757 2602 τῇ
773 2556 832 2602 ἐντολῇ
847 2555 874 2591 καὶ
889 2555 926 2591 τοῖς

586 2607 719 2657 παραγγέλμασι
746 2609 816 2648 τούτοις.
838 2605 925 2646 ΟΙΘΠΙῼῙ

589 2672 618 2708 13.
647 2662 669 2709 μὴ
681 2663 781 2712 παρακούειν
792 2664 843 2700 αὐτοῦ
854 2667 888 2699 τῶν
898 2663 924 2699 ἐν·

586 2716 648 2753 τολῶν.
663 2715 685 2754 Π
700 2729 717 2766 3.
750 2718 779 2755 ἐὰν
792 2716 926 2767 παρακαόσωμεν

587 2772 620 2806 τῶν
636 2770 708 2808 ἐντολῶν
723 2773 779 2810 αὐτοῦ.
796 2771 813 2809 6.
853 2772 883 2809 τὰς
899 2771 925 2808 ἐν·

586 2824 638 2862 τολὰς
652 2827 682 2863 τοῦ
699 2827 763 2875 Κυρίου
778 2826 890 2875 φυλάξαντες.
906 2826 923 2863 8.

587 2881 706 2926 κεκοσμημένοι
722 2881 797 2920 ἐντολαῖς
810 2880 868 2927 Ἰησοῦ
883 2885 925 2929 Χρι-

588 2935 636 2970 στοῦ.
652 2932 694 2985 Ign.
707 2933 755 2985 Eph.
767 2946 784 2984 9.
813 2933 847 2971 κατ’
856 2934 926 2982 ἐντολὴν

587 2986 733 3036 συναθροίζεσθαι.
747 2988 812 3041 Magn.
823 3001 840 3036 4.
881 2989 925 3026 ῦπο-

587 3043 690 3088 τασσόμενοι
701 3046 724 3093 τῷ
737 3044 823 3094 ἐπισκόπιρ
834 3043 885 3090 ὣςτῇ
898 3043 924 3079 ἐν·
