<?xml version="1.0" encoding="UTF-8"?>
<!DOCTYPE html PUBLIC "-//W3C//DTD XHTML 1.0 Transitional//EN"
    "http://www.w3.org/TR/xhtml1/DTD/xhtml1-transitional.dtd">
<html xmlns="http://www.w3.org/1999/xhtml" xml:lang="en" lang="en">
 <head>
  <title>
</title>
<meta http-equiv="Content-Type" content="text/html;charset=utf-8" />
  <meta name='ocr-system' content='tesseract 3.04.00' />
  <meta name='ocr-capabilities' content='ocr_page ocr_carea ocr_par ocr_line ocrx_word'/>
</head>
<body>
  <div class='ocr_page' id='page_1' title='image "./MN41360ucmf_0/MN41360ucmf_0_0152.png"; bbox 0 0 2061 3403; ppageno 0'>
   <div class='ocr_carea' id='block_1_1' title="bbox 200 171 652 216">
    <p class='ocr_par' dir='ltr' id='par_1_1' title="bbox 200 171 652 216">
     <span class='ocr_line' id='line_1_1' title="bbox 200 171 652 216; baseline 0.007 -3"><span class='ocrx_word' id='word_1_1' title='bbox 200 171 229 214; x_wconf 81' lang='lat'>38</span> <span class='ocrx_word' id='word_1_2' title='bbox 446 172 467 215; x_wconf 85' lang='lat' dir='ltr'>S.</span> <span class='ocrx_word' id='word_1_3' title='bbox 479 171 652 216; x_wconf 76' lang='lat' dir='ltr'>GLEMENTIS</span> 
     </span>
    </p>
   </div>
   <div class='ocr_carea' id='block_1_2' title="bbox 147 286 935 1222">
    <p class='ocr_par' dir='ltr' id='par_1_2' title="bbox 199 286 922 776">
     <span class='ocr_line' id='line_1_2' title="bbox 200 286 899 360; baseline 0.004 -22"><span class='ocrx_word' id='word_1_4' title='bbox 200 307 249 343; x_wconf 91' lang='grc' dir='ltr'>νοις</span> <span class='ocrx_word' id='word_1_5' title='bbox 266 286 443 358; x_wconf 80' lang='grc' dir='ltr'>ἐπιστραφῆναι</span> <span class='ocrx_word' id='word_1_6' title='bbox 458 288 494 342; x_wconf 83' lang='grc' dir='ltr'>ἐπ’</span> <span class='ocrx_word' id='word_1_7' title='bbox 508 288 586 345; x_wconf 83' lang='grc' dir='ltr'>αὐτόν.</span> <span class='ocrx_word' id='word_1_8' title='bbox 625 292 681 344; x_wconf 80' lang='grc' dir='ltr'>Νῶε</span> <span class='ocrx_word' id='word_1_9' title='bbox 698 287 810 360; x_wconf 83' lang='grc' dir='ltr'>ἐκήρυξεν</span> <span class='ocrx_word' id='word_1_10' title='bbox 828 286 899 356; x_wconf 87' lang='grc' dir='ltr'>μετοί-</span> 
     </span>
     <span class='ocr_line' id='line_1_3' title="bbox 200 365 899 444; baseline 0.004 -19"><span class='ocrx_word' id='word_1_11' title='bbox 200 395 274 439; x_wconf 86' lang='grc' dir='ltr'>νοιαν,</span> <span class='ocrx_word' id='word_1_12' title='bbox 286 372 325 425; x_wconf 84' lang='grc' dir='ltr'>καὶ</span> <span class='ocrx_word' id='word_1_13' title='bbox 344 375 366 426; x_wconf 81' lang='grc' dir='ltr'>οἱ</span> <span class='ocrx_word' id='word_1_14' title='bbox 385 365 564 433; x_wconf 79' lang='grc' dir='ltr'>ὑπακούσαντες</span> <span class='ocrx_word' id='word_1_15' title='bbox 582 375 717 444; x_wconf 74' lang='grc' dir='ltr'>ἐσώθησαν.</span> <span class='ocrx_word' id='word_1_16' title='bbox 758 375 840 432; x_wconf 79' lang='grc' dir='ltr'>Ἰωνᾶς</span> <span class='ocrx_word' id='word_1_17' title='bbox 853 378 899 428; x_wconf 92' lang='grc' dir='ltr'>Νι-</span> 
     </span>
     <span class='ocr_line' id='line_1_4' title="bbox 200 457 902 534; baseline 0.011 -23"><span class='ocrx_word' id='word_1_18' title='bbox 200 457 298 515; x_wconf 83' lang='grc' dir='ltr'>νευΐταις</span> <span class='ocrx_word' id='word_1_19' title='bbox 310 457 483 534; x_wconf 82' lang='grc' dir='ltr'>καταστροφήν</span> <span class='ocrx_word' id='word_1_20' title='bbox 496 460 615 533; x_wconf 81' lang='grc' dir='ltr'>ἐκήρυξεν,</span> <span class='ocrx_word' id='word_1_21' title='bbox 631 465 653 517; x_wconf 87' lang='grc' dir='ltr'>οἱ</span> <span class='ocrx_word' id='word_1_22' title='bbox 672 461 697 515; x_wconf 83' lang='grc' dir='ltr'>δέ</span> <span class='ocrx_word' id='word_1_23' title='bbox 714 460 902 529; x_wconf 67' lang='grc' dir='ltr'>μετανοήσαντες</span> 
     </span>
     <span class='ocr_line' id='line_1_5' title="bbox 199 545 901 619; baseline 0.004 -22"><span class='ocrx_word' id='word_1_24' title='bbox 199 545 236 599; x_wconf 85' lang='grc' dir='ltr'>ἐπὶ</span> <span class='ocrx_word' id='word_1_25' title='bbox 257 548 305 602; x_wconf 83' lang='grc' dir='ltr'>τοῖς</span> <span class='ocrx_word' id='word_1_26' title='bbox 324 545 495 616; x_wconf 83' lang='grc' dir='ltr'>ἁμαρτήμασιν</span> <span class='ocrx_word' id='word_1_27' title='bbox 516 550 594 603; x_wconf 81' lang='grc' dir='ltr'>αὐτῶν</span> <span class='ocrx_word' id='word_1_28' title='bbox 612 547 758 619; x_wconf 79' lang='grc' dir='ltr'>ἐξιλάσαντο</span> <span class='ocrx_word' id='word_1_29' title='bbox 776 545 818 601; x_wconf 80' lang='grc' dir='ltr'>τὸν</span> <span class='ocrx_word' id='word_1_30' title='bbox 839 546 901 600; x_wconf 84' lang='grc' dir='ltr'>Θεὸν</span> 
     </span>
     <span class='ocr_line' id='line_1_6' title="bbox 200 629 922 707; baseline 0.004 -24"><span class='ocrx_word' id='word_1_31' title='bbox 200 629 368 693; x_wconf 75' lang='grc' dir='ltr'>ἱκετεύσαντες,</span> <span class='ocrx_word' id='word_1_32' title='bbox 383 634 422 685; x_wconf 81' lang='grc' dir='ltr'>καὶ</span> <span class='ocrx_word' id='word_1_33' title='bbox 437 631 527 697; x_wconf 73' lang='grc' dir='ltr'>ἔλαβον</span> <span class='ocrx_word' id='word_1_34' title='bbox 539 637 669 705; x_wconf 83' lang='grc' dir='ltr'>σωτηρίαν,</span> <span class='ocrx_word' id='word_1_35' title='bbox 684 633 765 707; x_wconf 81' lang='grc' dir='ltr'>καίπερ</span> <span class='ocrx_word' id='word_1_36' title='bbox 777 631 922 703; x_wconf 68' lang='grc' dir='ltr'>ἁλλότριοι5</span> 
     </span>
     <span class='ocr_line' id='line_1_7' title="bbox 200 717 405 776; baseline 0.005 -5"><span class='ocrx_word' id='word_1_37' title='bbox 200 723 243 771; x_wconf 83' lang='grc' dir='ltr'>τοῦ</span> <span class='ocrx_word' id='word_1_38' title='bbox 256 721 319 771; x_wconf 81' lang='grc' dir='ltr'>Θεοῦ</span> <span class='ocrx_word' id='word_1_39' title='bbox 332 717 405 776; x_wconf 81' lang='grc' dir='ltr'>ὅντες.</span> 
     </span>
    </p>

    <p class='ocr_par' dir='ltr' id='par_1_3' title="bbox 147 801 935 1222">
     <span class='ocr_line' id='line_1_8' title="bbox 240 801 899 878; baseline 0.003 -22"><span class='ocrx_word' id='word_1_40' title='bbox 240 801 280 859; x_wconf 84' lang='lat' dir='ltr'>H&#39;.</span> <span class='ocrx_word' id='word_1_41' title='bbox 293 806 327 857; x_wconf 84' lang='grc' dir='ltr'>Οἱ</span> <span class='ocrx_word' id='word_1_42' title='bbox 339 807 473 874; x_wconf 81' lang='grc' dir='ltr'>λειτουργοὶ</span> <span class='ocrx_word' id='word_1_43' title='bbox 485 808 528 874; x_wconf 80' lang='grc' dir='ltr'>τῆς</span> <span class='ocrx_word' id='word_1_44' title='bbox 540 804 636 878; x_wconf 79' lang='grc' dir='ltr'>χάριτος</span> <span class='ocrx_word' id='word_1_45' title='bbox 648 811 690 861; x_wconf 87' lang='grc' dir='ltr'>τοῦ</span> <span class='ocrx_word' id='word_1_46' title='bbox 700 809 763 859; x_wconf 81' lang='grc' dir='ltr'>Θεοῦ</span> <span class='ocrx_word' id='word_1_47' title='bbox 773 804 812 858; x_wconf 79' lang='grc' dir='ltr'>διὰ</span> <span class='ocrx_word' id='word_1_48' title='bbox 822 804 899 858; x_wconf 81' lang='grc' dir='ltr'>Πνεύ-</span> 
     </span>
     <span class='ocr_line' id='line_1_9' title="bbox 200 889 901 962; baseline 0.001 -18"><span class='ocrx_word' id='word_1_49' title='bbox 200 913 276 957; x_wconf 90' lang='grc' dir='ltr'>ματος</span> <span class='ocrx_word' id='word_1_50' title='bbox 283 890 369 960; x_wconf 81' lang='grc' dir='ltr'>Ἃγίου</span> <span class='ocrx_word' id='word_1_51' title='bbox 380 895 433 962; x_wconf 85' lang='grc' dir='ltr'>περὶ</span> <span class='ocrx_word' id='word_1_52' title='bbox 442 893 566 960; x_wconf 80' lang='grc' dir='ltr'>μετανοίας</span> <span class='ocrx_word' id='word_1_53' title='bbox 575 892 709 961; x_wconf 80' lang='grc' dir='ltr'>ἐλάλησαν·</span> <span class='ocrx_word' id='word_1_54' title='bbox 723 894 762 946; x_wconf 83' lang='grc' dir='ltr'>καὶ</span> <span class='ocrx_word' id='word_1_55' title='bbox 774 889 845 948; x_wconf 79' lang='grc' dir='ltr'>αὐτὸς</span> <span class='ocrx_word' id='word_1_56' title='bbox 854 891 878 943; x_wconf 84' lang='grc' dir='ltr'>δέ</span> <span class='ocrx_word' id='word_1_57' title='bbox 888 893 901 945; x_wconf 87' lang='grc' dir='ltr'><strong>ὁ</strong></span> 
     </span>
     <span class='ocr_line' id='line_1_10' title="bbox 201 975 916 1050; baseline 0 -20"><span class='ocrx_word' id='word_1_58' title='bbox 201 975 331 1045; x_wconf 80' lang='grc' dir='ltr'>Δεσπότης</span> <span class='ocrx_word' id='word_1_59' title='bbox 339 982 387 1032; x_wconf 84' lang='grc' dir='ltr'>τῶν</span> <span class='ocrx_word' id='word_1_60' title='bbox 396 977 509 1033; x_wconf 82' lang='grc' dir='ltr'>ἁπάντων</span> <span class='ocrx_word' id='word_1_61' title='bbox 521 981 574 1050; x_wconf 83' lang='grc' dir='ltr'>περὶ</span> <span class='ocrx_word' id='word_1_62' title='bbox 586 978 709 1047; x_wconf 84' lang='grc' dir='ltr'>μετανοίας</span> <span class='ocrx_word' id='word_1_63' title='bbox 721 976 842 1046; x_wconf 86' lang='grc' dir='ltr'>ε’λιίλησεν</span> <span class='ocrx_word' id='word_1_64' title='bbox 849 977 899 1044; x_wconf 63' lang='grc' dir='ltr'>μεθ</span> <span class='ocrx_word' id='word_1_65' title='bbox 911 979 916 984; x_wconf 70' lang='grc'><em>’</em></span> 
     </span>
     <span class='ocr_line' id='line_1_11' title="bbox 201 1062 935 1136; baseline -0.003 -19"><span class='ocrx_word' id='word_1_66' title='bbox 201 1063 281 1134; x_wconf 77' lang='grc' dir='ltr'>ὅρκου·</span> <span class='ocrx_word' id='word_1_67' title='bbox 296 1072 310 1096; x_wconf 90' lang='grc'><strong>“</strong></span> <span class='ocrx_word' id='word_1_68' title='bbox 320 1068 360 1118; x_wconf 83' lang='grc' dir='ltr'>Ζῶ</span> <span class='ocrx_word' id='word_1_69' title='bbox 373 1063 422 1135; x_wconf 79' lang='grc' dir='ltr'>γὰρ</span> <span class='ocrx_word' id='word_1_70' title='bbox 433 1062 488 1134; x_wconf 77' lang='grc' dir='ltr'>ἐγὼ,</span> <span class='ocrx_word' id='word_1_71' title='bbox 502 1064 565 1134; x_wconf 78' lang='grc' dir='ltr'>λε’γει</span> <span class='ocrx_word' id='word_1_72' title='bbox 580 1064 674 1136; x_wconf 79' lang='grc' dir='ltr'>Κύριος,</span> <span class='ocrx_word' id='word_1_73' title='bbox 687 1066 714 1118; x_wconf 86' lang='grc' dir='ltr'>οὐ</span> <span class='ocrx_word' id='word_1_74' title='bbox 726 1062 846 1130; x_wconf 76' lang='grc' dir='ltr'>βούλομαι</span> <span class='ocrx_word' id='word_1_75' title='bbox 858 1062 900 1117; x_wconf 86' lang='grc' dir='ltr'>τὸν</span> <span class='ocrx_word' id='word_1_76' title='bbox 911 1088 935 1114; x_wconf 89' lang='lat'>10</span> 
     </span>
     <span class='ocr_line' id='line_1_12' title="bbox 147 1149 899 1222; baseline 0.001 -19"><span class='ocrx_word' id='word_1_77' title='bbox 147 1198 148 1202; x_wconf 73' lang='grc'>,</span> <span class='ocrx_word' id='word_1_78' title='bbox 202 1157 216 1183; x_wconf 84' lang='grc'><strong>“</strong></span> <span class='ocrx_word' id='word_1_79' title='bbox 228 1149 332 1204; x_wconf 78' lang='grc' dir='ltr'>θάνατον</span> <span class='ocrx_word' id='word_1_80' title='bbox 343 1156 385 1205; x_wconf 86' lang='grc' dir='ltr'>τοῦ</span> <span class='ocrx_word' id='word_1_81' title='bbox 397 1152 550 1222; x_wconf 82' lang='grc' dir='ltr'>ἁμαρτωλοῦ,</span> <span class='ocrx_word' id='word_1_82' title='bbox 560 1153 593 1208; x_wconf 79' lang='grc' dir='ltr'>ὡς</span> <span class='ocrx_word' id='word_1_83' title='bbox 601 1149 645 1218; x_wconf 80' lang='grc' dir='ltr'>τὴν</span> <span class='ocrx_word' id='word_1_84' title='bbox 654 1149 801 1218; x_wconf 81' lang='grc' dir='ltr'>μετάνοιαν·”</span> <span class='ocrx_word' id='word_1_85' title='bbox 820 1173 899 1220; x_wconf 87' lang='grc' dir='ltr'>προσ-</span> 
     </span>
    </p>
   </div>
   <div class='ocr_carea' id='block_1_3' title="bbox 200 1234 899 1305">
    <p class='ocr_par' dir='ltr' id='par_1_4' title="bbox 200 1234 899 1305">
     <span class='ocr_line' id='line_1_13' title="bbox 200 1234 899 1305; baseline -0.001 -15"><span class='ocrx_word' id='word_1_86' title='bbox 200 1238 271 1295; x_wconf 81' lang='grc' dir='ltr'>τιθεὶς</span> <span class='ocrx_word' id='word_1_87' title='bbox 282 1238 320 1290; x_wconf 85' lang='grc' dir='ltr'>καὶ</span> <span class='ocrx_word' id='word_1_88' title='bbox 333 1236 432 1305; x_wconf 82' lang='grc' dir='ltr'>γνώμην</span> <span class='ocrx_word' id='word_1_89' title='bbox 444 1236 546 1305; x_wconf 80' lang='grc' dir='ltr'>ἀγαθήν,</span> <span class='ocrx_word' id='word_1_90' title='bbox 562 1245 576 1270; x_wconf 84' lang='grc'><strong><em>“</em></strong></span> <span class='ocrx_word' id='word_1_91' title='bbox 585 1236 764 1305; x_wconf 87' lang='grc' dir='ltr'>Μετανοήσατε,</span> <span class='ocrx_word' id='word_1_92' title='bbox 774 1234 836 1293; x_wconf 78' lang='grc' dir='ltr'>οἶκος</span> <span class='ocrx_word' id='word_1_93' title='bbox 847 1236 899 1290; x_wconf 90' lang='grc' dir='ltr'>Ἰσ-</span> 
     </span>
    </p>
   </div>
   <div class='ocr_carea' id='block_1_4' title="bbox 200 1320 901 1479">
    <p class='ocr_par' dir='ltr' id='par_1_5' title="bbox 200 1320 901 1479">
     <span class='ocr_line' id='line_1_14' title="bbox 201 1320 901 1394; baseline 0.003 -20"><span class='ocrx_word' id='word_1_94' title='bbox 201 1329 215 1355; x_wconf 82' lang='lat'><strong>“</strong></span> <span class='ocrx_word' id='word_1_95' title='bbox 226 1320 299 1392; x_wconf 82' lang='grc' dir='ltr'>ραήλ,</span> <span class='ocrx_word' id='word_1_96' title='bbox 314 1321 361 1376; x_wconf 80' lang='grc' dir='ltr'>ἀπὸ</span> <span class='ocrx_word' id='word_1_97' title='bbox 373 1325 417 1390; x_wconf 77' lang='grc' dir='ltr'>τῆς</span> <span class='ocrx_word' id='word_1_98' title='bbox 427 1322 526 1394; x_wconf 81' lang='grc' dir='ltr'>ἀνομίας</span> <span class='ocrx_word' id='word_1_99' title='bbox 537 1324 610 1390; x_wconf 81' lang='grc' dir='ltr'>ὑμῶν.</span> <span class='ocrx_word' id='word_1_100' title='bbox 639 1320 716 1377; x_wconf 82' lang='grc' dir='ltr'>Εἶπον</span> <span class='ocrx_word' id='word_1_101' title='bbox 728 1328 777 1380; x_wconf 88' lang='grc' dir='ltr'>τοῖς</span> <span class='ocrx_word' id='word_1_102' title='bbox 790 1326 847 1380; x_wconf 76' lang='grc' dir='ltr'>υἱοῖς</span> <span class='ocrx_word' id='word_1_103' title='bbox 858 1329 901 1377; x_wconf 83' lang='grc' dir='ltr'>τοῦ</span> 
     </span>
     <span class='ocr_line' id='line_1_15' title="bbox 200 1407 901 1479; baseline 0.006 -17"><span class='ocrx_word' id='word_1_104' title='bbox 200 1416 215 1441; x_wconf 84' lang='grc'><strong>“</strong></span> <span class='ocrx_word' id='word_1_105' title='bbox 227 1414 288 1463; x_wconf 80' lang='grc' dir='ltr'>λαοῦ</span> <span class='ocrx_word' id='word_1_106' title='bbox 299 1407 411 1476; x_wconf 73' lang='grc' dir='ltr'>μου,,εόὶν</span> <span class='ocrx_word' id='word_1_107' title='bbox 424 1407 485 1462; x_wconf 67' lang='grc' dir='ltr'>οἷσιν</span> <span class='ocrx_word' id='word_1_108' title='bbox 497 1411 521 1461; x_wconf 83' lang='grc' dir='ltr'>αὶ</span> <span class='ocrx_word' id='word_1_109' title='bbox 537 1409 649 1479; x_wconf 87' lang='grc' dir='ltr'>ἁμαρτίαι</span> <span class='ocrx_word' id='word_1_110' title='bbox 663 1410 729 1476; x_wconf 80' lang='grc' dir='ltr'>ὑμῶν</span> <span class='ocrx_word' id='word_1_111' title='bbox 741 1408 789 1463; x_wconf 81' lang='grc' dir='ltr'>ἀπὸ</span> <span class='ocrx_word' id='word_1_112' title='bbox 801 1411 843 1475; x_wconf 80' lang='grc' dir='ltr'>τῆς</span> <span class='ocrx_word' id='word_1_113' title='bbox 855 1411 901 1477; x_wconf 72' lang='grc' dir='ltr'>γῆς</span> 
     </span>
    </p>
   </div>
   <div class='ocr_carea' id='block_1_5' title="bbox 200 1493 935 1566">
    <p class='ocr_par' dir='ltr' id='par_1_6' title="bbox 200 1493 935 1566">
     <span class='ocr_line' id='line_1_16' title="bbox 200 1493 935 1566; baseline -0.001 -18"><span class='ocrx_word' id='word_1_114' title='bbox 200 1502 215 1527; x_wconf 86' lang='grc'><strong>“</strong></span> <span class='ocrx_word' id='word_1_115' title='bbox 227 1495 270 1553; x_wconf 81' lang='grc' dir='ltr'>ἕως</span> <span class='ocrx_word' id='word_1_116' title='bbox 286 1501 329 1549; x_wconf 84' lang='grc' dir='ltr'>τοῦ</span> <span class='ocrx_word' id='word_1_117' title='bbox 345 1496 456 1566; x_wconf 83' lang='grc' dir='ltr'>οὐρανοῦ,</span> <span class='ocrx_word' id='word_1_118' title='bbox 471 1496 510 1548; x_wconf 82' lang='grc' dir='ltr'>καὶ</span> <span class='ocrx_word' id='word_1_119' title='bbox 525 1494 566 1549; x_wconf 79' lang='grc' dir='ltr'>ἐὰν</span> <span class='ocrx_word' id='word_1_120' title='bbox 578 1493 640 1549; x_wconf 69' lang='grc' dir='ltr'>οἷσιν</span> <span class='ocrx_word' id='word_1_121' title='bbox 651 1493 793 1566; x_wconf 81' lang='grc' dir='ltr'>πυρρότεραι</span> <span class='ocrx_word' id='word_1_122' title='bbox 805 1494 899 1562; x_wconf 87' lang='grc' dir='ltr'>κόκκου,</span> <span class='ocrx_word' id='word_1_123' title='bbox 912 1517 935 1558; x_wconf 86' lang='lat'>15</span> 
     </span>
    </p>
   </div>
   <div class='ocr_carea' id='block_1_6' title="bbox 199 1630 954 3004">
    <p class='ocr_par' dir='ltr' id='par_1_7' title="bbox 199 1630 901 1789">
     <span class='ocr_line' id='line_1_17' title="bbox 199 1630 900 1682; baseline 0.001 -14"><span class='ocrx_word' id='word_1_124' title='bbox 199 1632 252 1669; x_wconf 77' lang='grc' dir='ltr'>αὐτόν</span> <span class='ocrx_word' id='word_1_125' title='bbox 266 1633 332 1682; x_wconf 76' lang='lat' dir='ltr'>aperte</span> <span class='ocrx_word' id='word_1_126' title='bbox 346 1630 474 1670; x_wconf 71' lang='lat' dir='ltr'><strong>contrariatur</strong></span> <span class='ocrx_word' id='word_1_127' title='bbox 493 1630 537 1671; x_wconf 84' lang='lat' dir='ltr'>doe·</span> <span class='ocrx_word' id='word_1_128' title='bbox 564 1631 653 1680; x_wconf 78' lang='lat' dir='ltr'>Hermas,</span> <span class='ocrx_word' id='word_1_129' title='bbox 663 1630 713 1670; x_wconf 81' lang='lat' dir='ltr'>Past.</span> <span class='ocrx_word' id='word_1_130' title='bbox 724 1631 758 1669; x_wconf 91' lang='grc' dir='ltr'>ΠΙ</span> <span class='ocrx_word' id='word_1_131' title='bbox 768 1630 789 1670; x_wconf 83' lang='lat' dir='ltr'>ix</span> <span class='ocrx_word' id='word_1_132' title='bbox 800 1643 831 1682; x_wconf 85' lang='lat'>23,</span> <span class='ocrx_word' id='word_1_133' title='bbox 841 1632 853 1652; x_wconf 88' lang='lat'>“</span> <span class='ocrx_word' id='word_1_134' title='bbox 859 1630 900 1670; x_wconf 90' lang='lat' dir='ltr'>Do-</span> 
     </span>
     <span class='ocr_line' id='line_1_18' title="bbox 199 1684 901 1737; baseline 0.001 -13"><span class='ocrx_word' id='word_1_135' title='bbox 199 1684 263 1725; x_wconf 82' lang='lat' dir='ltr'>trinae</span> <span class='ocrx_word' id='word_1_136' title='bbox 276 1685 300 1725; x_wconf 82' lang='lat' dir='ltr'>de</span> <span class='ocrx_word' id='word_1_137' title='bbox 314 1685 406 1725; x_wconf 73' lang='lat' dir='ltr'>electione</span> <span class='ocrx_word' id='word_1_138' title='bbox 418 1690 438 1725; x_wconf 85' lang='lat' dir='ltr'>et</span> <span class='ocrx_word' id='word_1_139' title='bbox 446 1686 536 1737; x_wconf 82' lang='lat' dir='ltr'>reproba·</span> <span class='ocrx_word' id='word_1_140' title='bbox 565 1689 577 1708; x_wconf 83' lang='lat'>“</span> <span class='ocrx_word' id='word_1_141' title='bbox 585 1686 649 1726; x_wconf 82' lang='lat' dir='ltr'>minus</span> <span class='ocrx_word' id='word_1_142' title='bbox 665 1691 730 1725; x_wconf 88' lang='lat' dir='ltr'>noster</span> <span class='ocrx_word' id='word_1_143' title='bbox 745 1686 778 1737; x_wconf 91' lang='lat' dir='ltr'>qui</span> <span class='ocrx_word' id='word_1_144' title='bbox 790 1685 901 1726; x_wconf 75' lang='lat' dir='ltr'>dominatur</span> 
     </span>
     <span class='ocr_line' id='line_1_19' title="bbox 200 1740 762 1789; baseline -0.002 -9"><span class='ocrx_word' id='word_1_145' title='bbox 200 1740 254 1780; x_wconf 82' lang='lat' dir='ltr'>tione</span> <span class='ocrx_word' id='word_1_146' title='bbox 267 1740 360 1789; x_wconf 76' lang='lat' dir='ltr'>absolute,</span> <span class='ocrx_word' id='word_1_147' title='bbox 369 1741 400 1779; x_wconf 85' lang='lat' dir='ltr'>eui</span> <span class='ocrx_word' id='word_1_148' title='bbox 408 1740 484 1781; x_wconf 74' lang='lat' dir='ltr'>favebat</span> <span class='ocrx_word' id='word_1_149' title='bbox 494 1740 537 1780; x_wconf 76' lang='lat' dir='ltr'>Gal·</span> <span class='ocrx_word' id='word_1_150' title='bbox 564 1745 575 1764; x_wconf 87' lang='lat'><strong>“</strong></span> <span class='ocrx_word' id='word_1_151' title='bbox 585 1742 671 1781; x_wconf 88' lang='lat' dir='ltr'>omnium</span> <span class='ocrx_word' id='word_1_152' title='bbox 680 1740 762 1780; x_wconf 87' lang='lat' dir='ltr'>rerum.”</span> 
     </span>
    </p>

    <p class='ocr_par' dir='ltr' id='par_1_8' title="bbox 199 1793 901 1849">
     <span class='ocr_line' id='line_1_20' title="bbox 199 1793 901 1849; baseline 0 -14"><span class='ocrx_word' id='word_1_153' title='bbox 199 1795 241 1836; x_wconf 87' lang='lat' dir='ltr'>vini</span> <span class='ocrx_word' id='word_1_154' title='bbox 250 1794 351 1835; x_wconf 72' lang='lat' dir='ltr'>studiosus.</span> <span class='ocrx_word' id='word_1_155' title='bbox 362 1795 444 1835; x_wconf 79' lang='lat' dir='ltr'>WOTT.</span> <span class='ocrx_word' id='word_1_156' title='bbox 593 1809 622 1836; x_wconf 86' lang='lat'>10.</span> <span class='ocrx_word' id='word_1_157' title='bbox 635 1801 662 1834; x_wconf 81' lang='grc' dir='ltr'>Ζῶ</span> <span class='ocrx_word' id='word_1_158' title='bbox 673 1798 707 1847; x_wconf 70' lang='grc' dir='ltr'>γὰρ</span> <span class='ocrx_word' id='word_1_159' title='bbox 722 1793 764 1849; x_wconf 78' lang='grc' dir='ltr'>ἐγὼ]</span> <span class='ocrx_word' id='word_1_160' title='bbox 779 1796 833 1835; x_wconf 80' lang='lat' dir='ltr'>Haec</span> <span class='ocrx_word' id='word_1_161' title='bbox 842 1796 901 1835; x_wconf 79' lang='lat' dir='ltr'>verba</span> 
     </span>
    </p>

    <p class='ocr_par' dir='ltr' id='par_1_9' title="bbox 200 1850 904 2559">
     <span class='ocr_line' id='line_1_21' title="bbox 231 1850 900 1901; baseline 0.001 -12"><span class='ocrx_word' id='word_1_162' title='bbox 231 1864 247 1889; x_wconf 86' lang='grc' dir='ltr'>Ι.</span> <span class='ocrx_word' id='word_1_163' title='bbox 256 1850 380 1900; x_wconf 79' lang='grc' dir='ltr'>Νῶεέκήρυξεν</span> <span class='ocrx_word' id='word_1_164' title='bbox 386 1851 481 1901; x_wconf 80' lang='grc' dir='ltr'>μετάνοιαν]</span> <span class='ocrx_word' id='word_1_165' title='bbox 492 1850 537 1889; x_wconf 81' lang='lat' dir='ltr'>Hll·</span> <span class='ocrx_word' id='word_1_166' title='bbox 565 1851 649 1891; x_wconf 75' lang='lat' dir='ltr'>citantur</span> <span class='ocrx_word' id='word_1_167' title='bbox 667 1864 692 1890; x_wconf 75' lang='lat' dir='ltr'>ex</span> <span class='ocrx_word' id='word_1_168' title='bbox 707 1851 775 1890; x_wconf 80' lang='lat' dir='ltr'>Ezech.</span> <span class='ocrx_word' id='word_1_169' title='bbox 790 1850 853 1890; x_wconf 76' lang='lat' dir='ltr'><strong>xxxiii</strong></span> <span class='ocrx_word' id='word_1_170' title='bbox 870 1864 900 1901; x_wconf 84' lang='lat'>11,</span> 
     </span>
     <span class='ocr_line' id='line_1_22' title="bbox 200 1905 901 1959; baseline 0 -14"><span class='ocrx_word' id='word_1_171' title='bbox 200 1905 307 1959; x_wconf 83' lang='lat' dir='ltr'>genfeldius</span> <span class='ocrx_word' id='word_1_172' title='bbox 316 1910 387 1953; x_wconf 87' lang='lat' dir='ltr'>monet,</span> <span class='ocrx_word' id='word_1_173' title='bbox 394 1905 463 1955; x_wconf 80' lang='lat' dir='ltr'>Noem,</span> <span class='ocrx_word' id='word_1_174' title='bbox 472 1919 538 1945; x_wconf 82' lang='lat' dir='ltr'>seeun-</span> <span class='ocrx_word' id='word_1_175' title='bbox 565 1907 646 1946; x_wconf 83' lang='lat' dir='ltr'>sednon</span> <span class='ocrx_word' id='word_1_176' title='bbox 655 1907 755 1953; x_wconf 71' lang='grc' dir='ltr'>αὐτολεξείτ</span> <span class='ocrx_word' id='word_1_177' title='bbox 768 1905 840 1945; x_wconf 79' lang='lat' dir='ltr'>habent</span> <span class='ocrx_word' id='word_1_178' title='bbox 849 1906 901 1945; x_wconf 89' lang='lat' dir='ltr'>enim</span> 
     </span>
     <span class='ocr_line' id='line_1_23' title="bbox 201 1960 904 2012; baseline -0.001 -12"><span class='ocrx_word' id='word_1_179' title='bbox 201 1961 248 2000; x_wconf 86' lang='lat' dir='ltr'>dum</span> <span class='ocrx_word' id='word_1_180' title='bbox 265 1960 348 2000; x_wconf 77' lang='lat' dir='ltr'>Orneula</span> <span class='ocrx_word' id='word_1_181' title='bbox 363 1960 462 2012; x_wconf 79' lang='lat' dir='ltr'>Sibyllina,</span> <span class='ocrx_word' id='word_1_182' title='bbox 477 1960 484 1998; x_wconf 90' lang='lat' dir='ltr'>i</span> <span class='ocrx_word' id='word_1_183' title='bbox 501 1970 537 2011; x_wconf 85' lang='lat'>135</span> <span class='ocrx_word' id='word_1_184' title='bbox 565 1961 620 2000; x_wconf 88' lang='lat' dir='ltr'>LXX</span> <span class='ocrx_word' id='word_1_185' title='bbox 634 1960 681 2000; x_wconf 84' lang='lat' dir='ltr'>Intt.</span> <span class='ocrx_word' id='word_1_186' title='bbox 699 1966 725 1998; x_wconf 83' lang='grc' dir='ltr'>Ζῶ</span> <span class='ocrx_word' id='word_1_187' title='bbox 737 1962 776 2011; x_wconf 71' lang='grc' dir='ltr'>ἐγὼ,</span> <span class='ocrx_word' id='word_1_188' title='bbox 787 1963 835 2012; x_wconf 80' lang='grc' dir='ltr'>λέγει</span> <span class='ocrx_word' id='word_1_189' title='bbox 848 1961 904 1999; x_wconf 69' lang='grc' dir='ltr'>Ἄδα,</span> 
     </span>
     <span class='ocr_line' id='line_1_24' title="bbox 200 2014 900 2068; baseline -0.003 -13"><span class='ocrx_word' id='word_1_190' title='bbox 200 2029 228 2068; x_wconf 81' lang='lat' dir='ltr'>sq.</span> <span class='ocrx_word' id='word_1_191' title='bbox 239 2020 343 2067; x_wconf 79' lang='lat' dir='ltr'>antequam</span> <span class='ocrx_word' id='word_1_192' title='bbox 352 2015 372 2053; x_wconf 91' lang='lat' dir='ltr'>in</span> <span class='ocrx_word' id='word_1_193' title='bbox 378 2029 443 2054; x_wconf 79' lang='lat' dir='ltr'>ercam</span> <span class='ocrx_word' id='word_1_194' title='bbox 452 2015 538 2065; x_wconf 78' lang='lat' dir='ltr'>intraret,</span> <span class='ocrx_word' id='word_1_195' title='bbox 565 2019 592 2054; x_wconf 83' lang='grc' dir='ltr'>ναὶ</span> <span class='ocrx_word' id='word_1_196' title='bbox 609 2016 671 2066; x_wconf 75' lang='grc' dir='ltr'>Κύριος</span> <span class='ocrx_word' id='word_1_197' title='bbox 682 2044 686 2054; x_wconf 94' lang='grc'><strong>.</strong></span> <span class='ocrx_word' id='word_1_198' title='bbox 698 2044 702 2053; x_wconf 95' lang='grc'>.</span> <span class='ocrx_word' id='word_1_199' title='bbox 713 2045 718 2054; x_wconf 90' lang='grc'><strong><em>.</em></strong></span> <span class='ocrx_word' id='word_1_200' title='bbox 728 2015 770 2055; x_wconf 77' lang='lat' dir='ltr'>MS.</span> <span class='ocrx_word' id='word_1_201' title='bbox 781 2015 836 2055; x_wconf 85' lang='lat' dir='ltr'>Alex.</span> <span class='ocrx_word' id='word_1_202' title='bbox 865 2014 900 2068; x_wconf 73' lang='grc' dir='ltr'>(Ζῶ</span> 
     </span>
     <span class='ocr_line' id='line_1_25' title="bbox 200 2070 899 2122; baseline 0 -12"><span class='ocrx_word' id='word_1_203' title='bbox 200 2071 288 2110; x_wconf 78' lang='lat' dir='ltr'>homines</span> <span class='ocrx_word' id='word_1_204' title='bbox 306 2070 332 2108; x_wconf 81' lang='lat' dir='ltr'>ad</span> <span class='ocrx_word' id='word_1_205' title='bbox 350 2070 489 2122; x_wconf 79' lang='lat' dir='ltr'>poenitentiam</span> <span class='ocrx_word' id='word_1_206' title='bbox 508 2084 538 2109; x_wconf 85' lang='lat' dir='ltr'>re·</span> <span class='ocrx_word' id='word_1_207' title='bbox 565 2072 604 2121; x_wconf 73' lang='grc' dir='ltr'>ἐγὼ,</span> <span class='ocrx_word' id='word_1_208' title='bbox 623 2072 663 2109; x_wconf 77' lang='grc' dir='ltr'>τάδε</span> <span class='ocrx_word' id='word_1_209' title='bbox 678 2070 726 2121; x_wconf 77' lang='grc' dir='ltr'>λέγει</span> <span class='ocrx_word' id='word_1_210' title='bbox 740 2070 830 2121; x_wconf 77' lang='grc' dir='ltr'>Κύριος..</span> <span class='ocrx_word' id='word_1_211' title='bbox 857 2070 899 2111; x_wconf 75' lang='lat' dir='ltr'>MS.</span> 
     </span>
     <span class='ocr_line' id='line_1_26' title="bbox 200 2124 901 2176; baseline 0 -11"><span class='ocrx_word' id='word_1_212' title='bbox 200 2139 278 2166; x_wconf 77' lang='lat' dir='ltr'>vocasse</span> <span class='ocrx_word' id='word_1_213' title='bbox 285 2138 291 2174; x_wconf 74' lang='lat'>5</span> <span class='ocrx_word' id='word_1_214' title='bbox 305 2129 325 2164; x_wconf 90' lang='lat' dir='ltr'>et</span> <span class='ocrx_word' id='word_1_215' title='bbox 334 2125 385 2164; x_wconf 87' lang='lat' dir='ltr'>hune</span> <span class='ocrx_word' id='word_1_216' title='bbox 394 2125 458 2164; x_wconf 80' lang='lat' dir='ltr'>locum</span> <span class='ocrx_word' id='word_1_217' title='bbox 466 2124 539 2165; x_wconf 77' lang='lat' dir='ltr'>indicat</span> <span class='ocrx_word' id='word_1_218' title='bbox 565 2125 609 2166; x_wconf 82' lang='lat' dir='ltr'>Vnt.</span> <span class='ocrx_word' id='word_1_219' title='bbox 638 2129 664 2162; x_wconf 80' lang='grc' dir='ltr'>Ζῶ</span> <span class='ocrx_word' id='word_1_220' title='bbox 680 2126 719 2175; x_wconf 78' lang='grc' dir='ltr'>ἐγὼ,</span> <span class='ocrx_word' id='word_1_221' title='bbox 732 2126 779 2176; x_wconf 81' lang='grc' dir='ltr'>λέγει</span> <span class='ocrx_word' id='word_1_222' title='bbox 793 2126 855 2175; x_wconf 76' lang='grc' dir='ltr'>Κίριος</span> <span class='ocrx_word' id='word_1_223' title='bbox 866 2127 901 2164; x_wconf 77' lang='grc' dir='ltr'>Κύ-</span> 
     </span>
     <span class='ocr_line' id='line_1_27' title="bbox 200 2178 900 2234; baseline -0.003 -14"><span class='ocrx_word' id='word_1_224' title='bbox 200 2179 327 2232; x_wconf 82' lang='lat' dir='ltr'>eTheophilo</span> <span class='ocrx_word' id='word_1_225' title='bbox 340 2179 430 2219; x_wconf 83' lang='lat' dir='ltr'>Antioeh.</span> <span class='ocrx_word' id='word_1_226' title='bbox 442 2179 466 2219; x_wconf 80' lang='lat' dir='ltr'>nd</span> <span class='ocrx_word' id='word_1_227' title='bbox 475 2179 537 2219; x_wconf 85' lang='lat' dir='ltr'>Auto-</span> <span class='ocrx_word' id='word_1_228' title='bbox 565 2196 601 2230; x_wconf 81' lang='grc' dir='ltr'>μσς</span> <span class='ocrx_word' id='word_1_229' title='bbox 611 2209 615 2219; x_wconf 97' lang='grc'>.</span> <span class='ocrx_word' id='word_1_230' title='bbox 627 2209 631 2219; x_wconf 93' lang='grc'>.</span> <span class='ocrx_word' id='word_1_231' title='bbox 643 2179 688 2219; x_wconf 50' lang='lat' dir='ltr'>fed.</span> <span class='ocrx_word' id='word_1_232' title='bbox 705 2178 810 2234; x_wconf 76' lang='lat' dir='ltr'>Oomplut.)</span> <span class='ocrx_word' id='word_1_233' title='bbox 824 2182 844 2218; x_wconf 82' lang='grc' dir='ltr'>οὐ</span> <span class='ocrx_word' id='word_1_234' title='bbox 858 2181 900 2227; x_wconf 73' lang='grc' dir='ltr'>βοί-</span> 
     </span>
     <span class='ocr_line' id='line_1_28' title="bbox 201 2234 899 2288; baseline -0.001 -14"><span class='ocrx_word' id='word_1_235' title='bbox 201 2237 272 2288; x_wconf 79' lang='lat' dir='ltr'>lycum,</span> <span class='ocrx_word' id='word_1_236' title='bbox 281 2234 302 2273; x_wconf 73' lang='lat' dir='ltr'>ill</span> <span class='ocrx_word' id='word_1_237' title='bbox 314 2248 352 2285; x_wconf 69' lang='lat'>195</span> <span class='ocrx_word' id='word_1_238' title='bbox 365 2237 387 2274; x_wconf 79' lang='grc' dir='ltr'>ὣς</span> <span class='ocrx_word' id='word_1_239' title='bbox 397 2240 436 2272; x_wconf 82' lang='grc' dir='ltr'>Νῶε</span> <span class='ocrx_word' id='word_1_240' title='bbox 445 2238 538 2284; x_wconf 79' lang='grc' dir='ltr'>κατογγέλ-</span> <span class='ocrx_word' id='word_1_241' title='bbox 564 2238 616 2284; x_wconf 89' lang='grc' dir='ltr'>λομαι</span> <span class='ocrx_word' id='word_1_242' title='bbox 629 2236 659 2273; x_wconf 85' lang='grc' dir='ltr'>τὸν</span> <span class='ocrx_word' id='word_1_243' title='bbox 667 2236 738 2273; x_wconf 82' lang='grc' dir='ltr'>θάνατον</span> <span class='ocrx_word' id='word_1_244' title='bbox 749 2240 779 2273; x_wconf 84' lang='grc' dir='ltr'>τοῦ</span> <span class='ocrx_word' id='word_1_245' title='bbox 793 2240 899 2286; x_wconf 80' lang='grc' dir='ltr'>ἁρκιρτωλαῦ,</span> 
     </span>
     <span class='ocr_line' id='line_1_29' title="bbox 201 2288 900 2344; baseline 0 -15"><span class='ocrx_word' id='word_1_246' title='bbox 201 2295 237 2329; x_wconf 84' lang='grc' dir='ltr'>λων</span> <span class='ocrx_word' id='word_1_247' title='bbox 253 2294 289 2330; x_wconf 80' lang='grc' dir='ltr'>τοῖς</span> <span class='ocrx_word' id='word_1_248' title='bbox 304 2292 344 2328; x_wconf 81' lang='grc' dir='ltr'>τότε</span> <span class='ocrx_word' id='word_1_249' title='bbox 361 2291 456 2339; x_wconf 76' lang='grc' dir='ltr'>ἀνθρώποις</span> <span class='ocrx_word' id='word_1_250' title='bbox 469 2289 538 2338; x_wconf 72' lang='grc' dir='ltr'>μελλειν</span> <span class='ocrx_word' id='word_1_251' title='bbox 565 2289 612 2329; x_wconf 69' lang='grc' dir='ltr'>(λαὶ.</span> <span class='ocrx_word' id='word_1_252' title='bbox 622 2289 677 2329; x_wconf 82' lang='lat' dir='ltr'>Alex.</span> <span class='ocrx_word' id='word_1_253' title='bbox 689 2288 772 2344; x_wconf 71' lang='grc' dir='ltr'>(ἀσεβοῦς</span> <span class='ocrx_word' id='word_1_254' title='bbox 780 2288 834 2343; x_wconf 71' lang='lat' dir='ltr'>Vnt.)</span> <span class='ocrx_word' id='word_1_255' title='bbox 845 2293 867 2330; x_wconf 79' lang='grc' dir='ltr'>ὡς</span> <span class='ocrx_word' id='word_1_256' title='bbox 880 2294 900 2329; x_wconf 80' lang='grc' dir='ltr'>τὸ</span> 
     </span>
     <span class='ocr_line' id='line_1_30' title="bbox 200 2344 900 2396; baseline 0.001 -12"><span class='ocrx_word' id='word_1_257' title='bbox 200 2347 320 2394; x_wconf 85' lang='grc' dir='ltr'>κατακλυσμὸν</span> <span class='ocrx_word' id='word_1_258' title='bbox 338 2346 415 2389; x_wconf 78' lang='grc' dir='ltr'>ἔσεσθαι,</span> <span class='ocrx_word' id='word_1_259' title='bbox 432 2344 538 2395; x_wconf 85' lang='grc' dir='ltr'>τροεφήτευ-</span> <span class='ocrx_word' id='word_1_260' title='bbox 564 2345 676 2396; x_wconf 74' lang='grc' dir='ltr'>ἀποστρέψαι</span> <span class='ocrx_word' id='word_1_261' title='bbox 697 2347 728 2383; x_wconf 83' lang='grc' dir='ltr'>τὸν</span> <span class='ocrx_word' id='word_1_262' title='bbox 744 2346 801 2394; x_wconf 75' lang='grc' dir='ltr'>ἀσεβῆ</span> <span class='ocrx_word' id='word_1_263' title='bbox 819 2347 853 2384; x_wconf 76' lang='grc' dir='ltr'>ἀπὸ</span> <span class='ocrx_word' id='word_1_264' title='bbox 871 2349 900 2394; x_wconf 78' lang='grc' dir='ltr'>τῆς</span> 
     </span>
     <span class='ocr_line' id='line_1_31' title="bbox 201 2401 901 2451; baseline -0.001 -11"><span class='ocrx_word' id='word_1_265' title='bbox 201 2417 233 2440; x_wconf 88' lang='grc' dir='ltr'>σεν</span> <span class='ocrx_word' id='word_1_266' title='bbox 253 2403 310 2440; x_wconf 75' lang='grc' dir='ltr'>αὐτοῖς</span> <span class='ocrx_word' id='word_1_267' title='bbox 332 2401 393 2450; x_wconf 80' lang='grc' dir='ltr'>λέγων,</span> <span class='ocrx_word' id='word_1_268' title='bbox 413 2404 471 2443; x_wconf 77' lang='grc' dir='ltr'>Δεῦτε,</span> <span class='ocrx_word' id='word_1_269' title='bbox 490 2402 538 2437; x_wconf 84' lang='grc' dir='ltr'>καλεῖ</span> <span class='ocrx_word' id='word_1_270' title='bbox 564 2401 604 2437; x_wconf 83' lang='grc' dir='ltr'>ὁδοῦ</span> <span class='ocrx_word' id='word_1_271' title='bbox 622 2401 674 2438; x_wconf 76' lang='grc' dir='ltr'>αὐτοῦ</span> <span class='ocrx_word' id='word_1_272' title='bbox 691 2403 721 2448; x_wconf 82' lang='grc' dir='ltr'>τῆς</span> <span class='ocrx_word' id='word_1_273' title='bbox 734 2404 813 2451; x_wconf 79' lang='grc' dir='ltr'>πονηρᾶς,</span> <span class='ocrx_word' id='word_1_274' title='bbox 829 2402 856 2438; x_wconf 80' lang='grc' dir='ltr'>καὶ</span> <span class='ocrx_word' id='word_1_275' title='bbox 872 2403 901 2448; x_wconf 80' lang='grc' dir='ltr'>ζῇν</span> 
     </span>
     <span class='ocr_line' id='line_1_32' title="bbox 200 2453 900 2507; baseline -0.001 -13"><span class='ocrx_word' id='word_1_276' title='bbox 200 2459 243 2506; x_wconf 75' lang='grc' dir='ltr'>ὑμᾶς</span> <span class='ocrx_word' id='word_1_277' title='bbox 257 2458 319 2495; x_wconf 84' lang='grc' dir='ltr'>ὁθεὸς</span> <span class='ocrx_word' id='word_1_278' title='bbox 333 2457 357 2495; x_wconf 82' lang='grc' dir='ltr'>εἷς</span> <span class='ocrx_word' id='word_1_279' title='bbox 369 2457 462 2504; x_wconf 79' lang='grc' dir='ltr'>μετάνοιαν·</span> <span class='ocrx_word' id='word_1_280' title='bbox 476 2455 503 2491; x_wconf 84' lang='grc' dir='ltr'>διὸ</span> <span class='ocrx_word' id='word_1_281' title='bbox 513 2455 537 2491; x_wconf 84' lang='grc' dir='ltr'>οἶ·</span> <span class='ocrx_word' id='word_1_282' title='bbox 565 2456 620 2493; x_wconf 82' lang='grc' dir='ltr'>αὐτόν,</span> <span class='ocrx_word' id='word_1_283' title='bbox 648 2453 700 2507; x_wconf 78' lang='lat' dir='ltr'>(Vat.</span> <span class='ocrx_word' id='word_1_284' title='bbox 716 2454 789 2495; x_wconf 83' lang='lat' dir='ltr'>omittit</span> <span class='ocrx_word' id='word_1_285' title='bbox 803 2458 833 2503; x_wconf 68' lang='grc' dir='ltr'>τῆς</span> <span class='ocrx_word' id='word_1_286' title='bbox 848 2472 900 2503; x_wconf 88' lang='grc' dir='ltr'>πονη-</span> 
     </span>
     <span class='ocr_line' id='line_1_33' title="bbox 200 2508 706 2559; baseline -0.004 -10"><span class='ocrx_word' id='word_1_287' title='bbox 200 2511 248 2551; x_wconf 81' lang='grc' dir='ltr'>κείως</span> <span class='ocrx_word' id='word_1_288' title='bbox 257 2511 354 2549; x_wconf 84' lang='grc' dir='ltr'>Δευκαλίων</span> <span class='ocrx_word' id='word_1_289' title='bbox 363 2510 432 2558; x_wconf 82' lang='grc' dir='ltr'>ἐκλήθη.</span> <span class='ocrx_word' id='word_1_290' title='bbox 564 2511 610 2559; x_wconf 77' lang='grc' dir='ltr'>ρᾶς.)</span> <span class='ocrx_word' id='word_1_291' title='bbox 624 2508 706 2549; x_wconf 77' lang='lat' dir='ltr'>WOTT.</span> 
     </span>
    </p>

    <p class='ocr_par' dir='ltr' id='par_1_10' title="bbox 200 2563 954 2783">
     <span class='ocr_line' id='line_1_34' title="bbox 229 2563 898 2615; baseline -0.001 -11"><span class='ocrx_word' id='word_1_292' title='bbox 229 2579 246 2606; x_wconf 74' lang='lat'>2.</span> <span class='ocrx_word' id='word_1_293' title='bbox 257 2569 283 2604; x_wconf 79' lang='grc' dir='ltr'>καλ</span> <span class='ocrx_word' id='word_1_294' title='bbox 297 2568 313 2603; x_wconf 81' lang='grc' dir='ltr'>οἶ</span> <span class='ocrx_word' id='word_1_295' title='bbox 327 2565 461 2615; x_wconf 70' lang='grc' dir='ltr'>ὑπακούσαντες]</span> <span class='ocrx_word' id='word_1_296' title='bbox 478 2563 538 2603; x_wconf 76' lang='lat' dir='ltr'>Deest</span> <span class='ocrx_word' id='word_1_297' title='bbox 594 2577 624 2603; x_wconf 80' lang='lat'>12.</span> <span class='ocrx_word' id='word_1_298' title='bbox 632 2564 757 2614; x_wconf 73' lang='grc' dir='ltr'>Μετανοήσατε,</span> <span class='ocrx_word' id='word_1_299' title='bbox 767 2564 811 2604; x_wconf 77' lang='grc' dir='ltr'>οἶκος</span> <span class='ocrx_word' id='word_1_300' title='bbox 818 2565 898 2615; x_wconf 81' lang='grc' dir='ltr'>Ἰσραὴλ]</span> 
     </span>
     <span class='ocr_line' id='line_1_35' title="bbox 200 2618 901 2672; baseline -0.003 -12"><span class='ocrx_word' id='word_1_301' title='bbox 200 2624 216 2659; x_wconf 79' lang='grc' dir='ltr'>οἱ</span> <span class='ocrx_word' id='word_1_302' title='bbox 229 2621 250 2660; x_wconf 89' lang='lat' dir='ltr'>in</span> <span class='ocrx_word' id='word_1_303' title='bbox 259 2621 313 2660; x_wconf 88' lang='lat' dir='ltr'>Libb.</span> <span class='ocrx_word' id='word_1_304' title='bbox 324 2620 381 2672; x_wconf 80' lang='lat' dir='ltr'><strong>impr.</strong></span> <span class='ocrx_word' id='word_1_305' title='bbox 392 2619 409 2658; x_wconf 82' lang='lat' dir='ltr'>si</span> <span class='ocrx_word' id='word_1_306' title='bbox 419 2619 479 2659; x_wconf 87' lang='lat' dir='ltr'>Wott.</span> <span class='ocrx_word' id='word_1_307' title='bbox 491 2618 537 2658; x_wconf 76' lang='lat' dir='ltr'>Gal·</span> <span class='ocrx_word' id='word_1_308' title='bbox 566 2618 620 2658; x_wconf 83' lang='grc' dir='ltr'>Ηαοο</span> <span class='ocrx_word' id='word_1_309' title='bbox 629 2622 648 2658; x_wconf 85' lang='lat' dir='ltr'>et</span> <span class='ocrx_word' id='word_1_310' title='bbox 658 2619 756 2670; x_wconf 82' lang='lat' dir='ltr'>sequentia</span> <span class='ocrx_word' id='word_1_311' title='bbox 763 2620 822 2659; x_wconf 75' lang='lat' dir='ltr'>verba</span> <span class='ocrx_word' id='word_1_312' title='bbox 832 2620 901 2659; x_wconf 82' lang='lat' dir='ltr'>nullibi</span> 
     </span>
     <span class='ocr_line' id='line_1_36' title="bbox 200 2673 954 2727; baseline -0.001 -12"><span class='ocrx_word' id='word_1_313' title='bbox 200 2676 250 2716; x_wconf 77' lang='lat' dir='ltr'>land.</span> <span class='ocrx_word' id='word_1_314' title='bbox 271 2675 421 2716; x_wconf 71' lang='lat' dir='ltr'>schoenemann.</span> <span class='ocrx_word' id='word_1_315' title='bbox 438 2673 503 2714; x_wconf 86' lang='lat' dir='ltr'>Hefel.</span> <span class='ocrx_word' id='word_1_316' title='bbox 519 2677 538 2713; x_wconf 89' lang='lat' dir='ltr'>et</span> <span class='ocrx_word' id='word_1_317' title='bbox 564 2673 659 2713; x_wconf 80' lang='lat' dir='ltr'>habentur</span> <span class='ocrx_word' id='word_1_318' title='bbox 677 2673 698 2712; x_wconf 90' lang='lat' dir='ltr'>in</span> <span class='ocrx_word' id='word_1_319' title='bbox 716 2673 778 2713; x_wconf 77' lang='lat' dir='ltr'><strong>Sacris</strong></span> <span class='ocrx_word' id='word_1_320' title='bbox 797 2674 900 2727; x_wconf 70' lang='lat' dir='ltr'>Scripturis</span> <span class='ocrx_word' id='word_1_321' title='bbox 952 2673 954 2677; x_wconf 76' lang='grc'><strong>’</strong></span> 
     </span>
     <span class='ocr_line' id='line_1_37' title="bbox 200 2728 899 2783; baseline -0.003 -12"><span class='ocrx_word' id='word_1_322' title='bbox 200 2730 417 2783; x_wconf 76' lang='lat' dir='ltr'>Dreseeliumexcipies.</span> <span class='ocrx_word' id='word_1_323' title='bbox 564 2729 647 2768; x_wconf 86' lang='lat' dir='ltr'>totidem</span> <span class='ocrx_word' id='word_1_324' title='bbox 669 2728 737 2768; x_wconf 80' lang='lat' dir='ltr'>verbis.</span> <span class='ocrx_word' id='word_1_325' title='bbox 771 2730 831 2769; x_wconf 77' lang='lat' dir='ltr'>Recta</span> <span class='ocrx_word' id='word_1_326' title='bbox 853 2743 899 2770; x_wconf 81' lang='lat' dir='ltr'>sane</span> 
     </span>
    </p>

    <p class='ocr_par' dir='ltr' id='par_1_11' title="bbox 200 2781 900 2937">
     <span class='ocr_line' id='line_1_38' title="bbox 228 2781 900 2838; baseline 0 -14"><span class='ocrx_word' id='word_1_327' title='bbox 228 2795 246 2837; x_wconf 84' lang='lat'>7.</span> <span class='ocrx_word' id='word_1_328' title='bbox 262 2789 283 2825; x_wconf 80' lang='grc' dir='ltr'>οἱ</span> <span class='ocrx_word' id='word_1_329' title='bbox 296 2789 391 2837; x_wconf 81' lang='grc' dir='ltr'>λειτουργοὶ</span> <span class='ocrx_word' id='word_1_330' title='bbox 401 2781 473 2838; x_wconf 61' lang='lat' dir='ltr'>mn]</span> <span class='ocrx_word' id='word_1_331' title='bbox 491 2783 538 2823; x_wconf 81' lang='lat' dir='ltr'>Pro-</span> <span class='ocrx_word' id='word_1_332' title='bbox 565 2783 642 2824; x_wconf 86' lang='lat' dir='ltr'>videtur</span> <span class='ocrx_word' id='word_1_333' title='bbox 660 2796 700 2822; x_wconf 80' lang='lat' dir='ltr'>esse</span> <span class='ocrx_word' id='word_1_334' title='bbox 719 2784 827 2837; x_wconf 79' lang='lat' dir='ltr'>conjecture</span> <span class='ocrx_word' id='word_1_335' title='bbox 844 2785 900 2824; x_wconf 84' lang='lat' dir='ltr'>Junii</span> 
     </span>
     <span class='ocr_line' id='line_1_39' title="bbox 200 2838 898 2893; baseline 0 -13"><span class='ocrx_word' id='word_1_336' title='bbox 200 2842 268 2893; x_wconf 82' lang='lat' dir='ltr'>phetas</span> <span class='ocrx_word' id='word_1_337' title='bbox 291 2841 368 2881; x_wconf 82' lang='lat' dir='ltr'>videtur</span> <span class='ocrx_word' id='word_1_338' title='bbox 394 2840 538 2892; x_wconf 73' lang='lat' dir='ltr'>intelligere-</span> <span class='ocrx_word' id='word_1_339' title='bbox 564 2838 633 2878; x_wconf 83' lang='lat' dir='ltr'>hocin</span> <span class='ocrx_word' id='word_1_340' title='bbox 647 2838 850 2891; x_wconf 75' lang='lat' dir='ltr'>loeo,pluralocaex</span> <span class='ocrx_word' id='word_1_341' title='bbox 863 2840 898 2880; x_wconf 78' lang='lat' dir='ltr'>Sn-</span> 
     </span>
     <span class='ocr_line' id='line_1_40' title="bbox 201 2893 899 2937; baseline -0.001 -1"><span class='ocrx_word' id='word_1_342' title='bbox 201 2896 276 2937; x_wconf 81' lang='lat' dir='ltr'><strong>LABB.</strong></span> <span class='ocrx_word' id='word_1_343' title='bbox 565 2894 602 2933; x_wconf 79' lang='lat' dir='ltr'>onis</span> <span class='ocrx_word' id='word_1_344' title='bbox 611 2893 682 2933; x_wconf 78' lang='lat' dir='ltr'>Literis</span> <span class='ocrx_word' id='word_1_345' title='bbox 690 2893 711 2932; x_wconf 90' lang='lat' dir='ltr'>in</span> <span class='ocrx_word' id='word_1_346' title='bbox 722 2894 772 2935; x_wconf 82' lang='lat' dir='ltr'>hane</span> <span class='ocrx_word' id='word_1_347' title='bbox 781 2909 844 2935; x_wconf 78' lang='lat' dir='ltr'>unam</span> <span class='ocrx_word' id='word_1_348' title='bbox 853 2895 899 2935; x_wconf 77' lang='lat' dir='ltr'>citn-</span> 
     </span>
    </p>

    <p class='ocr_par' dir='ltr' id='par_1_12' title="bbox 229 2949 899 3004">
     <span class='ocr_line' id='line_1_41' title="bbox 229 2949 899 3004; baseline -0.001 -13"><span class='ocrx_word' id='word_1_349' title='bbox 229 2954 246 2992; x_wconf 89' lang='lat'>8.</span> <span class='ocrx_word' id='word_1_350' title='bbox 261 2956 276 2990; x_wconf 81' lang='grc' dir='ltr'>-ὁ</span> <span class='ocrx_word' id='word_1_351' title='bbox 294 2955 383 3000; x_wconf 79' lang='grc' dir='ltr'>Δεσπότης</span> <span class='ocrx_word' id='word_1_352' title='bbox 401 2956 434 2990; x_wconf 83' lang='grc' dir='ltr'>τῶν</span> <span class='ocrx_word' id='word_1_353' title='bbox 450 2951 536 3000; x_wconf 82' lang='grc' dir='ltr'>ἁπάντων]</span> <span class='ocrx_word' id='word_1_354' title='bbox 564 2949 638 2989; x_wconf 85' lang='lat' dir='ltr'>tionem</span> <span class='ocrx_word' id='word_1_355' title='bbox 645 2949 753 3003; x_wconf 75' lang='lat' dir='ltr'>compingi:</span> <span class='ocrx_word' id='word_1_356' title='bbox 764 2951 815 3004; x_wconf 86' lang='lat' dir='ltr'>quod</span> <span class='ocrx_word' id='word_1_357' title='bbox 824 2963 863 2991; x_wconf 89' lang='lat' dir='ltr'>non</span> <span class='ocrx_word' id='word_1_358' title='bbox 870 2955 899 2991; x_wconf 82' lang='lat' dir='ltr'>est</span> 
     </span>
    </p>
   </div>
   <div class='ocr_carea' id='block_1_7' title="bbox 0 0 1036 3403">
    <p class='ocr_par' dir='ltr' id='par_1_13' title="bbox 0 0 1036 3403">
     <span class='ocr_line' id='line_1_42' title="bbox 0 0 1036 3403; baseline 0 0"><span class='ocrx_word' id='word_1_359' title='bbox 0 0 1036 3403; x_wconf 95' lang='lat' dir='ltr'> </span> 
     </span>
    </p>
   </div>
  </div>
 </body>
</html>
