<?xml version="1.0" encoding="UTF-8"?>
<!DOCTYPE html PUBLIC "-//W3C//DTD XHTML 1.0 Transitional//EN"
    "http://www.w3.org/TR/xhtml1/DTD/xhtml1-transitional.dtd">
<html xmlns="http://www.w3.org/1999/xhtml" xml:lang="en" lang="en">
 <head>
  <title>
</title>
<meta http-equiv="Content-Type" content="text/html;charset=utf-8" />
  <meta name='ocr-system' content='tesseract 3.04.00' />
  <meta name='ocr-capabilities' content='ocr_page ocr_carea ocr_par ocr_line ocrx_word'/>
</head>
<body>
  <div class='ocr_page' id='page_1' title='image "./MN41360ucmf_0/MN41360ucmf_0_0141.png"; bbox 0 0 1958 3490; ppageno 0'>
   <div class='ocr_carea' id='block_1_1' title="bbox 323 249 812 302">
    <p class='ocr_par' dir='ltr' id='par_1_1' title="bbox 323 249 812 302">
     <span class='ocr_line' id='line_1_1' title="bbox 323 249 812 302; baseline 0.002 -9"><span class='ocrx_word' id='word_1_1' title='bbox 323 250 365 293; x_wconf 85' lang='lat' dir='ltr'><strong>AD</strong></span> <span class='ocrx_word' id='word_1_2' title='bbox 381 249 576 302; x_wconf 78' lang='lat' dir='ltr'>CORINTHIOS,</span> <span class='ocrx_word' id='word_1_3' title='bbox 587 265 607 292; x_wconf 87' lang='lat' dir='ltr'><strong>v.</strong></span> <span class='ocrx_word' id='word_1_4' title='bbox 784 251 812 294; x_wconf 70' lang='lat' dir='ltr'><strong>et</strong></span> 
     </span>
    </p>
   </div>
   <div class='ocr_carea' id='block_1_2' title="bbox 114 363 901 660">
    <p class='ocr_par' dir='ltr' id='par_1_2' title="bbox 114 363 901 660">
     <span class='ocr_line' id='line_1_2' title="bbox 114 363 814 431; baseline -0.006 -14"><span class='ocrx_word' id='word_1_5' title='bbox 114 364 229 418; x_wconf 86' lang='lat' dir='ltr'><strong>ascendit.</strong></span> <span class='ocrx_word' id='word_1_6' title='bbox 264 364 357 415; x_wconf 84' lang='lat' dir='ltr'><strong>Paulus</strong></span> <span class='ocrx_word' id='word_1_7' title='bbox 370 369 471 431; x_wconf 87' lang='lat' dir='ltr'><strong>propter</strong></span> <span class='ocrx_word' id='word_1_8' title='bbox 481 363 565 414; x_wconf 87' lang='lat' dir='ltr'><strong>zelum</strong></span> <span class='ocrx_word' id='word_1_9' title='bbox 573 363 600 413; x_wconf 90' lang='lat' dir='ltr'><strong>in</strong></span> <span class='ocrx_word' id='word_1_10' title='bbox 610 363 709 413; x_wconf 88' lang='lat' dir='ltr'><strong>vincula</strong></span> <span class='ocrx_word' id='word_1_11' title='bbox 723 363 814 430; x_wconf 89' lang='lat' dir='ltr'><strong>septies</strong></span> 
     </span>
     <span class='ocr_line' id='line_1_3' title="bbox 114 442 901 512; baseline -0.006 -16"><span class='ocrx_word' id='word_1_12' title='bbox 114 444 245 512; x_wconf 87' lang='lat' dir='ltr'><strong>conjectus,</strong></span> <span class='ocrx_word' id='word_1_13' title='bbox 259 443 368 510; x_wconf 83' lang='lat' dir='ltr'><strong>fugatus,</strong></span> <span class='ocrx_word' id='word_1_14' title='bbox 382 442 513 511; x_wconf 86' lang='lat' dir='ltr'><strong>lapidatus,</strong></span> <span class='ocrx_word' id='word_1_15' title='bbox 527 442 662 511; x_wconf 89' lang='lat' dir='ltr'><strong>patientiae</strong></span> <span class='ocrx_word' id='word_1_16' title='bbox 679 442 815 510; x_wconf 78' lang='lat' dir='ltr'><strong>praendum</strong></span> <span class='ocrx_word' id='word_1_17' title='bbox 825 452 901 487; x_wconf 64' lang='lat' dir='ltr'><strong>ator-xi</strong></span> 
     </span>
     <span class='ocr_line' id='line_1_4' title="bbox 114 505 894 589; baseline -0.005 -14"><span class='ocrx_word' id='word_1_18' title='bbox 114 522 249 582; x_wconf 79' lang='lat' dir='ltr'><strong>sustinuit3</strong></span> <span class='ocrx_word' id='word_1_19' title='bbox 267 527 294 572; x_wconf 90' lang='lat' dir='ltr'><strong>et</strong></span> <span class='ocrx_word' id='word_1_20' title='bbox 307 522 334 571; x_wconf 89' lang='lat' dir='ltr'><strong>in</strong></span> <span class='ocrx_word' id='word_1_21' title='bbox 349 522 442 572; x_wconf 88' lang='lat' dir='ltr'><strong>oriente</strong></span> <span class='ocrx_word' id='word_1_22' title='bbox 459 540 487 572; x_wconf 84' lang='lat' dir='ltr'><strong>ao</strong></span> <span class='ocrx_word' id='word_1_23' title='bbox 504 521 628 572; x_wconf 86' lang='lat' dir='ltr'><strong>occidente</strong></span> <span class='ocrx_word' id='word_1_24' title='bbox 644 521 714 573; x_wconf 84' lang='lat' dir='ltr'><strong>verbi</strong></span> <span class='ocrx_word' id='word_1_25' title='bbox 730 540 816 589; x_wconf 80' lang='lat' dir='ltr'><strong>praeco</strong></span> <span class='ocrx_word' id='word_1_26' title='bbox 826 505 894 540; x_wconf 48' lang='grc' dir='ltr'><strong>Μ’</strong></span> 
     </span>
     <span class='ocr_line' id='line_1_5' title="bbox 114 598 816 660; baseline -0.006 -8"><span class='ocrx_word' id='word_1_27' title='bbox 114 602 201 660; x_wconf 83' lang='lat' dir='ltr'><strong>fectus,</strong></span> <span class='ocrx_word' id='word_1_28' title='bbox 215 598 337 649; x_wconf 72' lang='lat' dir='ltr'>illustrem</span> <span class='ocrx_word' id='word_1_29' title='bbox 353 598 411 649; x_wconf 88' lang='lat' dir='ltr'><strong>fidei</strong></span> <span class='ocrx_word' id='word_1_30' title='bbox 427 617 487 650; x_wconf 87' lang='lat' dir='ltr'><strong>suae</strong></span> <span class='ocrx_word' id='word_1_31' title='bbox 503 599 594 650; x_wconf 85' lang='lat' dir='ltr'><strong>famam</strong></span> <span class='ocrx_word' id='word_1_32' title='bbox 610 600 714 650; x_wconf 87' lang='lat' dir='ltr'><strong>sortitus</strong></span> <span class='ocrx_word' id='word_1_33' title='bbox 731 604 775 658; x_wconf 85' lang='lat' dir='ltr'><strong>est,</strong></span> <span class='ocrx_word' id='word_1_34' title='bbox 789 599 816 648; x_wconf 90' lang='lat' dir='ltr'><strong>in</strong></span> 
     </span>
    </p>
   </div>
   <div class='ocr_carea' id='block_1_3' title="bbox 110 678 905 776">
    <p class='ocr_par' dir='ltr' id='par_1_3' title="bbox 110 678 905 776">
     <span class='ocr_line' id='line_1_6' title="bbox 110 678 905 776; baseline -0.005 -45"><span class='ocrx_word' id='word_1_35' title='bbox 110 679 212 749; x_wconf 83' lang='lat' dir='ltr'><strong>justitia</strong></span> <span class='ocrx_word' id='word_1_36' title='bbox 227 678 349 753; x_wconf 85' lang='lat' dir='ltr'><strong>mundum</strong></span> <span class='ocrx_word' id='word_1_37' title='bbox 362 678 505 729; x_wconf 83' lang='lat' dir='ltr'><strong>universum</strong></span> <span class='ocrx_word' id='word_1_38' title='bbox 521 678 653 738; x_wconf 84' lang='lat' dir='ltr'><strong>instruens,</strong></span> <span class='ocrx_word' id='word_1_39' title='bbox 668 685 694 729; x_wconf 93' lang='lat' dir='ltr'><strong>et</strong></span> <span class='ocrx_word' id='word_1_40' title='bbox 710 678 742 729; x_wconf 85' lang='lat' dir='ltr'><strong>ed</strong></span> <span class='ocrx_word' id='word_1_41' title='bbox 756 678 873 776; x_wconf 45' lang='lat' dir='ltr'><strong>occi-gom·</strong></span> <span class='ocrx_word' id='word_1_42' title='bbox 882 697 905 719; x_wconf 81' lang='lat' dir='ltr'><strong>xv</strong></span> 
     </span>
    </p>
   </div>
   <div class='ocr_carea' id='block_1_4' title="bbox 112 847 817 1123">
    <p class='ocr_par' dir='ltr' id='par_1_4' title="bbox 114 847 794 899">
     <span class='ocr_line' id='line_1_7' title="bbox 114 847 794 899; baseline -0.006 -9"><span class='ocrx_word' id='word_1_43' title='bbox 114 853 197 899; x_wconf 88' lang='lat' dir='ltr'><strong>taceant,</strong></span> <span class='ocrx_word' id='word_1_44' title='bbox 204 849 320 889; x_wconf 85' lang='lat' dir='ltr'><strong>alterutrum</strong></span> <span class='ocrx_word' id='word_1_45' title='bbox 328 848 453 889; x_wconf 86' lang='lat' dir='ltr'><strong>statuendum</strong></span> <span class='ocrx_word' id='word_1_46' title='bbox 478 848 540 889; x_wconf 88' lang='lat' dir='ltr'><strong>minat</strong></span> <span class='ocrx_word' id='word_1_47' title='bbox 549 848 571 888; x_wconf 86' lang='grc' dir='ltr'><strong>Β,</strong></span> <span class='ocrx_word' id='word_1_48' title='bbox 579 848 655 897; x_wconf 88' lang='lat' dir='ltr'><strong>Paulus,</strong></span> <span class='ocrx_word' id='word_1_49' title='bbox 665 848 688 887; x_wconf 88' lang='grc' dir='ltr'>Π</span> <span class='ocrx_word' id='word_1_50' title='bbox 694 847 756 887; x_wconf 74' lang='lat' dir='ltr'><strong>rimi</strong></span> <span class='ocrx_word' id='word_1_51' title='bbox 765 860 794 886; x_wconf 92' lang='lat'><strong>11.</strong></span> 
     </span>
    </p>

    <p class='ocr_par' dir='ltr' id='par_1_5' title="bbox 112 903 817 1123">
     <span class='ocr_line' id='line_1_8' title="bbox 115 903 814 954; baseline -0.006 -8"><span class='ocrx_word' id='word_1_52' title='bbox 115 910 156 947; x_wconf 89' lang='lat' dir='ltr'><strong>est:</strong></span> <span class='ocrx_word' id='word_1_53' title='bbox 171 908 208 944; x_wconf 86' lang='lat' dir='ltr'><strong>aut</strong></span> <span class='ocrx_word' id='word_1_54' title='bbox 214 917 239 944; x_wconf 83' lang='lat' dir='ltr'><strong>ex</strong></span> <span class='ocrx_word' id='word_1_55' title='bbox 246 904 342 944; x_wconf 84' lang='lat' dir='ltr'><strong>Ecclesiae</strong></span> <span class='ocrx_word' id='word_1_56' title='bbox 348 903 452 944; x_wconf 89' lang='lat' dir='ltr'><strong>traditione</strong></span> <span class='ocrx_word' id='word_1_57' title='bbox 506 916 524 953; x_wconf 91' lang='lat'><strong>4.</strong></span> <span class='ocrx_word' id='word_1_58' title='bbox 534 906 554 942; x_wconf 80' lang='grc' dir='ltr'><strong>τά</strong></span> <span class='ocrx_word' id='word_1_59' title='bbox 567 908 642 954; x_wconf 79' lang='grc' dir='ltr'>γενναῖον</span> <span class='ocrx_word' id='word_1_60' title='bbox 652 906 682 952; x_wconf 83' lang='grc' dir='ltr'><strong>τῆς</strong></span> <span class='ocrx_word' id='word_1_61' title='bbox 695 905 783 942; x_wconf 77' lang='grc' dir='ltr'>πίστεως.</span> <span class='ocrx_word' id='word_1_62' title='bbox 795 933 814 942; x_wconf 95' lang='grc'><strong>..</strong></span> 
     </span>
     <span class='ocr_line' id='line_1_9' title="bbox 112 955 817 1012; baseline -0.006 -12"><span class='ocrx_word' id='word_1_63' title='bbox 112 960 179 1000; x_wconf 97' lang='lat' dir='ltr'><strong>hausit</strong></span> <span class='ocrx_word' id='word_1_64' title='bbox 203 959 241 1007; x_wconf 91' lang='lat' dir='ltr'><strong>ille,</strong></span> <span class='ocrx_word' id='word_1_65' title='bbox 264 964 298 999; x_wconf 90' lang='lat' dir='ltr'><strong>aut</strong></span> <span class='ocrx_word' id='word_1_66' title='bbox 322 959 452 1011; x_wconf 82' lang='lat' dir='ltr'><strong>conjecturam</strong></span> <span class='ocrx_word' id='word_1_67' title='bbox 478 955 690 1012; x_wconf 71' lang='grc' dir='ltr'>μέγιποςὺπογραμμός]</span> <span class='ocrx_word' id='word_1_68' title='bbox 707 958 739 996; x_wconf 82' lang='lat' dir='ltr'><strong>Ex</strong></span> <span class='ocrx_word' id='word_1_69' title='bbox 748 956 817 997; x_wconf 76' lang='lat' dir='ltr'><strong>Glossa</strong></span> 
     </span>
     <span class='ocr_line' id='line_1_10' title="bbox 115 1012 815 1065; baseline -0.004 -10"><span class='ocrx_word' id='word_1_70' title='bbox 115 1016 160 1055; x_wconf 89' lang='lat' dir='ltr'><strong>fecit</strong></span> <span class='ocrx_word' id='word_1_71' title='bbox 169 1028 194 1055; x_wconf 85' lang='lat' dir='ltr'><strong>ex</strong></span> <span class='ocrx_word' id='word_1_72' title='bbox 202 1014 244 1054; x_wconf 92' lang='lat' dir='ltr'><strong>loco</strong></span> <span class='ocrx_word' id='word_1_73' title='bbox 254 1014 277 1053; x_wconf 89' lang='lat' dir='ltr'>H</span> <span class='ocrx_word' id='word_1_74' title='bbox 284 1013 328 1054; x_wconf 75' lang='lat' dir='ltr'><strong>Gor.</strong></span> <span class='ocrx_word' id='word_1_75' title='bbox 336 1013 357 1053; x_wconf 86' lang='lat' dir='ltr'><strong>xi</strong></span> <span class='ocrx_word' id='word_1_76' title='bbox 368 1026 398 1062; x_wconf 84' lang='lat'><strong>24.</strong></span> <span class='ocrx_word' id='word_1_77' title='bbox 419 1013 451 1053; x_wconf 89' lang='lat' dir='ltr'><strong>Ibi</strong></span> <span class='ocrx_word' id='word_1_78' title='bbox 478 1013 525 1053; x_wconf 90' lang='lat' dir='ltr'><strong>haec</strong></span> <span class='ocrx_word' id='word_1_79' title='bbox 534 1026 575 1053; x_wconf 86' lang='lat' dir='ltr'><strong>esse</strong></span> <span class='ocrx_word' id='word_1_80' title='bbox 584 1013 692 1065; x_wconf 87' lang='lat' dir='ltr'><strong>suspicatur</strong></span> <span class='ocrx_word' id='word_1_81' title='bbox 698 1012 729 1053; x_wconf 82' lang='lat' dir='ltr'><strong>vir</strong></span> <span class='ocrx_word' id='word_1_82' title='bbox 737 1012 815 1052; x_wconf 89' lang='lat' dir='ltr'><strong>doctus:</strong></span> 
     </span>
     <span class='ocr_line' id='line_1_11' title="bbox 115 1065 813 1123; baseline -0.004 -14"><span class='ocrx_word' id='word_1_83' title='bbox 115 1084 175 1123; x_wconf 89' lang='lat' dir='ltr'><strong>quum</strong></span> <span class='ocrx_word' id='word_1_84' title='bbox 193 1069 294 1122; x_wconf 81' lang='lat' dir='ltr'>quinquies</span> <span class='ocrx_word' id='word_1_85' title='bbox 315 1082 335 1109; x_wconf 88' lang='lat' dir='ltr'><strong>se</strong></span> <span class='ocrx_word' id='word_1_86' title='bbox 353 1069 452 1121; x_wconf 85' lang='lat' dir='ltr'><strong>captivum</strong></span> <span class='ocrx_word' id='word_1_87' title='bbox 478 1067 633 1120; x_wconf 83' lang='lat' dir='ltr'><strong>itaAnonymus.</strong></span> <span class='ocrx_word' id='word_1_88' title='bbox 652 1065 813 1122; x_wconf 69' lang='lat' dir='ltr'><strong>[Bemardusso]</strong></span> 
     </span>
    </p>
   </div>
   <div class='ocr_carea' id='block_1_5' title="bbox 57 1123 821 3048">
    <p class='ocr_par' dir='ltr' id='par_1_6' title="bbox 57 1123 821 3048">
     <span class='ocr_line' id='line_1_12' title="bbox 115 1123 817 1177; baseline -0.003 -13"><span class='ocrx_word' id='word_1_89' title='bbox 115 1125 173 1165; x_wconf 88' lang='lat' dir='ltr'><strong>fnisse</strong></span> <span class='ocrx_word' id='word_1_90' title='bbox 189 1124 259 1164; x_wconf 87' lang='lat' dir='ltr'><strong>Paulus</strong></span> <span class='ocrx_word' id='word_1_91' title='bbox 275 1124 394 1177; x_wconf 85' lang='lat' dir='ltr'><strong>profiteatur,</strong></span> <span class='ocrx_word' id='word_1_92' title='bbox 409 1124 452 1164; x_wconf 83' lang='lat' dir='ltr'><strong>Ole-</strong></span> <span class='ocrx_word' id='word_1_93' title='bbox 480 1123 532 1163; x_wconf 89' lang='lat' dir='ltr'><strong>Huic</strong></span> <span class='ocrx_word' id='word_1_94' title='bbox 540 1124 660 1176; x_wconf 84' lang='lat' dir='ltr'><strong>conjecturae</strong></span> <span class='ocrx_word' id='word_1_95' title='bbox 667 1123 719 1162; x_wconf 89' lang='lat' dir='ltr'><strong>locus</strong></span> <span class='ocrx_word' id='word_1_96' title='bbox 728 1136 768 1162; x_wconf 95' lang='lat' dir='ltr'><strong>non</strong></span> <span class='ocrx_word' id='word_1_97' title='bbox 777 1127 806 1162; x_wconf 88' lang='lat' dir='ltr'><strong>est</strong></span> <span class='ocrx_word' id='word_1_98' title='bbox 810 1136 817 1172; x_wconf 84' lang='lat'>;</span> 
     </span>
     <span class='ocr_line' id='line_1_13' title="bbox 115 1177 817 1220; baseline -0.004 0"><span class='ocrx_word' id='word_1_99' title='bbox 115 1193 170 1220; x_wconf 92' lang='lat' dir='ltr'><strong>mens</strong></span> <span class='ocrx_word' id='word_1_100' title='bbox 188 1180 268 1220; x_wconf 85' lang='lat' dir='ltr'><strong>fortasse</strong></span> <span class='ocrx_word' id='word_1_101' title='bbox 288 1179 346 1219; x_wconf 89' lang='lat' dir='ltr'><strong>simul</strong></span> <span class='ocrx_word' id='word_1_102' title='bbox 363 1178 453 1219; x_wconf 89' lang='lat' dir='ltr'><strong>meminit</strong></span> <span class='ocrx_word' id='word_1_103' title='bbox 479 1192 518 1218; x_wconf 93' lang='lat' dir='ltr'><strong>non</strong></span> <span class='ocrx_word' id='word_1_104' title='bbox 540 1178 592 1218; x_wconf 90' lang='lat' dir='ltr'><strong>enim</strong></span> <span class='ocrx_word' id='word_1_105' title='bbox 615 1178 731 1218; x_wconf 87' lang='lat' dir='ltr'><strong>dissentiunt</strong></span> <span class='ocrx_word' id='word_1_106' title='bbox 751 1178 775 1218; x_wconf 90' lang='lat' dir='ltr'><strong>ab</strong></span> <span class='ocrx_word' id='word_1_107' title='bbox 793 1177 817 1217; x_wconf 90' lang='lat' dir='ltr'><strong>iis</strong></span> 
     </span>
     <span class='ocr_line' id='line_1_14' title="bbox 116 1232 815 1288; baseline -0.004 -13"><span class='ocrx_word' id='word_1_108' title='bbox 116 1234 233 1288; x_wconf 84' lang='lat' dir='ltr'><strong>captivitatis</strong></span> <span class='ocrx_word' id='word_1_109' title='bbox 245 1248 304 1287; x_wconf 93' lang='lat' dir='ltr'><strong>quam</strong></span> <span class='ocrx_word' id='word_1_110' title='bbox 315 1234 419 1286; x_wconf 82' lang='lat' dir='ltr'><strong>Apostolus</strong></span> <span class='ocrx_word' id='word_1_111' title='bbox 433 1238 453 1274; x_wconf 93' lang='lat' dir='ltr'><strong>et</strong></span> <span class='ocrx_word' id='word_1_112' title='bbox 480 1247 528 1287; x_wconf 85' lang='lat' dir='ltr'><strong>quae</strong></span> <span class='ocrx_word' id='word_1_113' title='bbox 537 1233 562 1273; x_wconf 89' lang='lat' dir='ltr'><strong>de</strong></span> <span class='ocrx_word' id='word_1_114' title='bbox 571 1234 590 1274; x_wconf 80' lang='lat' dir='ltr'><strong>S.</strong></span> <span class='ocrx_word' id='word_1_115' title='bbox 598 1233 658 1273; x_wconf 88' lang='lat' dir='ltr'><strong>Paulo</strong></span> <span class='ocrx_word' id='word_1_116' title='bbox 667 1233 758 1273; x_wconf 89' lang='lat' dir='ltr'><strong>dicuntur</strong></span> <span class='ocrx_word' id='word_1_117' title='bbox 766 1233 787 1272; x_wconf 93' lang='lat' dir='ltr'><strong>in</strong></span> <span class='ocrx_word' id='word_1_118' title='bbox 797 1232 815 1274; x_wconf 81' lang='lat' dir='ltr'><strong>S.</strong></span> 
     </span>
     <span class='ocr_line' id='line_1_15' title="bbox 116 1288 817 1342; baseline -0.004 -12"><span class='ocrx_word' id='word_1_119' title='bbox 116 1290 248 1330; x_wconf 74' lang='lat' dir='ltr'><strong>Caesareae&#39;et</strong></span> <span class='ocrx_word' id='word_1_120' title='bbox 257 1290 330 1329; x_wconf 86' lang='lat' dir='ltr'><strong>Romae</strong></span> <span class='ocrx_word' id='word_1_121' title='bbox 341 1303 407 1342; x_wconf 87' lang='lat' dir='ltr'><strong>passus</strong></span> <span class='ocrx_word' id='word_1_122' title='bbox 417 1293 451 1329; x_wconf 80' lang='lat' dir='ltr'><strong>est.</strong></span> <span class='ocrx_word' id='word_1_123' title='bbox 480 1289 590 1341; x_wconf 80' lang='lat' dir='ltr'><strong>Soripturis,</strong></span> <span class='ocrx_word' id='word_1_124' title='bbox 605 1294 624 1328; x_wconf 90' lang='lat' dir='ltr'><strong>et</strong></span> <span class='ocrx_word' id='word_1_125' title='bbox 643 1302 687 1328; x_wconf 87' lang='lat' dir='ltr'><strong>oum</strong></span> <span class='ocrx_word' id='word_1_126' title='bbox 700 1302 722 1328; x_wconf 86' lang='lat' dir='ltr'><strong>re</strong></span> <span class='ocrx_word' id='word_1_127' title='bbox 738 1288 779 1340; x_wconf 87' lang='lat' dir='ltr'><strong>ipsa</strong></span> <span class='ocrx_word' id='word_1_128' title='bbox 798 1292 817 1327; x_wconf 93' lang='lat' dir='ltr'><strong>et</strong></span> 
     </span>
     <span class='ocr_line' id='line_1_16' title="bbox 117 1343 817 1395; baseline -0.004 -10"><span class='ocrx_word' id='word_1_129' title='bbox 117 1345 145 1386; x_wconf 79' lang='lat' dir='ltr'><strong>of.</strong></span> <span class='ocrx_word' id='word_1_130' title='bbox 158 1345 225 1385; x_wconf 87' lang='lat' dir='ltr'><strong>Zeller.</strong></span> <span class='ocrx_word' id='word_1_131' title='bbox 237 1344 298 1384; x_wconf 74' lang='lat' dir='ltr'><strong>raa.</strong></span> <span class='ocrx_word' id='word_1_132' title='bbox 312 1345 381 1384; x_wconf 75' lang='lat' dir='ltr'><strong>Jatrt.</strong></span> <span class='ocrx_word' id='word_1_133' title='bbox 394 1347 451 1394; x_wconf 86' lang='lat'><em>1848,</em></span> <span class='ocrx_word' id='word_1_134' title='bbox 479 1344 517 1383; x_wconf 92' lang='lat' dir='ltr'><strong>fide</strong></span> <span class='ocrx_word' id='word_1_135' title='bbox 533 1344 624 1384; x_wconf 87' lang='lat' dir='ltr'><strong>historica</strong></span> <span class='ocrx_word' id='word_1_136' title='bbox 640 1344 713 1395; x_wconf 90' lang='lat' dir='ltr'><strong>optime</strong></span> <span class='ocrx_word' id='word_1_137' title='bbox 729 1343 817 1383; x_wconf 84' lang='lat' dir='ltr'><strong>conveni·</strong></span> 
     </span>
     <span class='ocr_line' id='line_1_17' title="bbox 116 1397 817 1453; baseline -0.003 -14"><span class='ocrx_word' id='word_1_138' title='bbox 116 1414 134 1453; x_wconf 91' lang='lat' dir='ltr'><strong>p</strong></span> <span class='ocrx_word' id='word_1_139' title='bbox 146 1397 191 1451; x_wconf 72' lang='lat'><strong>530,</strong></span> <span class='ocrx_word' id='word_1_140' title='bbox 207 1399 318 1440; x_wconf 77' lang='lat' dir='ltr'>LIPSIUS.</span> <span class='ocrx_word' id='word_1_141' title='bbox 345 1399 453 1440; x_wconf 87' lang='lat' dir='ltr'><strong>Windisoh·</strong></span> <span class='ocrx_word' id='word_1_142' title='bbox 479 1404 515 1439; x_wconf 89' lang='lat' dir='ltr'><strong>unt</strong></span> <span class='ocrx_word' id='word_1_143' title='bbox 520 1412 526 1448; x_wconf 71' lang='lat'>5</span> <span class='ocrx_word' id='word_1_144' title='bbox 536 1413 597 1451; x_wconf 89' lang='lat' dir='ltr'><strong>neque</strong></span> <span class='ocrx_word' id='word_1_145' title='bbox 607 1413 722 1451; x_wconf 80' lang='lat' dir='ltr'>quemquam</span> <span class='ocrx_word' id='word_1_146' title='bbox 729 1399 778 1438; x_wconf 88' lang='lat' dir='ltr'><strong>male</strong></span> <span class='ocrx_word' id='word_1_147' title='bbox 784 1398 817 1437; x_wconf 91' lang='lat' dir='ltr'><strong>ha-</strong></span> 
     </span>
     <span class='ocr_line' id='line_1_18' title="bbox 116 1453 817 1507; baseline -0.003 -13"><span class='ocrx_word' id='word_1_148' title='bbox 116 1469 186 1495; x_wconf 88' lang='lat' dir='ltr'><strong>manno</strong></span> <span class='ocrx_word' id='word_1_149' title='bbox 201 1454 270 1495; x_wconf 77' lang='lat' dir='ltr'><strong>divisio</strong></span> <span class='ocrx_word' id='word_1_150' title='bbox 284 1455 322 1495; x_wconf 91' lang='lat' dir='ltr'><strong>ista</strong></span> <span class='ocrx_word' id='word_1_151' title='bbox 335 1454 452 1507; x_wconf 82' lang='lat' dir='ltr'><strong>captivitatis</strong></span> <span class='ocrx_word' id='word_1_152' title='bbox 479 1455 525 1494; x_wconf 88' lang='lat' dir='ltr'><strong>bere</strong></span> <span class='ocrx_word' id='word_1_153' title='bbox 533 1460 619 1506; x_wconf 75' lang='lat' dir='ltr'>possunt,</span> <span class='ocrx_word' id='word_1_154' title='bbox 629 1454 666 1493; x_wconf 89' lang='lat' dir='ltr'><strong>nisi</strong></span> <span class='ocrx_word' id='word_1_155' title='bbox 675 1454 706 1493; x_wconf 92' lang='lat' dir='ltr'><strong>cui</strong></span> <span class='ocrx_word' id='word_1_156' title='bbox 718 1453 739 1492; x_wconf 87' lang='lat' dir='ltr'><strong>in</strong></span> <span class='ocrx_word' id='word_1_157' title='bbox 753 1453 817 1493; x_wconf 89' lang='lat' dir='ltr'><strong>animo</strong></span> 
     </span>
     <span class='ocr_line' id='line_1_19' title="bbox 117 1509 817 1562; baseline -0.003 -13"><span class='ocrx_word' id='word_1_158' title='bbox 117 1509 303 1562; x_wconf 87' lang='lat' dir='ltr'><strong>Hierosolymitanae</strong></span> <span class='ocrx_word' id='word_1_159' title='bbox 318 1515 338 1550; x_wconf 89' lang='lat' dir='ltr'><strong>et</strong></span> <span class='ocrx_word' id='word_1_160' title='bbox 354 1511 452 1549; x_wconf 83' lang='lat' dir='ltr'>Romanae</span> <span class='ocrx_word' id='word_1_161' title='bbox 480 1513 509 1549; x_wconf 91' lang='lat' dir='ltr'><strong>est</strong></span> <span class='ocrx_word' id='word_1_162' title='bbox 525 1509 590 1548; x_wconf 83' lang='lat' dir='ltr'><strong>omnia</strong></span> <span class='ocrx_word' id='word_1_163' title='bbox 605 1509 714 1561; x_wconf 86' lang='lat' dir='ltr'><strong>improbare</strong></span> <span class='ocrx_word' id='word_1_164' title='bbox 730 1522 753 1548; x_wconf 86' lang='lat' dir='ltr'><strong>ea</strong></span> <span class='ocrx_word' id='word_1_165' title='bbox 768 1522 817 1560; x_wconf 84' lang='lat' dir='ltr'><strong>quae</strong></span> 
     </span>
     <span class='ocr_line' id='line_1_20' title="bbox 116 1563 815 1617; baseline -0.003 -13"><span class='ocrx_word' id='word_1_166' title='bbox 116 1565 346 1617; x_wconf 73' lang='lat' dir='ltr'><strong>meritodisplicetjnam</strong></span> <span class='ocrx_word' id='word_1_167' title='bbox 355 1564 451 1617; x_wconf 89' lang='lat' dir='ltr'><strong>quomodo</strong></span> <span class='ocrx_word' id='word_1_168' title='bbox 478 1564 515 1603; x_wconf 93' lang='lat' dir='ltr'><strong>hoo</strong></span> <span class='ocrx_word' id='word_1_169' title='bbox 528 1564 549 1603; x_wconf 95' lang='lat' dir='ltr'><strong>in</strong></span> <span class='ocrx_word' id='word_1_170' title='bbox 562 1564 630 1603; x_wconf 87' lang='lat' dir='ltr'><strong>locoe</strong></span> <span class='ocrx_word' id='word_1_171' title='bbox 649 1564 668 1604; x_wconf 77' lang='lat' dir='ltr'><strong>S.</strong></span> <span class='ocrx_word' id='word_1_172' title='bbox 680 1564 736 1603; x_wconf 87' lang='lat' dir='ltr'><strong>Patre</strong></span> <span class='ocrx_word' id='word_1_173' title='bbox 755 1563 779 1602; x_wconf 93' lang='lat' dir='ltr'><strong>de</strong></span> <span class='ocrx_word' id='word_1_174' title='bbox 794 1563 815 1602; x_wconf 91' lang='grc' dir='ltr'><strong>Β.</strong></span> 
     </span>
     <span class='ocr_line' id='line_1_21' title="bbox 116 1618 818 1671; baseline -0.004 -11"><span class='ocrx_word' id='word_1_175' title='bbox 116 1634 184 1660; x_wconf 89' lang='lat' dir='ltr'><strong>verum</strong></span> <span class='ocrx_word' id='word_1_176' title='bbox 193 1624 247 1669; x_wconf 88' lang='lat' dir='ltr'><strong>esset,</strong></span> <span class='ocrx_word' id='word_1_177' title='bbox 256 1620 286 1659; x_wconf 86' lang='lat' dir='ltr'><strong>bi</strong></span> <span class='ocrx_word' id='word_1_178' title='bbox 300 1633 345 1659; x_wconf 90' lang='lat' dir='ltr'><strong>eum</strong></span> <span class='ocrx_word' id='word_1_179' title='bbox 353 1621 409 1668; x_wconf 83' lang='grc' dir='ltr'>δεσμά</span> <span class='ocrx_word' id='word_1_180' title='bbox 418 1622 452 1669; x_wconf 85' lang='grc' dir='ltr'><strong>φο·</strong></span> <span class='ocrx_word' id='word_1_181' title='bbox 478 1618 572 1671; x_wconf 90' lang='lat' dir='ltr'><strong>Apostolo</strong></span> <span class='ocrx_word' id='word_1_182' title='bbox 595 1619 694 1659; x_wconf 86' lang='lat' dir='ltr'><strong>habentur.</strong></span> <span class='ocrx_word' id='word_1_183' title='bbox 723 1618 818 1670; x_wconf 79' lang='lat' dir='ltr'>Displicet</span> 
     </span>
     <span class='ocr_line' id='line_1_22' title="bbox 116 1673 817 1727; baseline -0.001 -14"><span class='ocrx_word' id='word_1_184' title='bbox 116 1679 166 1725; x_wconf 82' lang='grc' dir='ltr'>ρέσαι</span> <span class='ocrx_word' id='word_1_185' title='bbox 182 1688 241 1727; x_wconf 90' lang='lat' dir='ltr'><strong>quum</strong></span> <span class='ocrx_word' id='word_1_186' title='bbox 255 1679 297 1714; x_wconf 90' lang='lat' dir='ltr'><strong>toto</strong></span> <span class='ocrx_word' id='word_1_187' title='bbox 315 1674 349 1714; x_wconf 91' lang='lat' dir='ltr'><strong>illo</strong></span> <span class='ocrx_word' id='word_1_188' title='bbox 364 1678 452 1726; x_wconf 89' lang='lat' dir='ltr'><strong>tempore</strong></span> <span class='ocrx_word' id='word_1_189' title='bbox 478 1673 529 1714; x_wconf 88' lang='lat' dir='ltr'><strong>forte</strong></span> <span class='ocrx_word' id='word_1_190' title='bbox 542 1674 566 1713; x_wconf 62' lang='grc' dir='ltr'><strong>δ’.</strong></span> <span class='ocrx_word' id='word_1_191' title='bbox 577 1674 601 1713; x_wconf 93' lang='lat' dir='ltr'><strong>D.</strong></span> <span class='ocrx_word' id='word_1_192' title='bbox 617 1674 669 1726; x_wconf 91' lang='lat' dir='ltr'><strong>quod</strong></span> <span class='ocrx_word' id='word_1_193' title='bbox 687 1674 711 1712; x_wconf 92' lang='lat' dir='ltr'><strong>de</strong></span> <span class='ocrx_word' id='word_1_194' title='bbox 728 1673 746 1713; x_wconf 84' lang='lat' dir='ltr'><strong>S.</strong></span> <span class='ocrx_word' id='word_1_195' title='bbox 758 1673 817 1712; x_wconf 92' lang='lat' dir='ltr'><strong>Paulo</strong></span> 
     </span>
     <span class='ocr_line' id='line_1_23' title="bbox 116 1728 819 1779; baseline -0.001 -10"><span class='ocrx_word' id='word_1_196' title='bbox 116 1730 207 1769; x_wconf 84' lang='lat' dir='ltr'><strong>liberatus</strong></span> <span class='ocrx_word' id='word_1_197' title='bbox 216 1743 255 1769; x_wconf 88' lang='lat' dir='ltr'><strong>non</strong></span> <span class='ocrx_word' id='word_1_198' title='bbox 264 1730 318 1769; x_wconf 83' lang='lat' dir='ltr'><strong>eratt</strong></span> <span class='ocrx_word' id='word_1_199' title='bbox 338 1729 414 1768; x_wconf 90' lang='lat' dir='ltr'><strong>Boisius</strong></span> <span class='ocrx_word' id='word_1_200' title='bbox 423 1728 452 1767; x_wconf 91' lang='lat' dir='ltr'><strong>in·</strong></span> <span class='ocrx_word' id='word_1_201' title='bbox 479 1729 555 1778; x_wconf 84' lang='lat' dir='ltr'><strong>dicitur,</strong></span> <span class='ocrx_word' id='word_1_202' title='bbox 570 1731 597 1768; x_wconf 82' lang='grc' dir='ltr'><strong>ἐπὶ</strong></span> <span class='ocrx_word' id='word_1_203' title='bbox 611 1732 631 1767; x_wconf 86' lang='grc' dir='ltr'><strong>τὸ</strong></span> <span class='ocrx_word' id='word_1_204' title='bbox 644 1730 697 1779; x_wconf 81' lang='grc' dir='ltr'>τέρμα</span> <span class='ocrx_word' id='word_1_205' title='bbox 710 1732 740 1777; x_wconf 81' lang='grc' dir='ltr'><strong>τῆς</strong></span> <span class='ocrx_word' id='word_1_206' title='bbox 753 1729 819 1768; x_wconf 77' lang='grc' dir='ltr'>δύσεως</span> 
     </span>
     <span class='ocr_line' id='line_1_24' title="bbox 116 1784 818 1836; baseline -0.006 -12"><span class='ocrx_word' id='word_1_207' title='bbox 116 1788 234 1836; x_wconf 73' lang='lat' dir='ltr'><strong>terpretatur</strong></span> <span class='ocrx_word' id='word_1_208' title='bbox 249 1786 338 1833; x_wconf 75' lang='grc' dir='ltr'>πολλάκις,</span> <span class='ocrx_word' id='word_1_209' title='bbox 351 1797 454 1823; x_wconf 88' lang='lat' dir='ltr'><strong>numerum</strong></span> <span class='ocrx_word' id='word_1_210' title='bbox 481 1785 542 1827; x_wconf 76' lang='grc' dir='ltr'>ἐλθών,</span> <span class='ocrx_word' id='word_1_211' title='bbox 552 1787 572 1823; x_wconf 94' lang='lat' dir='ltr'><strong>et</strong></span> <span class='ocrx_word' id='word_1_212' title='bbox 582 1784 689 1831; x_wconf 78' lang='grc' dir='ltr'>δικαιοσύνην</span> <span class='ocrx_word' id='word_1_213' title='bbox 698 1785 767 1830; x_wconf 81' lang='grc' dir='ltr'>διδάξας</span> <span class='ocrx_word' id='word_1_214' title='bbox 777 1785 818 1821; x_wconf 81' lang='grc' dir='ltr'>ὅλον</span> 
     </span>
     <span class='ocr_line' id='line_1_25' title="bbox 116 1838 818 1891; baseline -0.003 -12"><span class='ocrx_word' id='word_1_215' title='bbox 116 1845 191 1879; x_wconf 91' lang='lat' dir='ltr'><strong>certum</strong></span> <span class='ocrx_word' id='word_1_216' title='bbox 197 1853 233 1891; x_wconf 92' lang='lat' dir='ltr'><strong>pro</strong></span> <span class='ocrx_word' id='word_1_217' title='bbox 239 1838 317 1879; x_wconf 84' lang='lat' dir='ltr'><strong>incerto.</strong></span> <span class='ocrx_word' id='word_1_218' title='bbox 332 1838 419 1878; x_wconf 90' lang='lat' dir='ltr'><strong>Boisium</strong></span> <span class='ocrx_word' id='word_1_219' title='bbox 426 1852 454 1877; x_wconf 88' lang='lat' dir='ltr'><strong>se·</strong></span> <span class='ocrx_word' id='word_1_220' title='bbox 481 1843 510 1877; x_wconf 82' lang='grc' dir='ltr'><strong>τὸν</strong></span> <span class='ocrx_word' id='word_1_221' title='bbox 519 1841 588 1888; x_wconf 76' lang='grc' dir='ltr'><em>κόσμον,</em></span> <span class='ocrx_word' id='word_1_222' title='bbox 610 1838 706 1878; x_wconf 88' lang='lat' dir='ltr'><strong>Plurimas</strong></span> <span class='ocrx_word' id='word_1_223' title='bbox 715 1838 736 1876; x_wconf 91' lang='lat' dir='ltr'><strong>in</strong></span> <span class='ocrx_word' id='word_1_224' title='bbox 745 1838 818 1877; x_wconf 88' lang='lat' dir='ltr'><strong>oriente</strong></span> 
     </span>
     <span class='ocr_line' id='line_1_26' title="bbox 116 1892 817 1946; baseline -0.003 -13"><span class='ocrx_word' id='word_1_225' title='bbox 116 1894 183 1946; x_wconf 89' lang='lat' dir='ltr'><strong>quitur</strong></span> <span class='ocrx_word' id='word_1_226' title='bbox 192 1893 304 1933; x_wconf 86' lang='lat' dir='ltr'><strong>Dresselius.</strong></span> <span class='ocrx_word' id='word_1_227' title='bbox 481 1893 533 1932; x_wconf 88' lang='lat' dir='ltr'><strong>inter</strong></span> <span class='ocrx_word' id='word_1_228' title='bbox 548 1892 644 1932; x_wconf 81' lang='lat' dir='ltr'><strong>Asiaticos</strong></span> <span class='ocrx_word' id='word_1_229' title='bbox 661 1893 781 1945; x_wconf 77' lang='lat' dir='ltr'><strong>Graecosque</strong></span> <span class='ocrx_word' id='word_1_230' title='bbox 796 1893 817 1932; x_wconf 87' lang='lat' dir='ltr'><strong>B.</strong></span> 
     </span>
     <span class='ocr_line' id='line_1_27' title="bbox 145 1945 820 2003; baseline 0.001 -17"><span class='ocrx_word' id='word_1_231' title='bbox 145 1962 162 1999; x_wconf 80' lang='lat'><strong>3,</strong></span> <span class='ocrx_word' id='word_1_232' title='bbox 173 1945 317 2003; x_wconf 75' lang='grc' dir='ltr'>φ[υγιι]δευάείς]</span> <span class='ocrx_word' id='word_1_233' title='bbox 327 1947 397 1987; x_wconf 85' lang='lat' dir='ltr'><strong>Junius</strong></span> <span class='ocrx_word' id='word_1_234' title='bbox 407 1947 454 2000; x_wconf 81' lang='lat' dir='ltr'><strong>legit</strong></span> <span class='ocrx_word' id='word_1_235' title='bbox 481 1947 598 2000; x_wconf 79' lang='lat' dir='ltr'><strong>Apostolum</strong></span> <span class='ocrx_word' id='word_1_236' title='bbox 620 1948 709 1988; x_wconf 86' lang='lat' dir='ltr'><strong>fundasse</strong></span> <span class='ocrx_word' id='word_1_237' title='bbox 725 1948 820 1987; x_wconf 84' lang='lat' dir='ltr'><strong>Ecclesias</strong></span> 
     </span>
     <span class='ocr_line' id='line_1_28' title="bbox 116 2002 820 2055; baseline -0.003 -12"><span class='ocrx_word' id='word_1_238' title='bbox 116 2005 217 2053; x_wconf 80' lang='grc' dir='ltr'>παιδευθείς,</span> <span class='ocrx_word' id='word_1_239' title='bbox 234 2008 291 2055; x_wconf 90' lang='lat' dir='ltr'><strong>atque</strong></span> <span class='ocrx_word' id='word_1_240' title='bbox 309 2003 337 2042; x_wconf 91' lang='lat' dir='ltr'><strong>ita</strong></span> <span class='ocrx_word' id='word_1_241' title='bbox 351 2003 415 2042; x_wconf 84' lang='lat' dir='ltr'><strong>Fellus</strong></span> <span class='ocrx_word' id='word_1_242' title='bbox 434 2008 454 2043; x_wconf 91' lang='lat' dir='ltr'><strong>et</strong></span> <span class='ocrx_word' id='word_1_243' title='bbox 482 2003 551 2043; x_wconf 85' lang='lat' dir='ltr'><strong>docent</strong></span> <span class='ocrx_word' id='word_1_244' title='bbox 561 2017 596 2042; x_wconf 91' lang='lat' dir='ltr'><strong>nos</strong></span> <span class='ocrx_word' id='word_1_245' title='bbox 606 2002 732 2055; x_wconf 85' lang='lat' dir='ltr'><strong>AotaApost.</strong></span> <span class='ocrx_word' id='word_1_246' title='bbox 744 2008 763 2043; x_wconf 90' lang='lat' dir='ltr'><strong>et</strong></span> <span class='ocrx_word' id='word_1_247' title='bbox 773 2003 820 2055; x_wconf 85' lang='lat' dir='ltr'><strong>Epi-</strong></span> 
     </span>
     <span class='ocr_line' id='line_1_29' title="bbox 117 2057 819 2109; baseline -0.001 -11"><span class='ocrx_word' id='word_1_248' title='bbox 117 2058 240 2098; x_wconf 81' lang='lat' dir='ltr'><strong>Golomesius.</strong></span> <span class='ocrx_word' id='word_1_249' title='bbox 266 2057 454 2109; x_wconf 67' lang='lat' dir='ltr'><strong>Ooteleriuspafidsv-</strong></span> <span class='ocrx_word' id='word_1_250' title='bbox 482 2058 542 2098; x_wconf 89' lang='lat' dir='ltr'><strong>stolae</strong></span> <span class='ocrx_word' id='word_1_251' title='bbox 566 2058 657 2097; x_wconf 88' lang='lat' dir='ltr'><strong>Paulinae</strong></span> <span class='ocrx_word' id='word_1_252' title='bbox 680 2059 704 2098; x_wconf 92' lang='lat' dir='ltr'><strong>ad</strong></span> <span class='ocrx_word' id='word_1_253' title='bbox 725 2058 819 2097; x_wconf 77' lang='lat' dir='ltr'><strong>Ecclesiae</strong></span> 
     </span>
     <span class='ocr_line' id='line_1_30' title="bbox 117 2112 817 2165; baseline 0.001 -13"><span class='ocrx_word' id='word_1_254' title='bbox 117 2115 157 2162; x_wconf 76' lang='lat' dir='ltr'><strong>aa,</strong></span> <span class='ocrx_word' id='word_1_255' title='bbox 167 2113 270 2165; x_wconf 90' lang='lat' dir='ltr'><strong>respiciens</strong></span> <span class='ocrx_word' id='word_1_256' title='bbox 279 2113 304 2152; x_wconf 91' lang='lat' dir='ltr'><strong>ad</strong></span> <span class='ocrx_word' id='word_1_257' title='bbox 313 2112 453 2162; x_wconf 81' lang='lat' dir='ltr'><strong>IIOor.xi25.</strong></span> <span class='ocrx_word' id='word_1_258' title='bbox 483 2113 565 2153; x_wconf 82' lang='lat' dir='ltr'><strong>Graecas</strong></span> <span class='ocrx_word' id='word_1_259' title='bbox 584 2118 604 2153; x_wconf 94' lang='lat' dir='ltr'><strong>et</strong></span> <span class='ocrx_word' id='word_1_260' title='bbox 626 2113 721 2153; x_wconf 85' lang='lat' dir='ltr'><strong>Asiaticas</strong></span> <span class='ocrx_word' id='word_1_261' title='bbox 743 2113 817 2153; x_wconf 86' lang='lat' dir='ltr'><strong>missae.</strong></span> 
     </span>
     <span class='ocr_line' id='line_1_31' title="bbox 118 2168 820 2223; baseline 0 -15"><span class='ocrx_word' id='word_1_262' title='bbox 118 2168 156 2208; x_wconf 79' lang='lat' dir='ltr'><strong>Sed</strong></span> <span class='ocrx_word' id='word_1_263' title='bbox 166 2168 212 2208; x_wconf 80' lang='lat' dir='ltr'><strong>(lod.</strong></span> <span class='ocrx_word' id='word_1_264' title='bbox 223 2168 265 2208; x_wconf 77' lang='lat' dir='ltr'><strong>MS.</strong></span> <span class='ocrx_word' id='word_1_265' title='bbox 285 2181 345 2223; x_wconf 83' lang='lat' dir='ltr'><strong>usque</strong></span> <span class='ocrx_word' id='word_1_266' title='bbox 363 2168 426 2207; x_wconf 86' lang='lat' dir='ltr'><strong>adhuc</strong></span> <span class='ocrx_word' id='word_1_267' title='bbox 439 2176 454 2206; x_wconf 87' lang='lat'><strong>‹1›</strong></span> <span class='ocrx_word' id='word_1_268' title='bbox 481 2168 531 2208; x_wconf 92' lang='lat' dir='ltr'><strong>Inde</strong></span> <span class='ocrx_word' id='word_1_269' title='bbox 544 2182 631 2209; x_wconf 86' lang='lat' dir='ltr'><strong>reversus</strong></span> <span class='ocrx_word' id='word_1_270' title='bbox 646 2168 786 2220; x_wconf 81' lang='lat' dir='ltr'><strong>Hierosolyma,</strong></span> <span class='ocrx_word' id='word_1_271' title='bbox 800 2172 820 2208; x_wconf 88' lang='lat' dir='ltr'><strong>et</strong></span> 
     </span>
     <span class='ocr_line' id='line_1_32' title="bbox 117 2223 820 2275; baseline 0.003 -13"><span class='ocrx_word' id='word_1_272' title='bbox 117 2224 200 2263; x_wconf 86' lang='lat' dir='ltr'><strong>exhibet.</strong></span> <span class='ocrx_word' id='word_1_273' title='bbox 215 2223 455 2275; x_wconf 77' lang='lat' dir='ltr'><strong>Wottonusrotrquoque</strong></span> <span class='ocrx_word' id='word_1_274' title='bbox 481 2223 820 2275; x_wconf 81' lang='lat' dir='ltr'><strong>apraefectoJudaeaeadansarem</strong></span> 
     </span>
     <span class='ocr_line' id='line_1_33' title="bbox 117 2277 819 2331; baseline 0 -14"><span class='ocrx_word' id='word_1_275' title='bbox 117 2279 210 2331; x_wconf 86' lang='lat' dir='ltr'><strong>majorem</strong></span> <span class='ocrx_word' id='word_1_276' title='bbox 218 2283 294 2331; x_wconf 88' lang='lat' dir='ltr'><strong>partem</strong></span> <span class='ocrx_word' id='word_1_277' title='bbox 304 2292 325 2318; x_wconf 90' lang='lat' dir='ltr'><strong>se</strong></span> <span class='ocrx_word' id='word_1_278' title='bbox 335 2277 405 2318; x_wconf 86' lang='lat' dir='ltr'><strong>vidisse</strong></span> <span class='ocrx_word' id='word_1_279' title='bbox 416 2283 454 2318; x_wconf 91' lang='lat' dir='ltr'><strong>tes·</strong></span> <span class='ocrx_word' id='word_1_280' title='bbox 482 2279 610 2330; x_wconf 82' lang='lat' dir='ltr'><strong>appellatione</strong></span> <span class='ocrx_word' id='word_1_281' title='bbox 624 2279 679 2327; x_wconf 82' lang='lat' dir='ltr'><strong>facta,</strong></span> <span class='ocrx_word' id='word_1_282' title='bbox 689 2278 732 2318; x_wconf 90' lang='lat' dir='ltr'><strong>Act.</strong></span> <span class='ocrx_word' id='word_1_283' title='bbox 741 2292 781 2317; x_wconf 80' lang='lat' dir='ltr'><strong>xxv</strong></span> <span class='ocrx_word' id='word_1_284' title='bbox 789 2291 819 2327; x_wconf 80' lang='lat'><strong>11,</strong></span> 
     </span>
     <span class='ocr_line' id='line_1_34' title="bbox 111 2333 820 2386; baseline -0.001 -13"><span class='ocrx_word' id='word_1_285' title='bbox 111 2336 174 2374; x_wconf 85' lang='lat' dir='ltr'><strong>tatur.</strong></span> <span class='ocrx_word' id='word_1_286' title='bbox 198 2333 310 2373; x_wconf 89' lang='lat' dir='ltr'><strong>Lectionem</strong></span> <span class='ocrx_word' id='word_1_287' title='bbox 318 2333 379 2385; x_wconf 81' lang='lat' dir='ltr'><strong>igitur</strong></span> <span class='ocrx_word' id='word_1_288' title='bbox 387 2333 412 2372; x_wconf 87' lang='lat' dir='ltr'><strong>ab</strong></span> <span class='ocrx_word' id='word_1_289' title='bbox 421 2333 455 2372; x_wconf 93' lang='lat' dir='ltr'><strong>illo</strong></span> <span class='ocrx_word' id='word_1_290' title='bbox 482 2334 565 2373; x_wconf 91' lang='lat' dir='ltr'><strong>Romam</strong></span> <span class='ocrx_word' id='word_1_291' title='bbox 574 2334 644 2373; x_wconf 90' lang='lat' dir='ltr'><strong>missus</strong></span> <span class='ocrx_word' id='word_1_292' title='bbox 654 2338 696 2373; x_wconf 85' lang='lat' dir='ltr'><strong>est:</strong></span> <span class='ocrx_word' id='word_1_293' title='bbox 711 2333 776 2385; x_wconf 89' lang='lat' dir='ltr'><strong>ibique</strong></span> <span class='ocrx_word' id='word_1_294' title='bbox 785 2347 820 2386; x_wconf 86' lang='lat' dir='ltr'><strong>per</strong></span> 
     </span>
     <span class='ocr_line' id='line_1_35' title="bbox 57 2387 820 2441; baseline 0 -14"><span class='ocrx_word' id='word_1_295' title='bbox 57 2413 58 2417; x_wconf 64' lang='lat'><em>=</em></span> <span class='ocrx_word' id='word_1_296' title='bbox 116 2389 231 2439; x_wconf 83' lang='lat' dir='ltr'><strong>restitutam,</strong></span> <span class='ocrx_word' id='word_1_297' title='bbox 245 2403 257 2428; x_wconf 89' lang='lat' dir='ltr'><strong>a</strong></span> <span class='ocrx_word' id='word_1_298' title='bbox 271 2387 373 2428; x_wconf 81' lang='lat' dir='ltr'><strong>Gallandio</strong></span> <span class='ocrx_word' id='word_1_299' title='bbox 386 2389 455 2440; x_wconf 89' lang='lat' dir='ltr'><strong>proba·</strong></span> <span class='ocrx_word' id='word_1_300' title='bbox 482 2388 714 2441; x_wconf 84' lang='lat' dir='ltr'><strong>bienniumEvangelium</strong></span> <span class='ocrx_word' id='word_1_301' title='bbox 723 2388 820 2440; x_wconf 85' lang='lat' dir='ltr'><strong>praedica-</strong></span> 
     </span>
     <span class='ocr_line' id='line_1_36' title="bbox 116 2442 817 2494; baseline -0.001 -11"><span class='ocrx_word' id='word_1_302' title='bbox 116 2449 163 2494; x_wconf 87' lang='lat' dir='ltr'><strong>tam,</strong></span> <span class='ocrx_word' id='word_1_303' title='bbox 178 2443 227 2484; x_wconf 88' lang='lat' dir='ltr'><strong>dedi.</strong></span> <span class='ocrx_word' id='word_1_304' title='bbox 256 2443 349 2483; x_wconf 73' lang='lat' dir='ltr'><strong>Consules</strong></span> <span class='ocrx_word' id='word_1_305' title='bbox 363 2444 406 2482; x_wconf 90' lang='lat' dir='ltr'><strong>Act.</strong></span> <span class='ocrx_word' id='word_1_306' title='bbox 418 2443 454 2482; x_wconf 84' lang='lat' dir='ltr'><strong>xiii</strong></span> <span class='ocrx_word' id='word_1_307' title='bbox 482 2444 516 2493; x_wconf 87' lang='lat' dir='ltr'><strong>vit,</strong></span> <span class='ocrx_word' id='word_1_308' title='bbox 534 2448 553 2483; x_wconf 92' lang='lat' dir='ltr'><strong>et</strong></span> <span class='ocrx_word' id='word_1_309' title='bbox 569 2444 635 2483; x_wconf 90' lang='lat' dir='ltr'><strong>fideles</strong></span> <span class='ocrx_word' id='word_1_310' title='bbox 651 2443 750 2483; x_wconf 90' lang='lat' dir='ltr'><strong>instituit:</strong></span> <span class='ocrx_word' id='word_1_311' title='bbox 773 2442 817 2484; x_wconf 89' lang='lat' dir='ltr'><strong>Act.</strong></span> 
     </span>
     <span class='ocr_line' id='line_1_37' title="bbox 118 2497 819 2549; baseline 0 -12"><span class='ocrx_word' id='word_1_312' title='bbox 118 2508 150 2548; x_wconf 75' lang='lat'><strong>50,</strong></span> <span class='ocrx_word' id='word_1_313' title='bbox 164 2499 198 2539; x_wconf 84' lang='lat' dir='ltr'><strong>xiv</strong></span> <span class='ocrx_word' id='word_1_314' title='bbox 208 2500 226 2549; x_wconf 87' lang='lat'><strong>6,</strong></span> <span class='ocrx_word' id='word_1_315' title='bbox 252 2499 275 2537; x_wconf 91' lang='grc' dir='ltr'>Π</span> <span class='ocrx_word' id='word_1_316' title='bbox 289 2498 333 2538; x_wconf 68' lang='lat' dir='ltr'><strong>(ior.</strong></span> <span class='ocrx_word' id='word_1_317' title='bbox 344 2497 365 2537; x_wconf 88' lang='lat' dir='ltr'><strong>xi</strong></span> <span class='ocrx_word' id='word_1_318' title='bbox 376 2511 406 2546; x_wconf 80' lang='lat'><strong>22,</strong></span> <span class='ocrx_word' id='word_1_319' title='bbox 423 2512 453 2549; x_wconf 83' lang='lat'><strong>23·</strong></span> <span class='ocrx_word' id='word_1_320' title='bbox 482 2498 544 2538; x_wconf 83' lang='lat' dir='ltr'><strong>xxviii</strong></span> <span class='ocrx_word' id='word_1_321' title='bbox 562 2512 588 2549; x_wconf 84' lang='lat'><strong>30</strong></span> <span class='ocrx_word' id='word_1_322' title='bbox 608 2512 638 2549; x_wconf 84' lang='lat'><strong>31.</strong></span> <span class='ocrx_word' id='word_1_323' title='bbox 681 2499 750 2538; x_wconf 84' lang='lat' dir='ltr'><strong>Postea</strong></span> <span class='ocrx_word' id='word_1_324' title='bbox 767 2512 819 2546; x_wconf 86' lang='lat' dir='ltr'><strong>vero,</strong></span> 
     </span>
     <span class='ocr_line' id='line_1_38' title="bbox 118 2553 819 2606; baseline -0.001 -13"><span class='ocrx_word' id='word_1_325' title='bbox 118 2553 150 2593; x_wconf 82' lang='lat' dir='ltr'><strong>Sic</strong></span> <span class='ocrx_word' id='word_1_326' title='bbox 163 2554 184 2593; x_wconf 91' lang='lat' dir='ltr'><strong>in</strong></span> <span class='ocrx_word' id='word_1_327' title='bbox 196 2554 231 2606; x_wconf 84' lang='lat' dir='ltr'><strong>Ep.</strong></span> <span class='ocrx_word' id='word_1_328' title='bbox 247 2554 272 2592; x_wconf 89' lang='lat' dir='ltr'><strong>ad</strong></span> <span class='ocrx_word' id='word_1_329' title='bbox 281 2554 382 2592; x_wconf 81' lang='lat' dir='ltr'><strong>Tarsenses</strong></span> <span class='ocrx_word' id='word_1_330' title='bbox 392 2553 411 2593; x_wconf 78' lang='lat' dir='ltr'><strong>S.</strong></span> <span class='ocrx_word' id='word_1_331' title='bbox 422 2554 455 2606; x_wconf 85' lang='lat' dir='ltr'><strong>Ig-</strong></span> <span class='ocrx_word' id='word_1_332' title='bbox 483 2553 569 2593; x_wconf 80' lang='lat' dir='ltr'><strong>Caesaris</strong></span> <span class='ocrx_word' id='word_1_333' title='bbox 579 2553 674 2593; x_wconf 84' lang='lat' dir='ltr'><strong>sententie</strong></span> <span class='ocrx_word' id='word_1_334' title='bbox 682 2553 780 2602; x_wconf 84' lang='lat' dir='ltr'><strong>liberatus,</strong></span> <span class='ocrx_word' id='word_1_335' title='bbox 786 2567 819 2605; x_wconf 90' lang='lat' dir='ltr'><strong>pe-</strong></span> 
     </span>
     <span class='ocr_line' id='line_1_39' title="bbox 117 2608 819 2661; baseline -0.001 -14"><span class='ocrx_word' id='word_1_336' title='bbox 117 2609 171 2648; x_wconf 88' lang='lat' dir='ltr'><strong>natio</strong></span> <span class='ocrx_word' id='word_1_337' title='bbox 184 2608 286 2661; x_wconf 86' lang='lat' dir='ltr'><strong>adscripta,</strong></span> <span class='ocrx_word' id='word_1_338' title='bbox 300 2610 338 2660; x_wconf 80' lang='lat'><strong>§3,</strong></span> <span class='ocrx_word' id='word_1_339' title='bbox 347 2609 424 2657; x_wconf 78' lang='grc' dir='ltr'>Ἰωάννης</span> <span class='ocrx_word' id='word_1_340' title='bbox 437 2611 455 2647; x_wconf 80' lang='grc' dir='ltr'><strong>δὲ</strong></span> <span class='ocrx_word' id='word_1_341' title='bbox 482 2609 515 2649; x_wconf 92' lang='lat' dir='ltr'><strong>tiit</strong></span> <span class='ocrx_word' id='word_1_342' title='bbox 533 2608 659 2648; x_wconf 85' lang='lat' dir='ltr'><strong>occidentales</strong></span> <span class='ocrx_word' id='word_1_343' title='bbox 673 2608 761 2659; x_wconf 85' lang='lat' dir='ltr'><strong>Europae</strong></span> <span class='ocrx_word' id='word_1_344' title='bbox 776 2622 819 2659; x_wconf 85' lang='lat' dir='ltr'><strong>par-</strong></span> 
     </span>
     <span class='ocr_line' id='line_1_40' title="bbox 117 2662 818 2715; baseline 0.004 -14"><span class='ocrx_word' id='word_1_345' title='bbox 117 2665 232 2714; x_wconf 80' lang='grc' dir='ltr'>ἐφυγαδεάετο</span> <span class='ocrx_word' id='word_1_346' title='bbox 250 2666 268 2702; x_wconf 84' lang='grc' dir='ltr'><strong>ἐν</strong></span> <span class='ocrx_word' id='word_1_347' title='bbox 284 2667 353 2715; x_wconf 78' lang='grc' dir='ltr'>Πάτμῳ.</span> <span class='ocrx_word' id='word_1_348' title='bbox 382 2662 455 2703; x_wconf 85' lang='lat' dir='ltr'><strong>Vocem</strong></span> <span class='ocrx_word' id='word_1_349' title='bbox 482 2668 517 2713; x_wconf 86' lang='lat' dir='ltr'><strong>tes,</strong></span> <span class='ocrx_word' id='word_1_350' title='bbox 541 2664 590 2703; x_wconf 86' lang='lat' dir='ltr'><strong>sicut</strong></span> <span class='ocrx_word' id='word_1_351' title='bbox 617 2667 713 2703; x_wconf 84' lang='lat' dir='ltr'><strong>testantur</strong></span> <span class='ocrx_word' id='word_1_352' title='bbox 739 2667 818 2704; x_wconf 87' lang='lat' dir='ltr'><strong>veteres.</strong></span> 
     </span>
     <span class='ocr_line' id='line_1_41' title="bbox 117 2717 820 2771; baseline 0.001 -15"><span class='ocrx_word' id='word_1_353' title='bbox 117 2719 221 2769; x_wconf 76' lang='grc' dir='ltr'>φυγαδεύειν</span> <span class='ocrx_word' id='word_1_354' title='bbox 226 2724 307 2771; x_wconf 86' lang='lat' dir='ltr'><strong>usurpat</strong></span> <span class='ocrx_word' id='word_1_355' title='bbox 314 2719 455 2758; x_wconf 88' lang='lat' dir='ltr'><strong>Demosthenes</strong></span> <span class='ocrx_word' id='word_1_356' title='bbox 484 2724 488 2740; x_wconf 87' lang='lat'>‘</span> <span class='ocrx_word' id='word_1_357' title='bbox 499 2718 602 2759; x_wconf 79' lang='lat' dir='ltr'><strong>Sciendum</strong></span> <span class='ocrx_word' id='word_1_358' title='bbox 611 2722 676 2757; x_wconf 89' lang='lat' dir='ltr'><strong>autem</strong></span> <span class='ocrx_word' id='word_1_359' title='bbox 685 2717 705 2756; x_wconf 91' lang='lat' dir='ltr'><strong>in</strong></span> <span class='ocrx_word' id='word_1_360' title='bbox 714 2717 777 2769; x_wconf 86' lang='lat' dir='ltr'><strong>prima</strong></span> <span class='ocrx_word' id='word_1_361' title='bbox 790 2732 820 2757; x_wconf 84' lang='lat' dir='ltr'><strong>sa-</strong></span> 
     </span>
     <span class='ocr_line' id='line_1_42' title="bbox 117 2772 820 2821; baseline 0 -9"><span class='ocrx_word' id='word_1_362' title='bbox 117 2773 138 2812; x_wconf 90' lang='lat' dir='ltr'><strong>in</strong></span> <span class='ocrx_word' id='word_1_363' title='bbox 148 2773 201 2813; x_wconf 85' lang='lat' dir='ltr'><strong>Orat.</strong></span> <span class='ocrx_word' id='word_1_364' title='bbox 212 2774 232 2813; x_wconf 93' lang='lat' dir='ltr'><strong>in</strong></span> <span class='ocrx_word' id='word_1_365' title='bbox 242 2774 308 2814; x_wconf 92' lang='lat' dir='ltr'><strong>Boeot.</strong></span> <span class='ocrx_word' id='word_1_366' title='bbox 319 2774 343 2812; x_wconf 92' lang='lat' dir='ltr'><strong>de</strong></span> <span class='ocrx_word' id='word_1_367' title='bbox 352 2773 403 2814; x_wconf 84' lang='lat' dir='ltr'><strong>Dete</strong></span> <span class='ocrx_word' id='word_1_368' title='bbox 413 2775 455 2813; x_wconf 83' lang='lat' dir='ltr'><strong>Ma-</strong></span> <span class='ocrx_word' id='word_1_369' title='bbox 484 2773 610 2821; x_wconf 71' lang='lat' dir='ltr'><strong>‘tisfactione</strong></span> <span class='ocrx_word' id='word_1_370' title='bbox 632 2772 714 2811; x_wconf 86' lang='lat' dir='ltr'><strong>necdum</strong></span> <span class='ocrx_word' id='word_1_371' title='bbox 735 2772 820 2812; x_wconf 88' lang='lat' dir='ltr'><strong>Neronis</strong></span> 
     </span>
     <span class='ocr_line' id='line_1_43' title="bbox 117 2827 821 2880; baseline 0.001 -13"><span class='ocrx_word' id='word_1_372' title='bbox 117 2827 159 2877; x_wconf 83' lang='lat' dir='ltr'><strong>tris,</strong></span> <span class='ocrx_word' id='word_1_373' title='bbox 175 2843 192 2880; x_wconf 95' lang='lat' dir='ltr'><strong>p.</strong></span> <span class='ocrx_word' id='word_1_374' title='bbox 206 2832 263 2878; x_wconf 88' lang='lat'><em>1018,</em></span> <span class='ocrx_word' id='word_1_375' title='bbox 274 2838 292 2878; x_wconf 86' lang='lat'><strong>5,</strong></span> <span class='ocrx_word' id='word_1_376' title='bbox 304 2842 328 2867; x_wconf 90' lang='lat'><strong>10</strong></span> <span class='ocrx_word' id='word_1_377' title='bbox 338 2829 366 2868; x_wconf 92' lang='lat' dir='ltr'><strong>ed.</strong></span> <span class='ocrx_word' id='word_1_378' title='bbox 378 2829 454 2869; x_wconf 88' lang='lat' dir='ltr'><strong>Reiske.</strong></span> <span class='ocrx_word' id='word_1_379' title='bbox 484 2832 489 2850; x_wconf 88' lang='lat'>‘</span> <span class='ocrx_word' id='word_1_380' title='bbox 498 2828 578 2880; x_wconf 90' lang='lat' dir='ltr'><strong>imperio</strong></span> <span class='ocrx_word' id='word_1_381' title='bbox 587 2828 683 2876; x_wconf 83' lang='lat' dir='ltr'><strong>roborato,</strong></span> <span class='ocrx_word' id='word_1_382' title='bbox 692 2841 727 2866; x_wconf 86' lang='lat' dir='ltr'><strong>nec</strong></span> <span class='ocrx_word' id='word_1_383' title='bbox 736 2827 821 2868; x_wconf 84' lang='lat' dir='ltr'><strong>intanta</strong></span> 
     </span>
     <span class='ocr_line' id='line_1_44' title="bbox 119 2882 820 2936; baseline 0.004 -16"><span class='ocrx_word' id='word_1_384' title='bbox 119 2882 140 2921; x_wconf 75' lang='lat' dir='ltr'><strong>Si</strong></span> <span class='ocrx_word' id='word_1_385' title='bbox 153 2883 218 2935; x_wconf 85' lang='lat' dir='ltr'><strong>cupies</strong></span> <span class='ocrx_word' id='word_1_386' title='bbox 232 2884 293 2936; x_wconf 91' lang='lat' dir='ltr'><strong>plura,</strong></span> <span class='ocrx_word' id='word_1_387' title='bbox 306 2884 362 2923; x_wconf 86' lang='lat' dir='ltr'><strong>adeas</strong></span> <span class='ocrx_word' id='word_1_388' title='bbox 372 2885 454 2924; x_wconf 86' lang='lat' dir='ltr'><strong>Lobeck.</strong></span> <span class='ocrx_word' id='word_1_389' title='bbox 484 2886 610 2934; x_wconf 81' lang='lat' dir='ltr'><strong>‘erumpente</strong></span> <span class='ocrx_word' id='word_1_390' title='bbox 624 2882 700 2931; x_wconf 83' lang='lat' dir='ltr'><strong>scelera,</strong></span> <span class='ocrx_word' id='word_1_391' title='bbox 711 2888 783 2934; x_wconf 86' lang='lat' dir='ltr'><strong>quanta</strong></span> <span class='ocrx_word' id='word_1_392' title='bbox 796 2884 820 2923; x_wconf 93' lang='lat' dir='ltr'><strong>de</strong></span> 
     </span>
     <span class='ocr_line' id='line_1_45' title="bbox 117 2937 821 2991; baseline 0.001 -15"><span class='ocrx_word' id='word_1_393' title='bbox 117 2937 142 2976; x_wconf 86' lang='lat' dir='ltr'><strong>ad</strong></span> <span class='ocrx_word' id='word_1_394' title='bbox 152 2937 287 2990; x_wconf 86' lang='lat' dir='ltr'><strong>Phrynichum‚</strong></span> <span class='ocrx_word' id='word_1_395' title='bbox 297 2953 315 2991; x_wconf 82' lang='lat' dir='ltr'><strong>p.</strong></span> <span class='ocrx_word' id='word_1_396' title='bbox 325 2942 369 2989; x_wconf 80' lang='lat'>385.</span> <span class='ocrx_word' id='word_1_397' title='bbox 484 2942 489 2960; x_wconf 76' lang='lat'>⁴</span> <span class='ocrx_word' id='word_1_398' title='bbox 499 2952 522 2978; x_wconf 93' lang='lat' dir='ltr'><strong>eo</strong></span> <span class='ocrx_word' id='word_1_399' title='bbox 536 2942 614 2986; x_wconf 81' lang='lat' dir='ltr'><strong>narrant</strong></span> <span class='ocrx_word' id='word_1_400' title='bbox 627 2937 724 2987; x_wconf 88' lang='lat' dir='ltr'><strong>historiae,</strong></span> <span class='ocrx_word' id='word_1_401' title='bbox 739 2938 821 2977; x_wconf 87' lang='lat' dir='ltr'><strong>Paulum</strong></span> 
     </span>
     <span class='ocr_line' id='line_1_46' title="bbox 145 2992 821 3048; baseline 0.004 -18"><span class='ocrx_word' id='word_1_402' title='bbox 145 2992 170 3032; x_wconf 72' lang='lat' dir='ltr'><strong>ib,</strong></span> <span class='ocrx_word' id='word_1_403' title='bbox 181 2992 242 3048; x_wconf 75' lang='grc' dir='ltr'>κάρυξ]</span> <span class='ocrx_word' id='word_1_404' title='bbox 253 2994 342 3047; x_wconf 74' lang='lat' dir='ltr'><strong>Seipsum</strong></span> <span class='ocrx_word' id='word_1_405' title='bbox 351 2996 414 3046; x_wconf 71' lang='grc' dir='ltr'>κάρυκα</span> <span class='ocrx_word' id='word_1_406' title='bbox 422 3009 455 3034; x_wconf 90' lang='lat' dir='ltr'><strong>no-</strong></span> <span class='ocrx_word' id='word_1_407' title='bbox 485 2997 489 3016; x_wconf 88' lang='lat'>‘</span> <span class='ocrx_word' id='word_1_408' title='bbox 498 3008 510 3033; x_wconf 89' lang='lat' dir='ltr'><strong>a</strong></span> <span class='ocrx_word' id='word_1_409' title='bbox 519 2993 597 3032; x_wconf 87' lang='lat' dir='ltr'><strong>Nerone</strong></span> <span class='ocrx_word' id='word_1_410' title='bbox 611 2992 716 3042; x_wconf 86' lang='lat' dir='ltr'><strong>dimissum,</strong></span> <span class='ocrx_word' id='word_1_411' title='bbox 726 2998 748 3033; x_wconf 91' lang='lat' dir='ltr'><strong>ut</strong></span> <span class='ocrx_word' id='word_1_412' title='bbox 758 2993 821 3033; x_wconf 86' lang='lat' dir='ltr'><strong>Evan-</strong></span> 
     </span>
    </p>
   </div>
   <div class='ocr_carea' id='block_1_6' title="bbox 521 3072 558 3104">
    <p class='ocr_par' dir='ltr' id='par_1_7' title="bbox 521 3072 558 3104">
     <span class='ocr_line' id='line_1_47' title="bbox 521 3072 558 3104; baseline 0.108 -4"><span class='ocrx_word' id='word_1_413' title='bbox 521 3072 558 3104; x_wconf 65' lang='grc' dir='ltr'><strong>ΕΖ</strong></span> 
     </span>
    </p>
   </div>
   <div class='ocr_carea' id='block_1_7' title="bbox 0 0 989 3490">
    <p class='ocr_par' dir='ltr' id='par_1_8' title="bbox 0 0 989 3490">
     <span class='ocr_line' id='line_1_48' title="bbox 0 0 989 3490; baseline 0 0"><span class='ocrx_word' id='word_1_414' title='bbox 0 0 989 3490; x_wconf 95' lang='lat' dir='ltr'><strong> </strong></span> 
     </span>
    </p>
   </div>
  </div>
 </body>
</html>
