1931 3420
329 212 372 255 ΕΤ
380 212 608 264 FORMULARUM.

82 324 248 380 Tuo-ofiros.²'01em.'
254 325 262 363 1
269 338 329 377 1.-19,
338 329 405 377 41.46,
413 331 446 377 48.

109 380 130 418 II
141 393 161 430 3.
176 381 233 421 Mart.
244 380 309 432 Polyc.
322 394 338 420 ι.

82 436 182 474 Τούναντίον
204 438 233 475 τόν
250 436 346 475 ἀνθύπατον
353 443 355 446 ’
363 438 446 486 ἐκστῆναι.

108 489 167 530 Mart.
178 491 241 543 Polyc.
250 503 279 529 12.

81 545 167 585 Τούπίσιο.
182 547 206 586 εἷς
214 546 290 585 τούπίσω
298 546 374 596 ἅφορμᾷ.
385 546 444 587 Olem.

107 598 163 650 125.

81 656 177 694 Τουτέστιν.
185 653 243 694 Olem.
252 655 303 704 125.
314 656 355 707 Igu.
364 656 417 695 Rom.
426 666 445 707 7.

81 710 164 760 Τρόπεζα.
192 711 262 749 άπέθετο
276 712 329 750 αὐτὸς
340 742 355 750 ,.
366 740 370 749 ,
380 712 407 749 ἐπὶ
415 714 447 761 τὴν

107 767 193 814 τράπεζαν
201 768 289 804 τοῦθεοῦ.
302 764 361 805 Olem.
371 765 381 804 I
392 780 401 815 4
405 780 421 817 3.

81 822 157 870 Τραῦμο.
190 822 215 858 Ού
232 824 264 859 πᾶν
282 825 348 870 τραῦμα
365 825 385 869 τῇ
403 824 445 870 αὐτῇ

108 875 214 928 ἐμπλάστρῳ
225 875 338 926 θεραπεύεται.
356 876 397 928 Ign.
408 877 445 916 Ρο-

107 928 145 980 Ιγο.
158 942 174 969 2.

81 984 153 1035 Τραχύς.
178 987 199 1024 τὰ
208 985 303 1037 τραχύτερα
312 991 346 1024 τῶν
354 987 405 1036 ἁγίων
413 988 444 1024 αῦ-

97 1043 138 1077 ’τυῦ
147 1042 240 1091 λειψάνων.
253 1039 365 1093 Mart.1gn.
376 1042 394 1080 6.
414 1068 416 1072 -

802 213 843 255 1121

504 332 547 366 θεοῦ
556 328 638 377 τύχωσιν.
649 326 690 379 Ign.
702 326 751 379 Eph.
763 341 792 366 10.
808 330 842 365 διο-

502 385 585 434 φυγόντες
599 386 644 420 θευῦ
655 383 752 431 τευξόμεθα.
775 382 840 435 Magn.

504 451 520 476 Ι.
548 439 596 482 θεὸς,
607 437 629 475 δι’
638 436 657 475 δν
665 439 718 475 πάντα
729 438 840 485 ὑπομένοντες

501 495 551 531 αὐτοῦ
566 492 654 540 τεύξεσθε.
674 491 749 543 Smyrn.
767 506 785 542 9.
814 493 840 530 ότι

500 549 566 595 λιμένος
574 549 607 596 ἤδη
617 546 735 597 ε’τύγχανεντῇ
749 550 838 596 προσευχῇ

500 603 549 651 ύμῶν.
562 615 593 641 ιΙ.
623 600 650 639 ἵνα
663 603 756 650 κρείττονος
770 602 837 639 ε’λευθε-

500 658 537 706 ρίας
548 658 581 696 άπδ
596 660 641 695 θεοῦ
652 656 732 705 τύχωσιν.
743 655 807 707 Polyc.
819 671 837 705 4.

490 713 565 760 ’ἰδιώτης
574 712 668 762 τυγχάνων.
679 710 756 763 Fragm.
767 710 781 748 i.

473 766 534 806 Τύπος.
562 768 580 804 ἐν
594 765 642 817 τύπιρ
658 767 763 816 περιστέρας.
780 765 839 804 olem.

501 821 575 873 Fragm.
586 820 627 861 viii.
656 825 746 859 τυποῦνται
761 821 839 868 ἀληθείας

500 876 551 928 τύπῳ.
564 876 592 916 ib.
621 877 645 915 εἷς
660 875 713 914 τύπον
726 877 755 913 καὶ
770 877 839 925 διδαχὴν

500 932 603 981 ἀφθαρσίας.
615 930 731 983 Ign.Mag11.
745 931 764 969 6,
820 978 822 983 .

473 988 574 1025 Τυποῦσθαι.
596 990 686 1025 τυποῦνται
695 985 775 1034 ἀληθείας
784 985 837 1037 τύπῳ.

500 1040 557 1081 Olem.
569 1041 647 1093 Fragm.
658 1040 697 1079 m'ii.

80 1097 133 1144 Τρεῖς.
162 1096 443 1146 πράτριῶνὴμερῶντυῦανλλη-
472 1096 548 1135 Τύπτειν.
576 1099 600 1136 ὣς
609 1097 665 1145 άκμων
674 1097 782 1144 τυπτόμενος.
793 1095 835 1147 Ign.
870 1147 872 1151 .

107 1149 172 1198 φθῆναι
181 1151 235 1188 αὐτόν,
245 1149 305 1189 Mart.
316 1150 379 1202 Polyc.
389 1152 407 1200 5ss

500 1151 561 1203 ΡοΙγο.
572 1164 591 1201 3.

80 1203 157 1254 Τρέπειν.
185 1206 209 1244 εἷς
223 1206 294 1255 άρνησιν
307 1206 368 1244 αύτούς
381 1205 444 1256 τρέψῃ.
472 1205 558 1255 Τύραννος.
588 1208 612 1245 ὡς
630 1205 705 1254 τύραννοι
723 1206 836 1254 ἀναιροῦνται.

107 1257 166 1298 Mart.
177 1258 240 1312 Polyc.
251 1272 268 1298 τ.

81 1313 156 1364 Τρέχειν.
184 1316 236 1353 πόλιν
244 1317 305 1363 έσαμαι
314 1315 385 1364 τρέχων.
400 1315 443 1367 Ign.

108 1368 165 1408 Rom.
173 1382 191 1408 2.
205 1372 264 1409 πάντες
273 1371 305 1407 οῦκ
314 1372 337 1409 εἷς
344 1371 389 1408 κενόν
395 1371 445 1420 έδρα-

500 1260 543 1312 Ign.
560 1260 638 1313 Fragm.
649 1260 661 1299 i.
689 1264 698 1298 6
712 1260 794 1310 τύραννιις
805 1290 821 1298 ..
832 1288 836 1297 .

500 1318 523 1355 εἰς
536 1316 607 1366 κίρνησιν
623 1316 684 1354 αὐτούς
699 1316 763 1365 τρέψῃ.
779 1313 835 1353 Mart.

500 1370 561 1422 Polyc.
571 1384 589 1409 υ.

107 1439 139 1472 μον
152 1423 216 1476 Ροίγυ.
224 1423 270 1463 Phil.
280 1438 300 1474 9.
315 1427 337 1464 ὣς
344 1426 372 1463 ἐπὶ
380 1426 446 1473 λῃστὴν
472 1427 535 1475 Τῦφας.
562 1425 663 1472 ἀποθέμενοι
671 1427 728 1462 πᾶσαν
733 1425 836 1470 ἀλαζονείαν,

108 1480 141 1528 τρέ
164 1479 373 1531 ·τες.Μυιί.ΡῡῙγα.7.

81 1541 145 1584 Τρισκα
156 1572 158 1580 .
166 1536 217 1582 ῖκάτη.
231 1536 331 1584 ἡλεγομένη
338 1538 358 1582 τῇ
364 1535 445 1583 Ῥωμαϊκῇ

108 1591 159 1638 φωνῇ
168 1591 300 1641 τρισκαιδεκάτη.
311 1588 368 1629 Mam
374 1589 416 1640 Igu,
425 1591 443 1628 6.

81 1644 150 1694 Τρίτος.Ι
167 1644 266 1694 Αὐγούστου
275 1645 329 1682 εἰκάδι
337 1645 389 1694 τρίτη.
400 1644 443 1696 Ign.

107 1698 165 1737 Rom.
175 1711 206 1737 10.
230 1698 298 1749 κηρύξαι
310 1700 369 1749 τρίτον.
385 1698 444 1738 Mart.

108 1752 216 1805 Polyc.12.

81 1810 154 1859 Τρόπος.
178 1812 188 1846 6
197 1812 261 1860 σπόρος
269 1811 330 1846 κόκκου
339 1809 375 1846 τίνα
383 1811 446 1859 τρόπον

107 1864 176 1913 γίνεται.
195 1863 252 1903 Olem.
266 1863 277 1901 Ι
290 1876 322 1911 24>
350 1863 369 1901 ὃν
382 1866 446 1913 τρόπον

107 1919 141 1969 γάρ
151 1921 161 1956 6
170 1919 253 1969 κεραμεύς.
263 1917 287 1956 Π
298 1920 315 1957 8.
342 1916 375 1956 Ὃν
383 1921 446 1968 τρόπον

107 1975 141 2023 γάρ
152 1975 203 2021 ε’ντῇ
218 1974 266 2024 σαρκὶ
280 1972 366 2020 ἐκληθητε.
380 1986 396 2023 9.
425 1973 446 2011 ὃν

107 2030 172 2077 τρόπον
180 2028 210 2066 οῦν
221 2044 252 2066 σου
265 2030 285 2065 τὸ
298 2032 348 2076 σῶμα
361 2029 444 2077 φαίνεται.

111 2095 141 2121 ις.
166 2085 208 2121 κατὰ
221 2085 274 2122 πάντα
290 2085 353 2132 τρόπον
365 2083 443 2130 δοξάζειν.

107 2136 152 2189 Igu.
163 2137 211 2189 Eph.
223 2151 241 2178 2.
269 2139 312 2175 κατὰ
320 2138 374 2176 πάντα
382 2140 446 2188 τρόπον

86 2223 88 2229 .
107 2196 162 2231 πᾶσιν
170 2194 250 2243 ἀρέσκειν,
263 2192 322 2231 Trall.
334 2205 352 2231 2.
380 2193 405 2231 ὅτι
414 2194 444 2230 αύ-

107 2249 147 2287 τούς
161 2248 264 2287 ἀνεπαύσατε
279 2249 322 2286 κατὰ
336 2249 389 2286 πάντα
403 2251 443 2298 τρό-

107 2319 145 2341 πον.
157 2301 231 2354 Smyrll.
242 2316 272 2342 10.
303 2305 333 2340 τὸν
342 2304 382 2340 κατὰ
390 2304 445 2341 πάντα

107 2361 173 2408 τρόπον
187 2358 208 2396 δι’
219 2359 259 2408 ἡμᾶς
274 2358 391 2407 ὑπομείναντα.
406 2357 444 2395 Ρο-

108 2412 143 2464 lyc.
165 2426 184 2463 3.
211 2412 244 2452 Ὃν
261 2415 326 2463 τρόπον
344 2415 353 2449 6
371 2413 445 2462 περιθεὶς

107 2469 162 2520 ἑαυτῷ
171 2470 268 2520 ἁλουργίδα,
278 2467 356 2518 Fragm.
366 2466 379 2505 i.

81 2522 147 2571 Τρυφή.
176 2524 206 2571 τὴν
217 2524 306 2571 πανπληθῆ
321 2523 413 2571 ἀνθρώποις
425 2537 445 2558 τε

107 2579 134 2615 καὶ
147 2579 232 2627 θηρσὶν...
241 2577 313 2629 τροφήν.
323 2575 400 2615 Olem]
411 2589 443 2613 20.

107 2635 150 2680 μόνῃ
160 2636 280 2683 τῇΧριστιυνῇ
292 2633 350 2682 τροφῇ
363 2632 443 2681 χρῆσθαι.

107 2688 151 2738 Ign.
158 2687 216 2727 Trall.
228 2689 245 2727 6.
273 2688 312 2736 Οὐχ
321 2687 379 2734 ἥδομαι
387 2687 444 2735 τροφῇ

107 2743 180 2792 φθορᾶς.
190 2742 245 2781 Rom.
256 2750 275 2792 7.

81 2796 146 2846 Τρυφή.
172 2797 208 2836 οἵαν
217 2798 282 2848 τρυφὴν
292 2798 329 2845 ἕχει
338 2796 348 2843 ἡ
357 2796 446 2844 μελλονσα

108 2852 206 2902 ἐπαγγελία.
219 2852 278 2892 Olem.
290 2851 313 2888 H
325 2863 355 2889 10.

81 2908 179 2956 Τυγχάνειν.
208 2909 276 2954 Βλάβην
290 2908 325 2956 γάρ
339 2907 358 2942 ού
374 2905 402 2952 τὴν
416 2920 445 2941 τυ-

107 2964 181 3009 χοῦσαν.
201 2961 258 3000 Olem.
278 2961 288 2998 I
308 2973 338 3008 14.
366 2960 446 3008 Διαφορὰ

108 3017 189 3065 τυγχάνει
207 3017 284 3064 ἀληθείας
304 3017 331 3052 καὶ
351 3016 444 3062 συνηθείας.

109 3068 186 3121 Fragm.
197 3070 221 3109 vi.
249 3071 300 3108 ἐλπὶς
314 3070 404 3117 μετανοίας,
418 3067 446 3106 ἵνα

500 1482 526 1518 καὶ
535 1483 596 1530 τῦφος,
608 1478 668 1518 Glem.
679 1478 690 1516 Ι
702 1490 730 1528 13.

473 1535 523 1584 Τύχη.
551 1536 580 1583 τὴν
598 1535 684 1584 Καίσαρος
701 1534 760 1583 τύχην.
779 1533 835 1573 Marss¹

500 1589 560 1641 ΡοΙγο.
573 1603 592 1640 9,
603 1592 623 1628 et
635 1601 659 1626 10
669 1588 701 1627 bis.

472 1645 538 1695 Ὑγίεια,
566 1645 621 1695 πηγαὶ
629 1645 671 1693 πρὸς
679 1675 682 1683 ,
691 1677 694 1682 .
703 1673 706 1682 .
715 1644 781 1693 ὑγίειαν
789 1644 836 1691 δημι-

500 1700 615 1749 ουργηθεῖσαι.
632 1697 690 1737 Olem.
701 1698 711 1736 I
723 1711 755 1736 20.
784 1699 838 1748 ὑγίεια

500 1755 551 1792 πλέον
559 1754 620 1802 ἠνίασε
628 1756 685 1791 νόσον.
695 1752 711 1791 F
712 1766 774 1805 ragm.
784 1751 809 1791 iv.

471 1808 532 1858 Ὕδωρ.
560 1810 594 1847 άπὸ
613 1811 643 1845 τοῦ
660 1810 769 1858 περιέχοντος
787 1808 838 1855 αὐτὴν

500 1863 562 1903 ύδατος.
574 1863 637 1902 Olem.
647 1862 657 1900 I
666 1876 697 1912 33.
717 1861 745 1900 ἵνα
754 1865 779 1913 τῷ
788 1863 838 1901 πάθει

500 1920 519 1956 τδ
529 1918 573 1968 ὕδωρ
583 1918 674 1967 καθαρίσῃ.
691 1918 732 1969 Ign.
743 1916 793 1968 Eph.
807 1918 837 1956 18.

500 1972 544 2023 ὕδωρ
553 1975 571 2011 δὲ
581 1976 620 2020 ζῶν.
630 1972 685 2011 Rom.
697 1981 714 2022 7.

473 2030 517 2067 Υἱός.
534 2029 582 2076 ἐδόθη
592 2030 638 2079 αὐτῷ
647 2028 682 2067 vias
690 2029 707 2065 ἐν
715 2027 766 2077 γήρᾳ.
777 2026 836 2066 Olem.

500 2082 511 2120 I
523 2095 551 2121 10.
579 2083 628 2122 υἱούς
640 2083 682 2131 ἡμᾶς
692 2084 838 2132 προσηγόρευσεν.

500 2138 522 2176 ΙΙ
534 2151 549 2176 1.
576 2138 604 2177 ἵνα
623 2138 665 2185 ἡμᾶς
682 2137 797 2187 προσδέξηται
816 2138 838 2175 ὡς

499 2193 550 2233 υἱούς.
560 2206 578 2243 9.
608 2194 635 2230 καὶ
649 2193 736 2241 ἐπιφάνεια
750 2195 781 2229 τοῦ
790 2193 836 2229 Υἷοῦ.

500 2247 574 2299 Fragm.
581 2246 625 2286 viii.
646 2247 689 2295 μέλη
699 2247 748 2285 όντας
757 2249 788 2283 τοῦ
797 2248 837 2283 Υἱοῦ

499 2304 554 2341 αὐτοῦ.
564 2302 609 2354 Ign.
620 2300 669 2352 Eph.
679 2314 697 2348 4.
724 2304 749 2351 τῷ
762 2302 793 2351 vio}
806 2301 835 2337 ἇν-

499 2358 572 2407 θράπου,
588 2358 616 2394 καὶ
630 2358 660 2406 υἱῷ
677 2359 725 2393 θεοῦ.
745 2367 777 2392 20.
806 2358 836 2392 τοῦ

499 2414 548 2459 μόνου
566 2414 608 2449 Υἱοῦ
627 2411 682 2447 αὐτοῦ.
698 2410 753 2447 Rom.
775 2408 834 2447 Inscl'.

500 2468 539 2504 Υίοῦ
556 2467 630 2515 Πατρός.
646 2464 671 2503 ib.
705 2468 735 2502 τοῦ
750 2466 792 2501 Υἷυῦ
807 2467 836 2501 τοῦ

500 2524 547 2559 θεοῦ.
559 2528 575 2570 7.
606 2521 646 2556 Υἱόν
659 2522 702 2556 θεοῦ
716 2520 758 2556 κατὰ
773 2519 837 2566 θέλημα

499 2577 525 2612 καί
534 2574 604 2622 δύναμιν
613 2577 662 2611 θεοῦ.
674 2573 748 2624 Smyl'n.
763 2586 779 2610 Ι.
807 2574 837 2620 τὴν

499 2631 546 2676 ἀξίαν
552 2632 594 2667 Υἱοῦ
600 2630 730 2677 ἀφαρπάζοντες.
738 2627 817 2679 Fragm.
822 2627 834 2666 ἱ.

500 2685 525 2721 ότι
532 2688 575 2721 θεοῦ
584 2685 625 2721 Υἱὸς
637 2682 660 2729 ἦν.
671 2682 709 2720 viii.
738 2686 749 2719 6
758 2685 798 2721 Υἱὸς
806 2687 836 2720 τοῦ

500 2743 543 2776 θεοῦ
556 2742 566 2776 6
579 2737 676 2787 μονογενὴς.
691 2737 748 2776 Mart.
762 2737 804 2788 Igu.
817 2750 833 2775 2.

500 2793 619 2843 παρακαλέσας
627 2793 656 2829 τὸν
664 2794 703 2829 Υίδν
711 2796 741 2830 τοῦ
751 2796 801 2829 θεοῦ.
817 2793 834 2830 6.

499 2851 566 2892 Τοῦτον,
625 2848 665 2883 Υἶδν
680 2847 718 2884 όντα
736 2850 768 2884 τοῦ
787 2851 835 2891 θεοῦ,

499 2900 699 2953 προσκυνοῦμενΜανίι.
710 2901 776 2952 Polyc.
790 2913 819 2951 17.

470 2957 519 3005 ”Υλη.
539 2956 836 3006 Ἀναλογισώμεθα...ἐκποίαςῦλης

500 3011 604 3062 ἐγενήθημεν.
616 3009 675 3049 Olem.
686 3010 697 3048 Ι
707 3013 738 3060 38.
769 3014 796 3049 καὶ
805 3011 836 3060 ύλη

500 3067 552 3114 ἡτῶν
560 3067 660 3105 ἆσπαστῶν.
671 3065 747 3118 Fl'ag'm.
757 3066 782 3106 iv.

553 3135 566 3172 q
