2061 3403
202 177 245 222 156
448 161 470 222 s.
486 177 658 223 occursuris

89 315 192 370 Exemplum
241 293 306 368 MF‘.
329 298 378 349 Καὶ
390 296 416 349 τί
428 293 575 364 θαυμαστόν,
587 299 606 349 εὶ
619 298 641 349 οὶ
652 295 678 348 ἐν
690 296 791 367 Χριστῷ
802 301 900 348 πισπεν-

88 360 193 438 iiilii'aiql
201 379 278 438 θέντες
296 379 362 452 παρὰ
382 385 446 436 Θεοῦ
466 382 537 452 ἔργον
554 387 655 447 τοιοῦτο,
675 379 829 447 κατέστησαν
846 375 901 436 τοὺς

88 449 187 526 lilioli?
201 466 396 537 oposqupe'vov93
418 467 478 523 ὅπου
490 469 554 523 καὶὸ
568 465 681 538 μακάριος
694 465 781 524 πιστὸς
793 462 902 536 θεράπων

88 537 171 579 dignitate
206 555 213 571 ο
247 552 258 574 ρ
339 555 351 568 Λ
388 553 400 576 ,ρ
508 561 518 572 ,.
541 558 552 570 Α
610 552 617 573 s
777 551 785 571 l
859 550 900 569 sa

88 584 175 615 orame-
201 577 226 607 εν
246 561 297 627 ολορ
317 578 352 627 tq>
375 578 432 629 οικιρ
455 559 566 623 Μωνσης
590 578 620 608 τα
644 554 811 622 διατεναγμενα
836 574 901 624 αντη)

88 625 140 660 davit.
228 637 236 656 t
303 640 309 658 ο
390 639 398 659 ν
488 644 494 660 ‚
560 644 607 660 „s
650 643 661 655 Α
715 638 720 659 ν
827 635 838 657 ο
892 638 900 658 x
978 653 980 655 ,

200 662 280 694 ποντα
298 662 463 708 εσημειωσαπο
482 665 507 695 εν
529 665 580 699 παις
600 662 670 710 ιεραις
691 643 797 704 βιβλοις,
820 661 839 710 η)
862 659 921 701 και5

200 725 400 795 ἐπηκολούθησαν
425 730 447 781 οἱ
465 728 552 782 ’λοιποὶ
575 728 703 799 προφῆται,
725 746 899 793 συνεπιμαρτυ-

199 818 296 882 ροῦνπες
317 817 366 870 τοῖς
388 811 427 868 ὑπ’
441 813 514 867 αὐτοῦ
535 810 757 881 νενομοθετημένας.
797 809 901 867 Ἐκεῖνος

200 898 258 969 γάρ,
273 898 347 967 ζήλου
359 899 504 967 ἐμπεσόντος
517 901 622 970 περὶτῆς
635 897 769 968 ἱερωσύνης,
782 898 821 950 καὶ
838 905 899 950 σπα-

200 984 338 1054 σιαζουσῶν
355 989 404 1039 τῶν
420 989 507 1057 φυλῶν
523 985 592 1039 ὁποία
611 985 689 1039 αὐτῶν
707 982 741 1051 εἴη
759 985 793 1055 τῷ
811 981 900 1055 ἐνδόξῳ

199 1174 204 1191 ⁶
213 1166 288 1220 aliquot
294 1168 359 1220 paullo
363 1168 477 1213 immutarit,
482 1172 505 1208 ut
512 1169 537 1208 ad
564 1169 661 1217 ιΡοαααν,
670 1161 738 1220 inquit,
745 1167 845 1220 principes
858 1173 901 1207 taos

199 1228 204 1246 ⁶
213 1223 397 1276 propositumsuum
403 1227 480 1275 aptaret
487 1237 492 1272 3
500 1237 536 1263 nec
564 1226 569 1245 ‘
578 1223 601 1263 ia
606 1237 679 1275 ραοαη,
688 1229 705 1262 ct
716 1224 810 1275 ορίοοοροο
822 1229 864 1262 taos
877 1222 900 1262 ia

198 1277 455 1318 ‘HebraeusTextussecus
464 1278 536 1318 sentire
564 1278 674 1330 ‘justitium
675 1308 742 1318 .....
754 1278 778 1317 In
788 1276 900 1331 quoScrip-

198 1334 248 1372 ‘nos
257 1332 314 1384 cogit,
324 1337 347 1372 ut
355 1332 444 1384 pluribus
458 1337 536 1372 conten·
564 1337 632 1372 ‘turae
642 1332 723 1374 Sanctae
735 1333 848 1372 admiranda
860 1346 899 1371 ma-

198 1386 242 1427 ‘dit
254 1387 285 1428 vir
298 1387 408 1427 notissimae
422 1387 536 1428 eruditionis
563 1390 569 1409 ‘
575 1387 641 1439 jestas,
650 1388 703 1439 quod
716 1387 812 1440 principes
824 1387 900 1427 futuros

198 1442 310 1482 ‘Henricus
323 1442 470 1481 Hammondus.’
497 1442 535 1481 Mi-
563 1442 673 1482 ‘Ecclesiae
688 1442 793 1495 Episeopos
811 1442 898 1482 nomina·

197 1497 249 1536 nime
263 1497 325 1549 igitur
338 1497 427 1537 ferendus
441 1501 470 1537 est
482 1500 535 1537 Ano·
563 1497 606 1537 ‘vit
613 1511 619 1546 5
638 1510 719 1550 quorum
736 1497 798 1537 omnis
813 1496 899 1537 visitatio

197 1566 272 1604 nymus,
283 1550 415 1606 [Bernardus]
427 1552 466 1604 qui,
476 1565 536 1604 quum
564 1551 599 1591 ‘in
607 1565 654 1604 pace
663 1556 698 1602 est,
708 1557 727 1592 et
734 1551 849 1592 vccabulum
858 1552 899 1604 dig-

197 1607 223 1648 sit
236 1607 337 1659 perfrictae
351 1607 420 1647 frontis
432 1607 468 1656 vir,
477 1621 535 1647 ausus
564 1607 644 1647 ‘nitatis
652 1607 756 1659 injustitia
763 1607 774 1655 3’
787 1608 819 1647 dcc.
837 1607 898 1659 [Opp.

197 1667 227 1703 cst
235 1662 302 1702 hocin
315 1662 357 1702 loco
371 1667 444 1702 temere
453 1661 534 1712 effutire,
561 1665 608 1702 tom.
627 1662 652 1712 iv,
670 1676 688 1714 p
704 1664 743 1712 728
761 1662 789 1701 ed.
806 1659 896 1716 Vallum]

199 1719 204 1738 ‘
214 1717 253 1767 Qui
262 1730 319 1756 ausus
328 1721 357 1757 est
365 1721 396 1757 tot
403 1716 486 1769 ineptias
492 1716 535 1756 Ole-
561 1716 643 1756 WOTT.
673 1717 772 1769 Quidquid
778 1717 846 1756 illustr.
855 1717 899 1756 Fel-

198 1771 283 1812 ‘mentis
292 1772 369 1811 nomine
378 1772 466 1820 vendere,
476 1771 535 1812 etiam
562 1771 592 1811 lus
610 1772 681 1823 aliique
698 1772 736 1811 viri
755 1771 807 1811 docti
824 1771 856 1811 hic
872 1772 899 1810 la-

199 1826 276 1867 ‘Sacris
288 1826 359 1866 Literis
370 1826 420 1866 hanc
430 1827 534 1866 clausulam
561 1827 636 1876 borent,
646 1827 745 1866 fatendum
759 1826 838 1879 humaui
852 1826 899 1878 quid
920 1847 922 1849 v

199 1888 204 1905 ‘
213 1881 289 1933 adjecit,
307 1885 330 1921 ut
347 1886 477 1921 assumentum
489 1881 534 1926 ¹hoc
561 1895 644 1933 passum,
654 1887 712 1935 atque
720 1881 812 1921 imbecilli
820 1895 899 1933 prorsus

199 1935 370 1988 ‘praecedentibus
393 1937 534 1988 responderet'
561 1941 675 1988 argumento
684 1950 741 1975 usum
751 1935 900 1976 Olementcmin

198 1990 285 2042 Impares
299 1995 364 2030 autem
373 1995 428 2030 erunt
437 1991 494 2042 hujus
504 2005 535 2030 oo·
561 1991 676 2043 allegatione
684 1991 727 2031 ista,
743 1992 833 2030 Hebraea
840 1991 900 2031 verba

163 2053 165 2059 “
198 2050 255 2085 natus
269 2046 294 2084 ad
305 2045 440 2085 infirmandam
448 2046 534 2085 authori·
561 2059 601 2085 non
610 2046 650 2085 sine
659 2046 751 2085 violentia
761 2059 783 2084 eo
792 2045 843 2085 trahi
852 2059 898 2097 ques

198 2105 260 2141 tatem
274 2099 378 2152 Epistolae,
392 2113 431 2151 qua
448 2114 488 2139 non
506 2105 535 2140 est
561 2105 597 2139 unt
604 2114 610 2149 3
625 2105 647 2140 ut
656 2101 707 2139 enim
721 2107 775 2151 nupt
789 2100 835 2139 satis
847 2113 909 2139 com„

197 2156 241 2205 alia,
251 2169 300 2207 quae
308 2154 371 2207 magis
380 2154 483 2206 respondet
492 2154 537 2194 cha.
563 2156 620 2193 mode
628 2156 739 2203 Ἐπισκοπὴν,
747 2159 767 2194 et
773 2168 809 2206 per
817 2155 899 2207 figuram

197 2211 268 2250 racteri
290 2209 398 2262 Apostolici
427 2208 536 2261 Scriptoris,
563 2209 668 2260 Episcopus
683 2215 750 2249 notare
771 2209 837 2260 possit,
856 2210 906 2262 quis

197 2270 231 2307 aut
240 2265 328 2318 pluribus
337 2277 372 2303 usa
381 2268 411 2304 est
419 2263 535 2304 testimoniis
563 2264 653 2303 concedet
668 2273 724 2305 natta]
738 2268 791 2304 reete
804 2278 838 2315 per
849 2265 899 2304 osa

196 2325 308 2361 sanctorum
323 2324 342 2360 et
357 2318 489 2371 antiquiorum
500 2318 535 2358 Pa·
563 2332 619 2357 οοηοο
632 2318 687 2368 verti,
703 2319 784 2371 indeque
798 2319 854 2358 firmo
867 2334 898 2359 ra-

196 2381 254 2416 trum
284 2376 339 2415 Haec
353 2374 420 2414 eadem
434 2387 446 2413 a
460 2373 479 2414 S.
494 2373 534 2412 Ire·
562 2372 641 2413 tiocinio
650 2373 756 2424 concludet,
765 2374 832 2414 multis
845 2380 899 2415 retro

196 2445 245 2471 naeo
263 2430 322 2471 citata
340 2430 408 2469 eodem
431 2429 452 2468 in
473 2441 535 2477 seusu,
562 2428 646 2478 saeculis,
657 2429 708 2480 quod
719 2429 750 2468 hic
763 2429 845 2470 affimnat
855 2430 898 2470 Ole-

196 2486 242 2526 licet
254 2486 311 2526 aliter
324 2485 349 2525 ad
361 2485 465 2525 veritatem
481 2483 536 2522 LXX
563 2496 622 2532 mens,
632 2484 718 2523 ordinem
727 2484 867 2538 Episcoporum
878 2491 898 2526 et

196 2541 244 2582 Intt.
249 2554 338 2593 expressa
344 2540 427 2593 legimus
434 2553 438 2578 2
445 2539 535 2578 Τοιούτους
563 2537 692 2578 Diaeonorum
703 2540 744 2591 jam
756 2554 767 2579 a
777 2540 819 2580 Deo
828 2540 898 2580 consti-

196 2597 330 2647 Πρεσβντέρονς
342 2597 434 2646 ἀνατρέφει
445 2596 455 2643 ἡ
465 2595 535 2642 Ἐκκλη-
562 2597 627 2632 illlum
645 2598 665 2632 et
682 2595 810 2647 perscriptum
826 2595 897 2635 fuisse‘l

197 2653 233 2701 oia,
243 2653 282 2702 περὶ
296 2653 319 2689 ὧν
330 2653 357 2689 καὶ
371 2655 381 2688 ὁ
393 2650 488 2701 Προφήτης
500 2651 534 2698 φη·
562 2661 587 2686 ne
600 2647 646 2687 allas
657 2649 681 2687 ab
691 2648 780 2689 Hebraeo
793 2651 898 2690 aberratio-

198 2707 233 2745 αἴν’
247 2708 303 2744 Δώσω
316 2707 356 2745 τοὺς
371 2707 455 2756 ἄρχοντάς
470 2719 503 2742 σον
517 2705 535 2741 ἐν
561 2703 625 2741 nesii]
633 2703 830 2744 hocl000reddentl0
839 2706 897 2745 attin-
938 2732 940 2736 .

198 2761 259 2811 εἰρήνη,
269 2763 297 2799 καὶ
306 2762 345 2800 τοὺς
354 2762 458 2800 ἐπισκόπους
471 2774 504 2797 οοο
517 2760 535 2796 ἐν
562 2771 611 2810 gam.
626 2757 663 2797 Vel
672 2772 717 2811 ergo
725 2761 828 2800 auctoritas
835 2761 897 2812 eujus-

198 2816 300 2864 δικαιοσύνῃ.
321 2815 352 2855 IV
361 2815 413 2854 xxvi
428 2813 533 2869 [5,p.263
562 2812 607 2851 dam
625 2812 739 2866 Interpretis
757 2815 799 2855 viro
822 2816 896 2868 optimo

198 2872 227 2911 ed.
246 2868 346 2924 Marsuas]
384 2870 458 2909 Eodem
476 2869 534 2908 modo
562 2868 658 2919 imposuit,
676 2869 707 2908 vel
726 2870 796 2911 vitioso
818 2870 896 2910 innixus

197 2926 244 2967 haec
261 2925 344 2978 explicat
362 2925 381 2966 S.
397 2925 534 2977 Hieronymus,
562 2921 669 2963 estOodice
678 2923 795 2975 Graecqvel
804 2925 896 2966 memoria
