2017 3420
213 168 258 209 200
459 166 481 208 S.
498 165 669 209 onnMaers

213 281 270 342 τοὺς
282 286 314 342 εἰς
325 283 435 350 θάνατον,
447 283 486 338 ἵνα
499 282 618 356 ρείσωνται
631 282 669 336 διὰ
684 288 727 338 τοῦ
743 283 832 337 ἑαυτῶν
844 283 910 351 oripo·

213 390 256 428 τος
268 369 323 429 τοὺς
335 370 442 428 πολίτας·
461 372 552 426 πολλοὶ
566 368 719 442 ἐξεχώρησαν
732 370 797 424 ἰδίων
808 368 911 435 πόλεων,
935 413 936 416 ¹

214 458 255 512 ἵνα
270 455 304 526 μὴ
316 454 481 525 στασιάζωσιν
492 457 532 512 ε’ττὶ
547 461 638 512 πλεῖον.
670 454 834 521 Ἐπιστοίμεθα
849 463 911 511 πολ*

214 543 275 602 leode
286 545 311 598 ἐν
323 545 378 613 ἡμῖν
389 541 585 615 παραδεδωκότας
599 541 693 601 ἑαυτοὺς
705 545 737 600 εὶς
750 540 835 610 δεσμοί,
849 542 913 600 ὅπως

212 630 307 702 ἑτέρους
319 628 493 700 λυτρῶσοντοι·
516 631 606 685 πολλοὶ
619 628 713 686 ἑαυτοὺς
729 627 869 699 παρέδωκαν
877 632 931 700 ⁴ciet

213 717 332 783 δουλείαν,
343 718 382 770 καὶ
393 716 512 781 λαβόντες
521 714 564 774 τὰς
576 714 644 783 τιμὰς
652 716 735 781 αὐτῶν,
745 714 836 785 ἑτέρους
846 715 910 788 ἐψώ-

212 826 296 872 μισαν.
319 802 418 857 Πολλοὶ
430 808 538 871 γυναῖκες
550 804 747 869 ἐνδυναμωθεῖσαι
760 799 798 854 διὰ
810 803 852 868 τῆς
863 800 909 874 χοί-

102 899 203 981 333&de
212 913 277 960 ριτος
289 895 331 943 τοῦ
344 893 414 954 Θεοῦ,
420 888 589 943 ε’ττιτελέσαντο
600 885 683 942 πολλὰ
695 888 797 959 ἀνδρεῖα.
825 887 911 942 Ἰουδὶθ

183 970 188 986 ‚

212 1075 344 1132 auctoritate]
364 1075 489 1130 Sequentium
498 1082 547 1118 tem·
576 1077 753 1119 Schoenemannum
775 1077 809 1129 qui
831 1073 912 1130 praebet*

212 1145 283 1184 porum
290 1131 371 1182 Heroas,
378 1131 484 1185 quiinhac
491 1133 548 1173 lande
575 1135 700 1184 λυτρώσωντοι.
729 1132 758 1173 Of.
774 1132 841 1172 Herm.
857 1133 907 1174 Post.

212 1186 329 1237 claruerunt,
341 1187 411 1227 referre
423 1201 477 1227 mora
491 1192 546 1228 esset.
576 1188 598 1227 II
616 1188 654 1237 viii,
674 1190 694 1236 ἐξ
711 1189 787 1239 ἀναγκῶν
805 1189 909 1237 λυτροῦσθαι

212 1241 282 1282 Gentis
300 1246 365 1282 tamen
385 1247 461 1282 nostrae
479 1242 547 1284 Proto·
574 1244 614 1283 τοὺς
627 1243 698 1283 δούλους
711 1247 743 1281 τοῦ
756 1247 805 1282 θεοῦ.
834 1243 908 1283 Deex-

211 1301 287 1349 martyr
294 1297 375 1337 Sanctus
381 1296 466 1338 Albanus
474 1311 485 1337 a
492 1298 548 1339 nobis
575 1297 621 1337 irnia
630 1298 725 1337 Ecclesiae
734 1298 832 1337 Romanae
841 1298 908 1338 libera-

210 1351 313 1405 praeteriri
329 1352 408 1392 minime
423 1352 485 1400 debet,
502 1354 548 1406 ‘qui
575 1352 628 1392 litate
643 1366 688 1405 erga
703 1352 773 1392 fratres
791 1353 816 1392 ad
831 1353 908 1394 metalla

212 1407 263 1446 ‘sub
279 1407 405 1457 Diocletiano,
421 1421 456 1459 pro
473 1407 548 1448 Clerico
575 1407 674 1448 damnatos
683 1411 716 1447 sut
725 1407 746 1446 in
760 1407 850 1447 exsilium
863 1408 907 1449 mis-

198 1461 308 1515 >‘hospite
325 1475 382 1515 quem
395 1462 547 1515 persecutionem
574 1476 610 1512 sos,
626 1476 699 1502 necnon
713 1462 738 1502 de
752 1476 810 1502 more«
824 1464 909 1515 captivo.

211 1520 216 1539 ‘
226 1516 333 1570 fugientem
342 1522 455 1570 susceperat,
462 1517 547 1570 seipsum
574 1531 618 1557 rum
626 1517 781 1558 redimendorum
793 1517 814 1556 in
823 1517 908 1558 Ecclesia

209 1577 216 1595 “
225 1573 309 1622 tradens,
323 1577 368 1625 post
378 1573 457 1613 verbera
471 1573 547 1626 aliaque
574 1572 677 1625 antiquitus
695 1577 773 1624 recepta
794 1573 816 1612 cf.
836 1573 905 1614 Rouah.

211 1627 325 1667 ‘acerbiora
352 1632 453 1677 tormenta,
483 1629 547 1681 eapite
574 1627 712 1680 Reliq.Sacr.i
726 1641 745 1679 p.
759 1629 802 1678 187.
830 1627 906 1668 Dresse-

211 1682 295 1734 ‘plexus
310 1682 365 1723 est:'
385 1683 547 1735 quemadmodum
574 1682 610 1722 lius
628 1682 695 1723 statuit
711 1682 775 1722 locum
794 1696 817 1722 ex
834 1682 907 1723 Herma

210 1738 311 1787 Batonius,
320 1738 341 1777 in
350 1736 387 1777 An.
398 1750 442 1788 303,
457 1751 482 1777 ex
493 1738 547 1778 Beda
574 1737 625 1777 Post.
632 1737 712 1778 citatum
720 1737 759 1776 huc
768 1751 807 1777 non
816 1743 905 1790 spectare.

209 1797 297 1833 nostrate
305 1792 405 1832 historiam
413 1797 485 1832 namot.
502 1793 547 1833 Hoc
573 1791 601 1832 At
616 1792 721 1832 audiendus
737 1796 767 1832 est
784 1792 872 1833 Suicerus
886 1794 906 1833 in

173 1855 175 1859 “
209 1852 276 1887 autem
284 1847 305 1887 in
314 1847 458 1887 locoobservad
466 1848 546 1899 poterit,
572 1861 613 1888 voc.
635 1847 733 1888 ‘Vincula
746 1851 767 1887 et
782 1861 846 1887 career
861 1853 906 1889 sunt

210 1903 293 1943 durante
315 1903 422 1955 pn'maevae
447 1903 546 1943 charitatis
574 1902 661 1954 (ἀνάγκα’
682 1901 735 1942 Oonf.
744 1901 779 1941 ΙΙΙ
789 1902 847 1942 Mace.
858 1903 878 1943 iv
887 1917 905 1954 9,

209 1957 291 2009 impetu,
304 1961 379 1998 tantam
394 1957 450 1997 fuisse
463 1957 545 1998 Parabo-
573 1959 650 2007 ἀγόμενοι
659 1958 789 2008 σιδηροδέσμοω
795 1959 876 2007 ἀνάγκαις.

210 2013 300 2051 lanorurn
309 2016 398 2065 segetem,
406 2012 474 2063 quibus
483 2012 504 2052 id
513 2026 546 2052 ne·
599 2012 624 2051 ib.
639 2014 662 2052 ets
676 2013 759 2056 δουλείαν,
776 2010 811 2066 καὶ]
830 2012 905 2053 Boisius

209 2067 260 2120 getii
274 2067 362 2110 dabatur,
378 2071 401 2106 ut
414 2066 503 2119 propriae
516 2080 546 2107 sa·
572 2067 674 2118 legendum
695 2070 752 2118 putat
775 2068 856 2117 devitetur,
878 2068 905 2107 ἵνα

208 2122 257 2161 lutis
271 2121 371 2173 dispendio
383 2121 463 2160 alienam
475 2135 544 2173 procu·
573 2123 639 2171 ἑτέρους
648 2123 783 2171 ἐλευθερώσωσι·
792 2123 904 2162 acatalect-

208 2181 289 2226 rarent3
304 2176 362 2229 inque
370 2180 411 2216 tam
424 2189 494 2229 magna
507 2177 545 2216 col·
572 2179 627 2223 λησαν
635 2178 655 2214 τὰ
664 2178 767 2225 ὑπάρχοντα,
778 2178 804 2214 καὶ
816 2180 903 2227 λαβόντες,

207 2232 259 2284 legia
276 2231 377 2271 hominum
396 2230 506 2276 excrevisse,
523 2236 545 2272 ut
572 2234 640 2269 aaa.
668 2230 706 2270 Sed
720 2243 759 2269 non
775 2244 823 2282 opus
839 2237 868 2273 est
882 2238 904 2273 ut

207 2301 276 2328 eorum
290 2300 391 2326 numerum
401 2285 545 2338 Imperatorum
571 2284 642 2337 aliquid
651 2290 760 2334 mutemua;
774 2285 843 2327 licebat
853 2288 903 2328 enim

206 2341 307 2395 rescriptis
313 2354 389 2382 necesse
396 2345 446 2381 esset
451 2354 543 2390 coercere,
571 2353 642 2379 annum
649 2340 762 2380 vicesimum
774 2341 840 2392 agenti
853 2343 902 2395 seip-

206 2397 370 2450 quemadmodum
378 2396 443 2436 videre
455 2399 485 2436 est
495 2395 542 2435 Ood.
571 2407 613 2434 sum
621 2396 702 2435 vendere
715 2395 736 2434 in
749 2396 868 2447 servitutem,
880 2403 902 2438 ut

207 2453 279 2492 Theod.
290 2452 322 2492 lib.
333 2451 366 2491 xvi
375 2451 412 2491 Tit.
422 2464 440 2499 2,
447 2451 470 2490 de
478 2450 542 2502 Episc.
570 2449 611 2501 ipse
619 2450 701 2502 pretium
710 2451 809 2503 acciperet.
819 2451 901 2493 Worr.

206 2508 258 2547 Eccl⁴
266 2506 421 2558 etOlcricisLeg.
428 2520 459 2557 43.
467 2505 543 2544 FELL.
570 2504 602 2543 Ad
619 2505 687 2545 horum
707 2506 818 2558 exemplum
835 2513 902 2559 postes

206 2563 237 2602 De
261 2561 382 2602 Parabolanis
404 2561 441 2601 vid.
469 2560 541 2601 Suicer.
570 2559 591 2598 B.
611 2560 700 2600 Paulinus
718 2560 806 2601 Nolanus
825 2561 902 2603 Praesul

205 2618 262 2657 Thes.
274 2617 324 2656 Eccl.
335 2616 414 2656 invooe.
570 2614 628 2654 subiit
641 2615 753 2656 servitutem
768 2616 901 2668 voluntariam,

233 2687 251 2721 4.
263 2674 282 2711 ἐν
290 2673 337 2722 ἡμῖν]
352 2671 403 2711 Bene
418 2670 507 2712 Gundert
517 2670 543 2710 ad
569 2673 591 2708 ut
600 2669 660 2708 filium
669 2670 737 2710 viduae
748 2670 843 2721 liberaret,
853 2673 900 2713 refe-

204 2728 304 2768 Romanos
312 2727 376 2771 refert,
385 2726 497 2778 Zeitsclatst
502 2726 544 2777 fotr
569 2728 623 2763 rente
639 2725 709 2777 Magno
724 2725 823 2777 Gregorio,
837 2727 869 2768 lib.
880 2729 900 2768 iii

203 2783 283 2822 Laeter.
294 2781 395 2833 Phanote,
403 2784 459 2833 1853,
465 2795 484 2834 p.
494 2783 541 2831 650.
570 2779 699 2831 Dialogorum,
712 2794 758 2833 cap.
767 2780 779 2820 i.
791 2781 826 2821 Ἀν
840 2785 900 2833 αἰχμά-

204 2837 318 2879 LIPSIUS.
569 2838 628 2883 λωτον,
643 2834 705 2887 inquit
719 2836 803 2876 incertus
819 2838 900 2891 scriptor

231 2903 249 2943 5.
274 2890 405 2946 λυτρώσονται]
437 2892 469 2932 lta
494 2904 539 2930 cum
567 2890 591 2928 de
604 2889 678 2929 Persica
694 2891 897 2942 captivitatem.

203 2946 540 2999 GodMStoEddomnes,praeter
566 2944 667 2985 Francisco
689 2945 805 2987 combefisio
827 2949 898 3000 publici
