2061 3403
224 149 252 194 tt
470 149 491 192 S.
507 149 680 194 OLEMEN'HS

111 280 172 369 ἓξὲξ
179 291 206 314 01·
223 270 266 335 τῆς
277 266 453 336 μεγαλωσύνης
464 274 506 323 τοῦ
519 272 589 334 Θεοῦ,
604 270 617 323 ὁ
634 267 722 338 Κύριος
739 268 805 335 ἡμῶν
815 266 926 338 Χριστὸς

112 370 181 412 christi,
224 354 327 423 Ἰησοῦς,
340 355 384 409 οὐκ
396 353 470 423 ἦλθεν
482 356 507 409 ἐν
519 354 602 429 κόμπῳ
619 353 766 423 ἀλαζονείας,
781 354 833 410 οὐδὲ
850 356 924 426 ὑπερ-

223 441 335 513 ηφανίας,
362 443 447 513 καίπερ
473 439 605 509 δυνάμενος·
631 439 699 494 ἀλλὰ
722 446 930 514 ταπεινοφρονῶν,

224 526 302 586 καθὼς·
320 526 348 582 rb
368 533 468 597 Πνεῦμα
486 527 513 583 rb
528 526 616 598 Ἅγιον
632 528 686 598 περὶ
704 529 776 583 αὐτοῦ
794 527 924 597 ἐλάλησεν·

225 617 288 688 φησὶ
306 613 361 686 γοίρ,
381 623 396 648 “
404 615 483 686 Κύριε,
502 615 537 673 τίς
557 614 683 670 ἐπίστευσε
704 618 734 687 τῇ
759 617 818 688 ἀκοῇ
839 616 947 684 dudm

225 709 240 735 ⁴⁶
252 703 290 756 καὶ
303 704 315 756 ὁ
327 702 437 774 βραχίων
451 702 539 773 Κυρίου
556 702 600 756 τίνι
615 700 789 774 ἀπεκαλύφθη;
812 703 924 772 ἀνηγγεί-

226 795 240 820 “
252 795 328 857 λομεν
346 789 453 843 ἐναντίον
471 789 541 842 αὐτοῦ
561 790 592 845 ὡς
608 788 710 854 παιδίον,
733 790 765 846 ὡς
785 787 836 860 ῥίζα
852 791 926 862 ἐνγῇ

226 880 241 906 “
254 872 361 947 διψώσῃ·
391 876 434 929 οὐκ
453 874 519 928 ἔστιν
540 872 598 932 εἶδος
619 874 693 946 αὐτῷ,
716 872 768 927 οὐδὲ
792 872 860 945 δόξα·
887 878 927 930 καὶ

227 959 342 1029 66είδομεν
364 958 443 1026 αὐτόν,
464 961 502 1014 καὶ
521 961 562 1014 οὐκ
583 957 645 1032 εἶχεν
665 957 731 1025 εἶδος,
752 959 804 1013 οὐδὲ
825 959 926 1029 κοίλλος,

227 1054 242 1079 “
254 1045 320 1101 ἀλλὰ
340 1045 368 1101 rb
391 1045 451 1105 εἶδος
472 1048 544 1101 αὐτοῦ
563 1046 656 1115 ἄτιμον,
678 1050 786 1101 ἐκλεῖπον
807 1046 872 1118 παραὶ
897 1046 926 1103 rb
937 1070 963 1097 10

226 1242 279 1276 πτρον
291 1228 321 1274 τῆς
333 1226 457 1276 μεγαλωσύνης
468 1229 498 1264 τοῦ
512 1229 561 1275 θεοῦ,
588 1225 648 1265 fuisse
667 1230 736 1276 censet,
754 1225 811 1278 idque
830 1226 927 1279 Hierony-

225 1280 256 1320 vel
271 1280 320 1320 siout
333 1281 357 1319 ab
371 1280 491 1333 Hieronymo
505 1280 562 1320 hehe·
588 1294 644 1320 mum
652 1280 735 1321 latuisse.
750 1280 829 1321 Worr.

225 1340 259 1376 tur
273 1336 373 1388 septem
388 1336 441 1375 Dei:
462 1335 562 1386 sceptrum
618 1349 636 1375 2.
653 1338 684 1375 οὐκ
701 1336 753 1384 ἢλθεν
771 1338 789 1374 ἐν
806 1333 873 1390 κόμπῳ]
897 1334 926 1376 Of.

225 1394 290 1430 autem
308 1390 388 1430 denotat
406 1390 482 1443 regium
503 1390 562 1442 impe·
590 1390 653 1443 Epist.
670 1391 694 1430 ed
710 1390 781 1443 Diogn.
799 1392 838 1443 §yn
862 1395 929 1430 Τοῦτον

226 1445 277 1484 rium
287 1459 292 1494 5
312 1448 331 1484 et
346 1445 449 1497 Sceplrwm
466 1445 507 1494 Dei,
523 1445 562 1485 slve
588 1448 633 1497 πρὸς
642 1447 704 1485 αὐτοὺς
716 1445 820 1485 ἀπέστειλεν.
841 1444 887 1496 'Apa
900 1462 928 1497 γε,

226 1500 380 1553 Μαρννίρίνθαίολνα
393 1501 437 1550 Ded,
454 1500 563 1540 absolutum
589 1502 613 1540 ὣς
621 1501 715 1549 ἀνθρώπων
723 1501 744 1538 dr
752 1517 778 1540 τις
790 1501 887 1551 λογίσαιτο,
900 1502 929 1540 ἐπὶ

226 1556 279 1605 illud,
292 1559 312 1595 et
326 1569 440 1608 supremum
455 1555 561 1607 imperium,
589 1556 675 1604 τυραννίδι
682 1557 710 1593 καὶ
716 1557 774 1607 φόβῳ,
780 1558 806 1594 καὶ
812 1556 928 1604 καταπλήξει,·

226 1611 278 1663 quod
292 1611 350 1660 Deus,
365 1614 375 1649 ὁ
390 1613 418 1650 ἐπὶ
432 1613 499 1650 πάντων
514 1612 562 1649 εὐλο-
589 1611 615 1648 Od
624 1614 691 1659 μενοῖεν·
706 1610 744 1648 ἀλλ’
754 1612 772 1648 ἐν
781 1611 863 1659 ἐπιεικείᾳ,
873 1609 929 1661 πραΰ-

226 1668 282 1717 γητός,
302 1665 323 1705 in
345 1670 444 1706 creaturos
465 1665 562 1705 universas
588 1682 632 1714 τητι.

227 1724 318 1761 exercet:
341 1721 390 1760 odeo
409 1725 437 1770 ut,
455 1720 492 1760 nisi
510 1720 563 1760 Deus
618 1733 636 1770 3.
648 1721 708 1770 καίπερ
719 1717 815 1775 δυνάμενος]
831 1719 929 1772 Hierony-

227 1775 273 1828 ipse,
289 1788 345 1814 nemo
360 1776 422 1827 possit
437 1775 475 1815 diei
488 1777 508 1813 τὸ
523 1779 563 1824 orty-
589 1788 639 1824 mus,
649 1774 683 1826 qui
691 1775 751 1815 vertit
759 1775 807 1815 hane
819 1775 929 1827 Epistolom

228 1833 351 1881 πτρονκ,τ.λ.
377 1830 563 1880 Quodadasterom,
589 1829 666 1873 Latine,
685 1829 762 1870 videtur
778 1829 846 1882 legisse
868 1832 929 1880 καίπερ

228 1885 253 1925 de
269 1885 303 1924 illo
318 1883 407 1925 dieitur:
433 1887 463 1924 οὐκ
480 1885 531 1933 ἦλθεν
546 1888 564 1924 ἐν
589 1885 930 1936 rdoradvrdperor,vertitenimqrrdm

229 1943 287 1992 κόμπῳ
296 1941 393 1986 ἀλαζονείας
407 1942 434 1979 καὶ
444 1942 563 1990 ὑπερηφανίας,
586 1940 650 1991 possit
659 1939 731 1989 omnia,
741 1941 774 1980 secl
781 1941 804 1979 iro
812 1940 928 1979 hnmilitate.

229 1997 288 2046 καίπερ
297 1996 392 2044 δυνάμενος,
402 2009 446 2034 orsas
456 1995 517 2046 possit
526 2009 564 2034 ooo
590 1995 644 2033 llum
658 1998 735 2033 secutus
751 2009 798 2044 sum,
813 1994 859 2034 haee
876 1995 929 2034 enim

228 2050 269 2099 πίο,
280 2050 358 2089 Hieron.
375 2048 504 2103 (omnipotens
513 2050 563 2089 enim
589 2049 649 2089 lectio
662 2049 719 2101 longe
733 2049 801 2089 clarior
808 2063 814 2100 3
828 2054 848 2089 et
860 2063 929 2089 revera

229 2102 266 2158 est)
279 2106 324 2142 ἀλλὰ
337 2107 479 2154 ταπεινοφρονῶν.
507 2104 564 2144 Vide·
590 2107 646 2143 πάντα
664 2103 741 2143 videtur
760 2104 791 2144 hic
809 2104 928 2154 desiderariJ

228 2164 262 2199 tur
280 2159 299 2200 S.
310 2159 367 2198 Peter
386 2173 432 2211 pree
450 2159 509 2198 oeulis
526 2160 565 2199 suis
590 2172 637 2197 nom
646 2160 742 2208 δυνάμενος,
752 2160 768 2198 si
777 2160 838 2199 solum
846 2159 929 2211 legatur,

229 2214 316 2254 habuisse
326 2214 375 2253 Phil
386 2214 401 2252 ii
412 2215 470 2253 6-8.
492 2214 565 2254 Sufficit
590 2214 692 2253 videretur
707 2213 813 2265 significare
829 2214 930 2254 Christum

229 2274 248 2309 et
262 2269 293 2309 hio
306 2269 359 2308 loeus
373 2269 398 2307 ab
408 2269 527 2320 Hieronymo
538 2269 563 2308 oi·
587 2268 748 2320 possessoremve
756 2269 779 2307 irs
787 2269 885 2320 joetrmtio
897 2284 929 2308 sd-

228 2328 280 2364 tatus
293 2324 319 2364 ad
336 2324 463 2363 refellendam
477 2324 565 2375 objectio·
588 2323 674 2375 pertiae,
687 2323 739 2374 quod
751 2337 817 2363 verum
830 2337 869 2363 non
884 2329 928 2373 est3

227 2393 272 2419 nem
281 2378 380 2432 Anonymi
395 2377 452 2433 [Edv.
463 2377 562 2432 Bernord]
592 2378 639 2429 quia
654 2391 694 2416 non
706 2378 784 2418 decebat
798 2392 842 2419 eum
854 2379 930 2431 jactare

226 2435 308 2487 petitam
317 2448 341 2474 ex
351 2433 565 2474 elementenlexoon-
592 2432 675 2485 superbe
685 2433 791 2483 potentiam
802 2447 860 2474 suom.
890 2434 930 2474 Sed

226 2495 258 2530 tro
266 2490 406 2530 authoritatem
419 2493 438 2529 et
448 2487 565 2528 authentiam
591 2492 645 2527 reete
652 2486 724 2527 dixeris
732 2488 834 2538 Christum,
839 2490 931 2540 quasillo

227 2545 284 2598 hujus
302 2545 417 2597 Epistolae3
440 2543 497 2583 modo
516 2543 566 2582 enim
593 2542 662 2581 omnio
672 2543 738 2593 possit,
747 2543 844 2584 humiliter
857 2557 878 2584 se
887 2559 930 2597 ges-

228 2614 271 2640 oum
280 2600 321 2653 ipso
333 2600 370 2640 hoo
383 2600 407 2639 de
421 2614 443 2639 re
457 2598 565 2646 sentiamus,
593 2596 855 2639 sisse.GU1L.BURr0N.
885 2600 930 2640 Hoc

227 2655 259 2695 hio
267 2656 324 2704 loeus,
334 2670 396 2708 quum
405 2655 426 2694 in
436 2653 512 2694 oitondo
522 2667 566 2692 eum
592 2652 636 2691 loeo
651 2651 702 2691 inter
720 2653 766 2693 elios
783 2655 845 2695 utitur
860 2655 930 2695 Bullus

228 2709 370 2750 Alexandrinus
393 2724 432 2750 una
455 2723 500 2750 oum
524 2708 565 2747 aliis
592 2721 632 2759 quo
650 2710 728 2746 tueatur
747 2708 863 2750 Clementem
885 2724 930 2750 nos-

228 2766 383 2817 praetermiserit,
410 2765 509 2806 habendus
537 2768 565 2803 est
592 2767 652 2811 trum,
666 2775 678 2800 a
693 2762 761 2803 Photio
776 2764 857 2805 haeresis
867 2779 930 2818 quon-

228 2821 358 2874 interpolatus.
387 2821 452 2862 Sensit
464 2821 501 2860 hoo
513 2818 565 2859 Ano-
592 2817 638 2856 dam
657 2817 747 2858 adversus
765 2818 835 2860 Christi
853 2820 930 2861 Divini-

229 2890 303 2928 nymus,
310 2876 392 2928 ideoque
399 2881 445 2917 onte
451 2874 566 2928 Hieronymi
592 2877 656 2913 tatem
667 2879 780 2925 suspectum.
810 2876 886 2916 ‘Loous
898 2876 930 2916 hic

229 2931 566 2984 tempusEpistolsminterpolotem
594 2927 727 2979 ‘Clementis’
753 2930 779 2969 sio
806 2931 872 2972 scribit
899 2931 930 2971 vir
