1931 3420
314 230 350 272 ΕΤ
365 230 592 274 FORMULARUM..

95 344 191 391 βασιλείας.
207 355 223 381 2.
251 341 364 391 ὀγδοίηκοντα
375 341 402 379 καὶ
414 342 435 389 ἓξ

95 401 130 447 ἔτη.
145 397 202 437 Mart.
213 396 276 449 Polye.
288 408 306 446 9.

69 454 194 504 Εὐαγγελίζειν.
222 454 243 490 Ol
254 452 349 490 ἀπόστολοι
359 451 397 500 ἡμῖν
406 452 433 489 εὐ.

95 502 227 559 ηγγελίσθησαν.
248 505 309 545 Olem.
321 505 332 544 I
346 518 377 554 42.
405 508 433 544 εὐ-

95 563 221 613 αγγελιζόμενοι
242 563 280 610 τὴν
295 562 385 607 βασιλείαν
404 565 435 598 τοῦ

95 621 146 655 θεοῦ.
161 616 186 656 ib.
209 619 225 654 οἱ
233 617 383 666 εὐαγγελισάμενοι
392 616 435 664 ἡμᾶς

95 673 195 710 ἀπόστολοι.
211 670 274 722 Polyb.
286 669 333 709 Phil.
344 671 361 709 6.

69 727 177 777 Εὐαγγέλιον.
205 727 271 764 Τί...ε’ν
284 725 328 774 ὀρχῇ
341 729 372 763 τοῦ
385 727 435 776 εὐαγ-

95 782 156 832 γελίου
178 782 269 831 ἔγραψας
296 778 354 819 (1111111.
373 780 384 818 Ι
402 788 434 830 47.

95 837 147 886 Λέγει
159 837 192 886 γάρ
206 838 216 873 ὁ
229 835 292 884 Κύριος
303 836 320 872 ἐν
330 839 354 887 τῷ
365 836 434 886 εὐαγγε-

95 890 133 942 λίῳ.
149 890 171 929 Π
180 891 199 929 8.
227 893 336 940 προσφυγὼν
349 894 372 942 τῷ
386 892 436 941 εὐαγ-

95 946 154 996 γελίιρ.
178 945 219 998 Ign.
237 943 311 983 Philad.
328 957 346 994 5.
373 947 396 985 εἷς
414 947 435 983 rb

95 1001 197 1051 εὐαγγέλιον
210 1000 343 1051 κατηγγελκέναι.
360 999 385 1039 ib.
417 1002 435 1038 ἐν

58 1087 60 1097 ,,
95 1058 120 1106 τῷ
135 1056 227 1106 εὐαγγελίῳ
243 1058 273 1102 τῆς
289 1057 343 1103 κοινῆς
359 1056 433 1094 ἐλπίδος.

95 1110 121 1149 ib.
150 1111 167 1147 ἐν
176 1113 200 1161 τῷ
211 1111 305 1161 εὐαγγελίῳ
319 1111 338 1147 οὐ
352 1110 432 1149 πιστεύω.

96 1167 114 1203 8.
143 1163 239 1215 Ἐξαίρετον
249 1165 269 1202 δέ
280 1180 297 1202 τι
309 1166 344 1214 ἔχει
352 1167 373 1203 rb
382 1167 432 1215 εὐαγ-

95 1219 158 1269 γέλιον.
174 1232 192 1269 9.
211 1221 230 1257 rb
242 1221 261 1257 δὲ
274 1221 434 1269 εὐαγγελιονάπιίρ-

95 1275 149 1323 τισμά
162 1275 209 1313 ἐστιν
221 1274 324 1324 ἀφθαρσίας.
341 1274 365 1313 ib.
393 1276 433 1313 οὐδὲ

94 1329 147 1379 μέχρι
160 1332 189 1367 νῦν
199 1331 219 1367 rb
232 1328 337 1379 εὐαγγέλιον.
356 1328 432 1381 Smyrn.

96 1392 115 1432 5.
145 1384 234 1434 ἐξαιρέτως
242 1385 261 1422 δὲ
269 1387 294 1435 τῷ
303 1385 398 1436 εὐαγγελίῳ.
414 1393 432 1435 7.

95 1441 116 1476 rb
133 1440 174 1476 κατὰ
189 1440 209 1477 rb
223 1440 323 1490 εὐαγγέλιον
337 1440 432 1490 μαρτύριον.

95 1493 154 1533 Mart.
165 1493 227 1545 Ροίγο.
240 1507 255 1533 1.
272 1492 301 1533 Of.
314 1506 342 1544 19.
364 1496 395 1544 οὐχ
405 1494 434 1532 αὖ·

69 1585 70 1590 ,
95 1564 130 1587 τως
141 1550 215 1587 διδάσκει
223 1551 242 1586 rb
252 1550 356 1599 εὐαγγέλιον.
371 1563 387 1598 4.
396 1544 397 1549 ί
410 1553 435 1600 τῷ

95 1604 138 1640 κατά
155 1605 175 1641 rb
192 1605 291 1654 εὐαγγελιον
311 1606 357 1656 λόγῳ
376 1607 434 1652 Ἰησοῦ

96 1662 178 1707 Χριστοῦ.
195 1671 224 1698 22.

69 1714 176 1761 Εὐαρεστεῖν.
200 1714 313 1762 εὐηρέστησεν
322 1716 345 1765 τῷ
355 1714 434 1764 τέρψαν-

95 1783 113 1805 τι
129 1769 183 1806 αὐτόν.
203 1768 244 1820 Ign.
255 1767 321 1819 Magn.
332 1770 349 1807 8.
376 1767 390 1820 ᾦ
405 1770 434 1806 ἐὰν

95 1823 236 1872 εὐαρεστήσωρεν
253 1825 272 1861 ἐν
290 1826 314 1874 τῷ
335 1827 363 1861 νῦν
380 1824 432 1862 αίιῦνι.

96 1876 160 1928 Polyb.
171 1877 218 1916 Phil.
229 1887 246 1927 5.

69 1932 191 1982 Εὐαρέστησις.
211 1934 234 1973 είς
243 1932 354 1982 εὐαρέστησιν
362 1936 385 1985 τῷ
394 1933 433 1971 ὐνό-

94 2002 136 2035 ματι
144 1989 201 2027 αὐτοῦ.
216 1987 276 2027 Olem.
288 1987 298 2024 Ι
309 1990 339 2036 58.

69 2042 171 2091 Εὐάρεστος.
199 2044 220 2081 τά
228 2045 272 2081 καλὰ
281 2043 308 2080 καί
317 2044 399 2092 εὐάρεστα
407 2044 434 2080 ε’ν-

95 2098 150 2135 (ὐπιον
164 2099 219 2137 αὐτοῦ.
241 2097 302 2137 (118111.
319 2097 330 2135 Ι
347 2110 376 2136 21.
405 2099 434 2135 ε’άν

95 2152 188 2201 ἐκζητῶμεν
196 2154 217 2191 τά
227 2154 311 2203 εὐάρεστα
322 2154 348 2191 καί
360 2154 433 2203 εὐπρόσ-

95 2207 147 2244 δεκτα
166 2209 215 2259 αὐτῷ.
244 2217 276 2257 35.
312 2209 351 2257 δίχα
368 2209 434 2257 ἀγάπης

95 2262 145 2299 οὐδὲν
154 2264 244 2313 εὐάρεστόν
253 2264 302 2300 ἐστιν
311 2266 333 2314 τῷ
343 2266 384 2315 θεῷ.
400 2275 432 2313 49.

95 2319 147 2353 τοῦτο
159 2318 186 2355 καὶ
197 2321 220 2369 τῷ
230 2321 268 2370 θεῷ
280 2319 374 2367 εὐάρεστον.
389 2318 432 2369 Ign.

96 2369 172 2422 Smyrn.
182 2373 201 2411 8.

69 2426 199 2475 Εὐγνωμοσύνη.
216 2427 350 2478 Εὐγνωμοσύνης
356 2429 388 2478 γάρ
394 2428 433 2465 ἔστι

94 2482 115 2517 τὸ
124 2512 128 2519 .
137 2512 140 2519 .
149 2482 253 2529 ,ἀποσώζειν
269 2482 348 2532 στοργήν,
372 2481 432 2521 Olem.

95 2534 172 2588 Fragm.
183 2536 195 2575 i.

62 2591 126 2629 Εὐδία.
150 2593 180 2640 τὴν
192 2593 232 2629 κατὰ
244 2593 289 2630 θεὸν
300 2592 355 2631 αὐτοῖς
366 2592 433 2641 γενομέ-

95 2660 125 2693 νην
134 2648 193 2685 εὐδίαν.
208 2646 249 2698 Igu.
261 2645 336 2698 Smyrn.
349 2659 377 2685 11.

68 2700 167 2749 Εὐδόκησις.
191 2704 244 2740 πάντα
255 2703 278 2740 τὰ
289 2704 366 2751 γινόμενα
378 2703 395 2740 ἐν
406 2702 434 2738 εὐ-

95 2755 171 2803 δοκήσει.
187 2756 244 2796 Olem.
256 2756 268 2795 I
279 2769 310 2804 40.
332 2795 333 2798 ,

61 2810 157 2850 Εὐείκτως.
173 2809 229 2864 (Voss.
239 2809 300 2864 Leeb.)
314 2815 349 2850 πῶς
358 2811 433 2848 εὐείκτως

94 2894 99 2902 .
116 2894 120 2903 .
136 2895 140 2903 .
156 2867 251 2905 ἐπιτελοῦσι
267 2868 289 2905 τὰ
305 2868 432 2913 διατασσόμενα.

94 2918 155 2959 Olem.
166 2921 218 2972 137.

62 2975 170 3024 Ebcpywla.
198 2978 302 3027 εὐεργεσίαις
316 2992 334 3013 τε
346 2975 432 3023 κολληθῶ-

32 3046 33 3050 ’
92 3045 130 3076 μεν.
148 3029 227 3069 01111ιύ
240 3044 269 3081 19.
299 3031 321 3078 μὴ
335 3033 351 3068 αί
364 3032 431 3080 εὐεργε-

93 3085 131 3121 σίαι
146 3087 196 3123 αὐτοῦ
211 3089 227 3124 αἱ
241 3087 306 3125 πολλαί
318 3086 396 3134 γένωνται
407 3084 432 3122 είς

799 230 828 275 59

488 346 541 391 κρῖμα.
564 356 595 380 21.
619 344 743 392 πραετοιράσας
756 344 786 381 τὰς
799 344 825 379 εὐ-

488 398 572 447 εργεσίας.
588 396 619 446 38.
639 398 734 446 Εὐεργεοία
742 398 826 436 τοίςύπα-

489 452 588 501 ὃεεστέροις.
604 450 646 502 Ign.
656 451 732 503 Fragm.
743 450 767 490 iv.

462 507 563 556 Εὐεργετεῖν.
607 507 697 556 εὐεργετῶν
721 507 743 543 rb
767 508 825 545 πάντα.

489 560 546 600 (116111.
558 560 570 599 Ι
583 572 613 598 20.
642 559 657 598 οί
670 562 697 598 καί
710 561 826 610 εὐεργετούμε-

489 631 514 653 νοι
522 616 591 665 χείρους
599 616 675 665 γίνονται.
691 615 733 667 Ign.
743 615 797 654 Rom.
808 626 825 665 5.

462 672 575 720 Εὐεργετικός.
599 670 618 707 '0
651 671 754 721 εὐεργετικὸς
762 670 825 720 Πατήρ,

489 723 611 774 Olem.123.
669 765 670 768 Ἴ

463 780 540 819 Εὐδετος.
569 781 599 817 ε’ίιν
613 781 662 824 λάβω
680 781 738 830 καιρὸν
754 780 825 818 εὔθετον.

490 834 552 886 Polyb.
564 833 613 874 Phil.
627 847 655 884 13.

463 890 533 929 Εὐθέως.
552 892 574 928 E?
583 891 617 941 γάρ
626 892 654 927 τδν
662 890 735 936 μισθὸν.
744 919 749 928 .
758 891 827 929 ,ὁθεδς

489 944 549 984 εὐθέως
555 945 641 983 ἀπεδίδου.
653 943 711 983 Olem.
717 944 794 997 Fragm.
800 944 826 983 iii.

489 1000 548 1039 εὐθέως
563 1000 660 1047 ἐπέστησαν
671 1002 687 1037 σί
699 1002 786 1048 ζητοῦντες
798 1003 826 1037 αὐ-

488 1057 521 1093 τόν.
532 1054 594 1094 Mart.
605 1054 667 1106 Polyb.
679 1055 695 1093 6.
721 1056 789 1094 Εὐθέως
798 1056 827 1093 οῦν

488 1111 542 1149 αὐτοῖς
562 1111 643 1147 ε’κέλευσε
662 1111 780 1158 παρατεθῆναι.
807 1119 824 1160 7.

488 1165 554 1204 Εὐθέως
563 1165 594 1203 οὖν
603 1167 646 1215 αὐτῷ
655 1166 763 1215 περιετίθετο.
782 1178 810 1215 13.

462 1219 519 1268 Εὐθής.
545 1219 609 1258 ’Ἔστιν
625 1219 655 1257 οὐν
669 1223 719 1258 τοῦτο
736 1221 784 1270 ἱίγιον
799 1222 825 1258 καί

488 1274 538 1313 εὐθές.
554 1274 614 1314 Olem.
625 1273 700 1326 Fragm.
710 1273 750 1314 viii.

461 1329 540 1377 Εὐθυμος.
565 1331 612 1379 κάγὼ
621 1330 730 1379 εὐθυμότερος
739 1331 823 1380 ἐγενόμην.

487 1384 603 1437 Ign.Polyc.
615 1392 631 1434 7.

462 1439 520 1478 Εὐθύς.
549 1441 606 1486 θῶμεν
619 1440 648 1487 τίην
661 1441 700 1477 ὁδὸν
710 1440 741 1487 τὴν
755 1439 824 1478 εὐθείαν.

488 1492 546 1533 (116111.
557 1494 581 1533 Π
592 1502 609 1544 7.
634 1495 682 1533 εὐθὺς
690 1495 743 1532 αὐτοῦ
752 1495 823 1544 ἥψαντο.

488 1548 531 1600 Ign.
542 1548 620 1601 Smyrn.
633 1561 649 1598 3.
674 1550 723 1588 εὐθύς
737 1549 788 1599 γνούς
801 1553 825 1601 τῷ

486 1604 571 1652 πνεύματι.
595 1603 620 1643 ib.
661 1604 710 1643 εὐθὺς
729 1605 823 1652 ἐμβληθείς.

488 1658 543 1697 Mart.
554 1659 597 1711 Ign.
609 1659 626 1697 6.

461 1713 537 1761 Εὐκλεύς.
557 1716 588 1752 τὸν
593 1715 651 1761 εὐκλεῆ
657 1744 661 1752 .
668 1743 673 1752 .
682 1716 721 1761 ,τῆς
728 1714 777 1763 ἁγίας
784 1714 823 1762 κλή-

487 1782 530 1807 σεως
538 1769 586 1817 ἡμῶν
595 1770 657 1806 κανόνα.
673 1767 733 1807 Olem.
745 1767 756 1806 I
766 1775 784 1817 7.

461 1824 540 1862 Εὐκλεῶς.
565 1827 639 1873 ἤνεγκαν.
655 1821 714 1862 (1111111.
725 1823 737 1861 Ι
747 1831 777 1872 45.

460 1879 545 1917 Εὐκτσῖος.
574 1879 621 1917 ὅπως
632 1879 692 1916 θάττον
704 1879 737 1926 τὴν
750 1879 825 1916 εὐκταίαν

490 1933 749 1983 ...εῐρίηνην...άπιιγγε’λλωσιν.
766 1932 824 1972 Olem.
852 1963 853 1967 .

461 2043 549 2088 Εὐλάβεια.
585 2042 702 2091 δουλεύσομεν
720 2045 766 2095 αὐτῷ
785 2044 826 2091 μετὰ

488 2100 545 2146 φόβου
552 2100 580 2136 καί
586 2098 643 2146 πάσης
652 2099 746 2143 εὐλαβείας.
762 2097 824 2149 Polyc.

488 2152 535 2191 Phil.
546 2154 566 2191 6.

461 2209 581 2254 Εὐλαβέῑσθαι,
604 2208 623 2244 οὐ
635 2208 668 2257 γάρ
680 2209 792 2253 εὐλαβοῦνται
802 2208 825 2255 μή

488 2278 513 2302 τις
521 2263 583 2302 αὐτούς
592 2261 693 2310 μεταστήσῃ.
705 2261 766 2301 Olem.
775 2261 823 2311 144.

461 2317 544 2365 Εὐλαβῆς.
563 2318 591 2354 δεῖ
598 2317 631 2366 γίιρ
640 2318 775 2367 εὐλαβεστέρους
783 2318 824 2365 ἡμᾶς

487 2373 597 2422 ὑπάρχοντας.
612 2370 668 2410 Μαῐύ.
677 2371 741 2422 Polyc.
753 2384 770 2408 2.

460 2428 545 2475 Εὐλογείν.
567 2426 614 2475 παρά
622 2428 657 2464 τοῖς
665 2426 783 2476 εὐλογημένοις
791 2428 824 2463 ὑπὸ

486 2484 516 2518 τοῦ
534 2484 582 2519 θεοῦ.
608 2478 665 2518 Olem.
683 2480 693 2517 1
709 2493 743 2529 3ο.
777 2482 824 2520 Τίνος

486 2537 535 2585 χάριν
546 2533 633 2584 ηὐλογὴθη
646 2537 656 2571 ὁ
669 2536 724 2584 πατὴρ
738 2535 785 2583 ἡμῶν
795 2536 823 2572 Ἀ-

486 2591 557 2640 βραάμῑ
582 2601 613 2639 31.
650 2591 702 2627 πάντα
725 2592 823 2635 τελειώσας,

487 2645 566 2693 ἐπῄνεσεν
580 2644 627 2692 αὐτὰ,
638 2645 664 2681 καὶ
675 2645 776 2694 ηὐλόγησεν.
792 2659 822 2695 33.

487 2703 506 2747 τῇ
523 2698 625 2749 εὐλογημένη
634 2728 638 2738 .
646 2728 662 2737 ..
671 2699 757 2748 ἐκκλησίᾳ.
781 2700 822 2752 Igu.

487 2753 535 2805 Eph.
555 2753 615 2792 Inscr.
650 2754 725 2791 διακόνου
744 2756 790 2803 ὐμῶν
808 2758 825 2793 ἐν

487 2812 539 2848 πιῖσιν
554 2808 670 2857 εὐλογημένου.
692 2822 708 2847 2.
739 2813 759 2858 τῇ
775 2812 823 2848 εὐλο-

487 2867 547 2914 γημένη
569 2864 588 2900 ἐν
605 2864 661 2912 χάριτι
683 2868 727 2901 Θεοῦ
750 2870 824 2916 Πατρός.

487 2918 549 2969 Magn.
572 2917 631 2955 Insel'.
668 2920 734 2968 εὐλογῶ
754 2937 780 2965 σε,
800 2922 825 2959 ὅτι

486 2974 559 3021 ἡξίοσάς
582 2988 608 3020 με.
632 2972 687 3012 Mart.
709 2974 773 3027 Polyb.
796 2990 824 3025 14.

486 3030 524 3065 αίνῶ
538 3044 565 3072 σε,
580 3029 645 3077 εὐλογῶ
659 3045 685 3068 σε,
704 3029 731 3069 ib.
761 3034 827 3082 εὐλυγεῖ

486 3085 514 3121 τὸν
522 3083 588 3133 Κύριον.
608 3095 637 3133 19.

510 3136 543 3177 λι
