2017 3420
163 249 245 312 σο,

140 388 142 396 .
190 358 250 398 (ilem.
266 357 277 397 Ῑ
291 360 308 399 6.
337 359 392 408 δεινὴν
410 359 488 399 σῦνοικον
503 361 533 409 την

190 414 277 464 ἁμαρτίαν.
290 413 366 466 Fragm.
383 414 408 454 vi.
445 415 534 464 ὑπέμειναν

191 469 245 507 δεινάς
261 470 344 508 κολάσεις.
359 468 416 509 Μυιῦ-
433 469 497 522 Polyc.
514 482 530 508 2.

157 543 159 546 ⁴
191 524 237 561 δεινὰ
246 522 311 572 ῥήματα
320 525 439 575 έλεγοναῦτῲ.
451 526 469 563 8.
482 550 484 554 ν

164 579 248 626 Δειυότης.
277 579 311 617 ῦπδ
327 579 418 626 θηριώδους
434 594 532 629 στρατιωτι-

191 634 221 680 κῆς
230 634 329 680 δεινότητος.
340 631 398 672 Mart.
408 632 451 684 Igu.
463 646 480 671 2.

157 689 246 724 heivrvovi
253 688 321 725 δείπνου
331 688 370 736 ὥρη.
378 686 435 726 Mart.
443 687 507 740 Polyc.
516 696 531 739 7.

164 742 243 779 Δεῖσθαι.
271 742 292 778 Εἰ
301 742 331 779 σῦν
340 742 412 789 δεόμεθα
422 746 452 780 τοῦ
464 742 533 793 Κυρίου,

191 794 218 832 ἵνα
227 796 266 843 ἡμῖν
275 796 317 845 ἀφῇ.
327 795 391 847 Polyo.
403 795 451 835 Phil.
461 798 478 836 6.

165 852 260 899 Δεκατρεῖς.
295 851 329 900 πρὸ
344 851 434 900 δεκατριῶν
449 851 535 889 καλανδῶν

190 904 310 953 Ἰαννουαρίων.
321 903 378 943 Mart.
390 905 432 956 Igu.
444 912 461 955 7.
518 899 522 905 .

163 959 275 1008 Δεκέμβριος.
302 959 392 996 τουτέστιν
401 960 499 1011 Δεκεμβρίῳ
508 960 531 996 εί-

190 1013 233 1050 κάδι.
244 1011 301 1051 Mart.
313 1012 356 1063 Ign.
367 1020 384 1062 7.

164 1068 231 1105 Δεκτός.
266 1068 379 1117 ὁλοκόρπωμα
394 1069 456 1106 δεκτόν.
474 1067 532 1106 Mart.

190 1120 255 1172 Polyc.
268 1133 298 1168 14.

164 1175 229 1221 Δεξιός.
257 1176 284 1212 καί
296 1176 356 1225 θρόνον
371 1177 389 1213 ἐκ
402 1176 462 1223 δεξιῶν
475 1178 532 1214 αὐτοῦ.

189 1228 253 1280 Polyc.
264 1228 313 1268 Phil.
326 1241 342 1267 α.

163 1283 272 1329 Δεξιοῦσθαι.
301 1285 395 1330 ἐδεξιοῦντο
401 1285 435 1335 γὰρ
441 1286 471 1323 τὸν
478 1286 531 1335 άγιον.

190 1336 332 1389 Ma1l.1gn.3.

157 1394 256 1438 Amisum,
266 1395 293 1431 τά.
322 1395 346 1429 Τὰ
358 1394 441 1432 δεπόσιτα
450 1395 501 1442 ὑμῶν,
510 1394 532 1431 τά

189 1447 231 1496 ἔργα
239 1447 292 1494 ὑμῶν.
302 1446 347 1499 Ign.
357 1447 422 1499 Polyo.
433 1448 453 1486 6.

162 1500 221 1550 Δέρας.
250 1500 313 1540 λύκος.
323 1530 327 1539 .
337 1530 341 1539 .
350 1503 368 1539 ἐν
382 1504 471 1553 προβάτου
487 1502 532 1552 δέρει

189 1554 233 1606 Igu.
240 1554 321 1608 ,δυαρυμ
331 1555 359 1595 ix.

162 1609 252 1658 Δέρεσθαι.
280 1613 362 1660 Μεγάλου
372 1612 420 1648 ε’στὶν
429 1611 503 1659 ἀθλητοῦ
512 1612 532 1648 τὸ

189 1664 273 1714 δέρεσθαι.
284 1664 328 1716 Ign.
339 1664 404 1716 Polyc.
414 1677 433 1714 3.

158 1718 226 1768 Δέρμα.
253 1717 312 1758 οἵτινες
328 1720 346 1757 έν
360 1715 442 1768 δέρμασιν
456 1719 531 1770 αἰγείοις.

189 1771 314 1823 Olem.I17.
357 1777 359 1781 ’

163 1827 259 1876 Δεσέρτιιιρ.
287 1828 342 1876 Μὴτις
352 1829 398 1876 ὑμῶν
407 1828 493 1878 δεσέρτωρ
503 1829 530 1864 εῦ-

189 1882 237 1930 ρεθῇ.
248 1880 292 1933 Ign.
302 1881 366 1933 Polyc.
377 1883 396 1921 6.

163 1937 228 1983 Δεσμά,
242 1938 268 1974 τά.
298 1938 364 1975 ἑπτάκις
378 1938 434 1984 δεσμά
445 1937 529 1987 φορέσας.

191 1989 251 2028 (116111.
262 1990 271 2027 Ι
282 1999 300 2039 5.
319 1991 395 2029 πολλοῦς
404 1991 422 2028 έν
430 1991 469 2039 ἡμῖν
477 2006 530 2040 παρα-

191 2045 284 2083 δεδωκότας
297 2045 366 2082 ἑαυτοὺς
384 2047 408 2084 εἷς
422 2046 483 2093 δεσμά.
499 2052 531 2093 55.

190 2100 208 2135 έν
226 2096 240 2149 ᾧ
258 2100 280 2135 τὰ
296 2100 351 2146 δεσμά
368 2100 461 2149 περιφέρει).
490 2100 531 2149 Ign.

190 2152 240 2203 Eph.
256 2165 284 2191 11.
300 2151 349 2191 ἐνοίς
358 2153 446 2202 περιφέρω
456 2155 530 2201 δεσμοῖς.

190 2207 257 2258 Magn.
270 2220 287 2245 1.
315 2209 414 2255 Παρακολεί
422 2208 464 2254 ὑμᾶς
473 2209 493 2245 τά
503 2208 529 2243 δε.

190 2265 226 2310 σμά
240 2277 279 2310 μου.
296 2260 353 2299 'lh'all
369 2273 399 2300 12.
427 2261 533 2311 Ἀντίψυχον

189 2318 236 2364 ὑμῶν
243 2345 247 2354 .
256 2345 260 2354 .
268 2345 272 2354 .
279 2317 300 2353 τά
307 2317 362 2363 δεσμά
368 2331 407 2364 μου.
415 2313 492 2366 Smyrn.
501 2328 531 2353 10.

190 2372 343 2422 θεοπρεπεστάτοις
352 2371 427 2418 δεσμοῖς.
441 2382 471 2408 11,
500 2386 533 2406 σου

189 2427 286 2476 άντίψυχον
295 2426 334 2475 ἐγώ,
349 2426 376 2462 καὶ
390 2426 411 2462 τὰ
425 2426 480 2472 δεσμά
492 2440 531 2472 μου.

190 2480 255 2532 Polyc.
265 2493 283 2518 2.
310 2480 437 2527 ἐνειλημμένους
443 2481 479 2517 τοῖς
485 2483 532 2527 άγιο-

189 2535 264 2583 πρεττέσι
280 2536 354 2582 δεσμοῖς.
372 2533 436 2585 Polyc.
450 2532 499 2571 Phil.
514 2545 531 2570 1.

190 2590 259 2637 δεσμοῖς
273 2587 359 2636 συνδίησας
373 2589 455 2637 σιδηροῖς.
473 2587 531 2625 Mart.

189 2643 233 2695 Ign.
244 2656 262 2682 2.
290 2642 398 2693 περιθέμενος
406 2643 427 2680 τὰ
435 2643 495 2689 δεσμά.
506 2640 532 2679 ib.

189 2702 225 2737 τοῖς
234 2699 303 2746 δεσμοῖς
312 2699 445 2746 ἔγκαυχῶμενος.
456 2709 474 2745 3.

163 2753 243 2800 Δέσμιος.
281 2752 351 2799 δέσμιον
360 2750 402 2790 ’ὑπὸ
423 2754 533 2801 στρατιωτῶν

189 2809 284 2856 γενόμενον.
295 2805 353 2844 Mart.
365 2805 407 2857 Ign.
419 2818 436 2843 2.

163 2864 236 2910 Δεσμός.
264 2862 297 2898 Τάν
306 2862 370 2908 δεσμόν
381 2864 410 2908 τῆς
422 2861 489 2910 ἀγάπης
501 2863 532 2896 τοῦ

190 2919 238 2953 θεοῦ.
255 2913 315 2953 Olem.
329 2914 386 2964 149.
420 2917 453 2953 πᾶς
468 2915 532 2961 δεσμὸς

189 2969 280 3019 ἠφανίζετο
289 2970 351 3008 κακίας.
380 2969 424 3021 Ign.
436 2968 487 3020 Eph.
502 2980 530 3017 ¹9.

190 3024 209 3062 ὃς
222 3023 272 3061 λῦσει
287 3024 317 3072 ἀφ’
333 3025 378 3071 ὑμῶν
391 3025 445 3062 πάντα
461 3025 530 3072 δεσμόν.

190 3077 263 3117 Philad.
274 3079 292 3115 8.

400 249 502 293 *INDEX
517 234 689 293 VERBORUM

560 361 654 408 Δεσπότης.
681 360 768 407 μετανοίας
781 360 834 397 τόπον
847 358 929 395 έδωκενό

588 417 683 463 Δεσπότης.
694 412 754 453 Olem.
764 412 782 451 Ι.
792 421 811 462 7.
840 415 849 451 6
860 413 928 450 Δεσπό-

587 485 616 517 της
636 473 670 507 τῶν
688 470 765 507 ἁπάντων
782 469 821 518 περὶ
841 467 929 516 μετανοίας

587 524 679 571 ἐλάλησεν.
690 524 709 561 8.
738 523 822 561 διέσωσεν
828 523 849 560 δι’
858 523 910 559 αὐτοῦ
919 523 929 557 6

588 580 677 626 Δεσπότης
688 578 709 615 τὰ
720 577 825 616 εἰσελθόντα,
834 605 839 615 .
847 577 896 622 ,ζῶα
910 588 928 625 9.

587 633 673 682 πρόδηλον
681 631 755 680 ποιίησας
766 633 776 668 ὁ
788 633 882 678 Δεσπότης.
898 642 927 668 11.

588 690 624 726 ταῖς
640 688 698 725 αῦταίς
713 688 771 736 ταγαῖς
786 689 817 724 τοῦ
833 686 927 723 Δεσπόταυ.

590 753 621 779 20.
649 744 659 779 6
672 741 724 791 μέγας
738 742 838 791 δημιουργὸς
852 740 879 777 καὶ
895 746 927 776 Δε-

589 798 654 843 σπότης
669 799 703 833 τῶν
718 797 799 834 ἁπάντων.
815 794 840 834 ib.
868 796 929 832 πῶςά

588 852 678 897 Δεσπότης
691 850 806 888 ἐπιδείκνυται.
822 862 854 898 24.
877 848 929 896 ἡμε-

588 907 676 953 γαλειότης
688 906 718 951 τῆς
728 904 807 954 προνοίας
817 907 847 942 τοῦ
859 904 928 940 Δεσπό-

587 974 624 996 του.
638 957 664 997 ib.
691 959 771 1006 μηθαμῶς
786 962 837 996 τοῦτο
853 958 903 995 ε’άσοι
919 960 929 994 ὁ

588 1014 681 1060 Δεσπότης.
697 1024 730 1061 33.
761 1013 816 1052 Αὐτὸς
828 1013 862 1063 γάρ
875 1014 885 1048 ό
899 1012 928 1059 δη-

587 1068 667 1116 μιουργός
683 1068 710 1103 καί
724 1068 814 1114 Δεσπότης
828 1070 861 1104 τῶν
875 1067 928 1103 ἀπάν-

587 1136 626 1158 των.
635 1120 660 1160 ib.
689 1120 772 1169 ἠθέλησεν
781 1123 791 1158 ό
802 1122 891 1168 Δεσπότης
900 1122 929 1168 τῆς

587 1175 670 1213 ἀθανάτου
682 1177 761 1224 γνώσεως
772 1175 815 1223 ἡμᾶς
826 1173 927 1225 γεύσασθαι.

588 1231 620 1279 36.
648 1229 701 1268 οὕτως
712 1228 778 1272 εἶπενά
791 1231 887 1277 Δεσπότης.
901 1228 927 1268 ib.

587 1284 621 1321 όσα
635 1286 645 1321 ὁ
660 1285 749 1332 Δεσπότης
764 1284 846 1322 ἐπιτελεῖν
860 1283 928 1321 ἐκέλευ-

586 1354 623 1376 σεν.
642 1351 673 1386 40.
702 1341 738 1377 τοῖς
755 1339 788 1388 γάρ
806 1339 881 1387 νομίμοις
898 1341 928 1375 τοῦ

586 1394 675 1431 Δεσπότου
685 1393 821 1432 ἀκολουθοῦντες.
831 1391 856 1431 11).
871 1407 927 1442 προσ·

564 1445 565 1448 “
586 1447 666 1495 πέσωμεν
682 1450 706 1498 τῷ
725 1448 812 1494 Δεσπότῃ.
832 1448 863 1495 48.
898 1446 929 1484 Ἐν

586 1501 642 1551 ἀγάπη
654 1502 775 1552 προσελάβετο
785 1501 828 1549 ἡμᾶς
839 1504 848 1539 6
860 1503 927 1539 Δεσπό-

586 1571 620 1603 της.
629 1568 661 1606 49.
676 1555 778 1605 Άπρσσδεὴς
785 1584 789 1594 .
796 1584 801 1594 .
809 1584 813 1594 .
821 1558 831 1593 ὁ
838 1558 928 1603 Δεσπότης

588 1638 592 1647 .
601 1638 604 1647 .
615 1614 660 1648 ,τῶν
669 1611 752 1648 ἁπάντων.
763 1618 795 1658 52.
816 1609 890 1657 ἠξίωσεν
898 1611 928 1647 τὸν

586 1666 705 1710 παντεπόπτην
714 1666 808 1712 Δεσπότην.
820 1673 851 1713 55.
875 1665 927 1714 ὑπερ-

587 1721 674 1767 ασπισμός
690 1719 737 1756 ἐστιν
751 1721 786 1757 τοῖς
803 1718 928 1766 παιδευομένοις

586 1773 619 1811 ῦπδ
628 1777 658 1810 τοῦ
671 1775 766 1811 Δεσπάτου.
778 1773 810 1821 56.
838 1776 928 1820 Δεσπότης

586 1832 619 1865 τῶν
636 1828 740 1875 πνευμάτων.
761 1828 793 1875 58.
826 1828 928 1876 Εὐχαριστῶ

586 1897 621 1925 σοι,
631 1881 717 1920 Δέσποτα.
728 1880 785 1919 Mart.
796 1880 840 1932 Ign.
852 1894 870 1919 2.

559 1938 669 1974 Δεσποτικός.
697 1938 713 1973 οἶ
724 1939 744 1983 τῇ
754 1936 846 1984 δεσποτικῇ
858 1936 927 1984 ἀποφά-

587 2006 614 2027 σει
623 1991 734 2040 χρησάμενυι.
745 1990 788 2041 Ign.
798 1989 898 2042 Fragmi.

560 2048 619 2092 Δεῦρο.
648 2047 702 2094 Δεῦρο
710 2046 754 2094 πρὸς
762 2046 791 2082 τὸν
799 2045 872 2095 Πατέρα.
883 2044 926 2096 Ign.

587 2098 642 2136 Rom.
654 2106 671 2148 7.

559 2151 646 2202 Δεῦτερος.
675 2153 699 2191 εἰς
710 2153 788 2202 δεῦτερον
796 2154 823 2190 καί
834 2152 891 2203 ἀγήρω
901 2156 927 2191 αἶ-

586 2211 624 2245 ῶνα,
636 2206 781 2258 Olem.F1'agm.
792 2206 804 2245 i.
820 2210 840 2245 El
849 2209 882 2257 γάρ
891 2210 927 2247 ἑνός

587 2262 613 2298 καί
624 2261 703 2310 δευτέρου
713 2261 808 2310 προσευχίη.
821 2261 863 2313 Igu.
877 2262 925 2313 Eph.

588 2323 604 2362 5.
620 2316 638 2353 ἐν
646 2318 670 2366 τῷ
677 2315 749 2367 δευτέρῳ
755 2317 844 2367 βιβλιδίῳ.
852 2329 884 2354 20.
900 2319 928 2354 διὰ

587 2370 606 2406 δὲ
618 2373 649 2407 τοῦ
663 2370 746 2418 δευτέρου,
757 2369 782 2407 ὅτι
795 2372 823 2408 καὶ
834 2370 926 2420 ἅνθρωπος.

586 2422 663 2475 Fragm.
671 2423 709 2462 viii.
738 2426 854 2463 ὑπατευόντων
863 2453 867 2462 .
879 2454 883 2463 .
894 2453 898 2463 .
908 2428 927 2463 τὸ

587 2477 671 2528 δεῦτερον.
679 2478 736 2518 Mari.
745 2478 787 2530 Ign.
797 2487 814 2528 7.
827 2481 878 2527 μηνός
884 2484 923 2519 Ξαν-

587 2533 634 2570 θικοῦ
643 2533 718 2582 δευτέρη.
728 2533 785 2572 Mart.
797 2534 860 2586 Polyc.
873 2546 903 2572 21.

560 2587 652 2634 Δέχεσθαι,
685 2590 734 2627 ποῖας
750 2589 769 2626 δὲ
784 2591 848 2636 κόσμος
862 2590 928 2635 δέξεταί

587 2656 635 2684 τινα,Ι
659 2640 718 2681 (116111.
739 2643 748 2680 Ι
766 2645 797 2681 28.
825 2645 858 2681 πᾶς
875 2646 927 2683 τόπος

587 2694 652 2741 δέξεται
661 2697 715 2735 αὐτόν.
729 2706 760 2745 54.
787 2696 840 2737 οὕτως
849 2698 875 2734 δεῖ
885 2698 928 2746 ἡμᾶς

586 2750 636 2787 αὐτῶν
645 2751 731 2799 δέχεσθαι.
742 2752 784 2803 Igu.
795 2751 844 2803 Eph.
856 2752 873 2790 6.
894 2757 927 2790 τῶν

586 2804 678 2851 ἐκκλησιῶν
695 2810 729 2843 τῶν
747 2807 841 2854 δεξαμένων
858 2822 879 2853 με
903 2809 927 2846 εἷς

586 2857 637 2905 άνομα
652 2860 710 2906 Ἰησοῦ
723 2864 805 2911 Χριστοῦ.
835 2860 891 2898 Rom.
907 2874 925 2911 9.

585 2915 608 2962 τῷ
618 2917 656 2965 θεῷ
663 2914 760 2963 εὐχαριστῶ
769 2944 772 2953 .
782 2943 787 2953 ,
796 2944 800 2953 .
808 2914 835 2952 ὅτι
844 2916 926 2962 ἐδέξασθε

585 2967 651 3007 αὐτούς.
662 2967 735 3007 Philad.
746 2981 775 3007 11.
804 2969 899 3017 δεξαμένοις
906 2972 927 3008 τὰ

585 3021 670 3069 μιμήματα
679 3025 708 3070 της
717 3024 789 3072 ἀληθοῦς
798 3024 869 3073 ἀγάπης.
889 3025 925 3063 Ρο-

585 3074 621 3125 lyc.
632 3076 679 3116 Phil.
693 3089 707 3116 1.
