1931 3420
297 231 334 274 ΕΤ
348 231 572 277 FORMULARUM.

85 344 168 395 παναγίου
186 343 288 392 Πνεόματσς.
304 342 335 382 vii.
364 345 423 381 διωκό-

86 415 136 448 μενον
143 398 217 448 άσθματι
222 401 291 446 πνεῦμα.
298 396 337 437 viii.
353 399 424 450 σχοινίεμ

87 456 172 503 χμόιμενυι
180 456 204 504 τῷ
213 452 298 501 Πνεόμιατι
307 456 330 504 τῷ
337 453 362 490 Ἀ.
372 452 422 505 ¹Ign.

88 508 137 561 Eph.
147 521 165 559 9.
180 508 274 558 Περίψημα
283 509 303 546 τὸ
312 508 352 556 έμδν
360 512 424 556 πνεῦμα

88 568 118 602 τοῦ
135 566 215 612 σταυροῦ.
234 564 265 600 18,
294 563 312 599 ἐκ
328 562 424 612 σπέρματος

88 620 119 668 μὲν
134 619 195 663 Δαβὶδ,
211 616 309 666 Πνεόματας
325 618 343 655 δὲ
358 617 383 656 Ἀ.
399 616 424 656 ib.

88 675 149 712 ἕνωσιν
157 676 228 722 εὔχομαι
242 674 304 722 σαρκός
317 674 343 710 καί
352 672 424 721 πνεόμα-

88 745 122 768 τος.
138 727 203 779 Magn.
217 740 232 766 1.
262 730 285 779 τῷ
304 727 385 776 πνεύματι
403 729 425 766 ὡς

88 785 191 822 διδάσκαλον
207 784 258 820 αὐτόν
272 785 392 833 προσεδόκουν.
406 794 423 832 9.

89 838 213 886 κατευοδωθῇτε
229 838 279 887 σαρκὶ
298 839 325 874 καί
338 837 424 886 πνεύματι,

92 906 122 943 13.
149 893 244 942 ἀδιάκριτον
258 895 328 940 πνεῦμα.
346 900 376 941 15.
404 908 425 940 με

90 949 186 987 ἀνέπαυσαν
198 947 249 996 σαρκί
263 963 282 985 τε
298 949 325 985 καὶ
338 947 423 995 πνεύματι.

90 1001 147 1042 Trall.
160 1015 189 1041 12.
211 1002 294 1053 Ἀγνίζετε
303 1003 348 1050 ὑμῶν
357 1004 377 1040 τδ
386 1003 425 1049 έμδν

89 1062 159 1107 πνεῦμα.
169 1069 198 1107 13.
216 1058 258 1095 κατά
267 1059 322 1106 σάρκα
329 1059 355 1094 καὶ
361 1060 425 1105 πνεῦμα

90 1113 183 1161 ἡνωμένοις.
194 1111 250 1150 Rom.
260 1111 319 1150 Inscr.
341 1112 409 1158 Ἀσπάζ
417 1135 424 1142 -

90 1184 118 1206 ται
127 1169 169 1215 ὑμᾶς
178 1168 198 1205 τό
207 1168 247 1215 ε’μδν
255 1170 325 1214 πνεῦμα.
336 1179 353 1216 9.
370 1168 388 1204 ἐν
396 1169 425 1212 βε-

91 1221 183 1269 βαιωσὺνη,
198 1225 222 1273 τῷ
236 1222 257 1259 Ἁ.
271 1223 322 1258 αὐτοῦ
335 1221 425 1270 Πνεόματι.

29 1278 32 1283 “
73 1301 75 1303 -
92 1276 231 1315 Ρίιίίαό.Ιααοτ.
247 1278 266 1313 τό
275 1279 344 1324 Πνεῦμα
353 1278 372 1313 οὐ
381 1279 425 1315 τλα-

92 1335 144 1370 νᾶται.
155 1340 172 1381 7.
192 1333 216 1368 Τὸ
224 1332 242 1369 δὲ
250 1335 319 1376 Πνεῦμα
328 1329 425 1380 ε’κίηρνσσεν.

92 1386 116 1426 ib.
145 1388 163 1424 ἐν
171 1387 234 1437 ἀμώμῳ
247 1385 328 1433 πνεύματι
341 1387 367 1423 καὶ
380 1387 427 1436 λόγῳ

92 1445 141 1480 θεοῦ.
157 1440 232 1492 Smyrn.
244 1439 303 1479 Inscr.
332 1441 427 1488 καθηλωμέ-

92 1513 130 1536 ναυς
139 1497 157 1533 έν
165 1500 188 1548 τῷ
198 1499 266 1547 σταυρῷ
277 1497 365 1545 ...σαρκί
374 1511 393 1533 τε
402 1497 428 1532 καὶ

92 1551 179 1600 πνεόματι.
190 1563 205 1589 1.
230 1549 336 1600 κρατηθέντες
344 1553 365 1598 τῇ
378 1553 428 1599 σαρκὶ

92 1608 144 1644 αὐτοῦ
157 1608 183 1643 καί
197 1609 221 1656 τῷ
233 1605 319 1652 πνεύματι.
335 1618 350 1655 3.
375 1605 428 1643 Ἀντί-

93 1662 153 1711 ψυχαυ
166 1662 212 1708 ὑμῶν
230 1662 250 1698 τό
264 1661 328 1708 πνεῦμά
343 1676 381 1708 μου.
398 1671 426 1698 10.

93 1717 111 1753 ἐν
125 1717 193 1763 δυνάμει
208 1714 310 1763 Πνεόματυς.
330 1727 358 1765 13.
387 1730 427 1764 γρη-

93 1773 146 1821 γόρει,
156 1771 245 1818 ἀκοίμητον
253 1774 318 1817 πνεῦμα
326 1772 427 1816 κεκτημένος.

94 1825 156 1877 Polyc.
166 1837 182 1863 1.
210 1828 245 1864 τοῖς
254 1825 333 1872 συμβίοις
342 1825 429 1873 ἀρκεῖσθαι

94 1875 145 1930 σαρκὶ
159 1882 186 1918 καί
203 1879 289 1927 πνεόματι.
306 1888 323 1928 5,
351 1878 429 1926 ἐπιθυμία

94 1938 135 1973 κατὰ
152 1939 182 1972 τοῦ
200 1934 293 1983 πνεύματος
315 1933 427 1984 στρατεόεται.

94 1990 157 2042 Polyc.
168 1988 215 2028 Phil.
225 1998 242 2038 5.
263 1993 287 2040 τῷ
296 1991 339 2040 τόνῳ
348 1992 371 2040 τῷ
380 1988 428 2026 πνεό-

93 2061 137 2093 ματι.
161 2044 218 2083 Mart.
238 2043 280 2095 Igu.
302 2056 317 2081 1.
349 2044 430 2082 ε’ττιπεσδν

93 2101 150 2145 βίαιον
158 2102 226 2147 πνεῦμα.
241 2107 258 2147 5.
287 2098 306 2137 ός
319 2099 368 2137 εὐθὺς
380 2099 431 2148 γνοὺς

94 2159 118 2206 τῷ
134 2154 220 2203 πνεόματι.
238 2154 255 2192 6.
283 2154 333 2201 ὀθόνη
397 2154 430 2191 ὑπό

95 2210 188 2258 πνεύματος
196 2211 307 2258 πληρουμένη.
324 2208 383 2247 Mart.
394 2207 430 2246 Po-

95 2264 131 2315 lyo.
145 2276 173 2313 15.
202 2266 234 2301 σὺν
243 2265 298 2313 Πατρί
307 2265 334 2301 καὶ
341 2264 366 2301 Ἀ.
377 2262 430 2301 Πνεό-

95 2335 140 2367 ματι.
151 2331 195 2358 22,4

69 2377 188 2422 Πνενματικός.
217 2373 306 2421 συνήθειαν
316 2403 320 2411 .
331 2404 334 2412 .
346 2402 350 2411 ,
361 2374 391 2411 οὐκ
402 2373 430 2409 ἀν-

96 2430 180 2478 θρωπίνην
189 2428 247 2478 οὖσαν,
257 2429 302 2466 ἀλλὰ
314 2427 430 2476 πνευματικήν.

96 2483 139 2535 Igu.
150 2483 198 2535 Eph.
210 2492 227 2532 5.
262 2482 292 2534 Εἷς
308 2484 363 2533 ἰατρός
379 2484 430 2530 ἔστιν,

97 2541 176 2589 σαρκικός
197 2554 216 2575 τε
234 2540 260 2576 καί
278 2540 391 2586 πνευματικός.
411 2545 430 2585 7.

97 2597 118 2631 Οἱ
133 2594 209 2642 σαρκικοί
224 2595 245 2631 τά
260 2594 360 2640 πνευματικὰ
376 2593 431 2641 πράσ-

83 2652 84 2655 ’
97 2664 134 2686 σειν
149 2650 168 2685 οὐ
182 2647 264 2692 δύνανται,
277 2649 315 2685 οὐδὲ
330 2650 431 2694 υἷ’πνενμα-

97 2705 139 2741 τικαὶ
156 2705 177 2741 τὰ
193 2704 270 2753 σαρκικά.
286 2705 303 2741 8.
328 2701 351 2739 “A
369 2703 387 2738 δέ
405 2702 431 2738 καὶ

97 2760 138 2795 κατὰ
152 2760 207 2808 σάρκα
219 2759 312 2807 πράσσετε,
322 2760 374 2794 ταῦτα
382 2771 431 2794 πνευ-

96 2814 158 2860 ματικά
172 2814 223 2850 ἐστιν.
236 2812 263 2850 ib.
290 2813 330 2851 τοὺς
344 2825 432 2857 πνευματι-

97 2868 136 2907 κοὺς
144 2866 253 2917 μαργαρίτας.
266 2879 296 2905 11.
321 2868 431 2913 πνευματικοῦ

98 2924 184 2972 στεφάνου
198 2926 227 2960 τοῦ
242 2922 367 2972 πρεσβυτερίου
380 2921 429 2969 ὑμῶν.

98 2975 162 3029 Magn.
174 2989 202 3027 13.
231 2976 258 3015 ἵνα
270 2977 330 3014 ἔνοσις
342 2973 431 3024 ῇσαρκικίη

98 3046 117 3067 τε
126 3033 152 3069 καὶ
161 3031 266 3078 πνευματικῇ.
280 3031 304 3070 ib.
333 3031 430 3072 ἀναστάσει,

99 3090 169 3136 σαρκικῇ
178 3101 196 3123 τε
206 3087 343 3133 καὶπνευματικῇ.
355 3083 429 3135 Smyrn.

775 230 814 274 101

481 357 509 383 12.
537 346 594 394 ἀγάπη
609 347 679 393 σαρκικῇ
693 360 712 382 τε
726 346 752 382 καὶ
765 359 814 381 πνευ-

478 403 542 448 ματικῇ.
561 411 590 449 13.
622 400 640 436 ἐν
656 401 704 447 πόση
722 399 814 447 ἐπιμελείᾳ,

478 458 548 505 σαρκικῇ
560 469 579 491 τε
592 454 619 491 καὶ
630 457 734 501 πνευματικῇ.
749 452 812 504 Polyc.

481 522 498 548 1.
536 509 568 546 Διίι
585 506 638 546 τοῦτο
654 510 732 557 σαρκικός
750 506 768 546 εί
788 510 815 546 καὶ

478 565 591 612 πνευματικός.
604 575 621 601 2.
649 567 762 610 πνευματικῶν
770 564 814 614 αὐτῷ

479 618 580 666 κοινωνήσας
585 617 700 667 χαρισμάτων,
707 616 763 657 Mart.
771 616 813 668 Ign.

480 687 497 723 3.
525 674 575 722 μέρος
584 673 700 722 χαρίσματος.
713 701 717 710 .
729 687 815 719 ,πνευμα-

479 731 531 766 τικοῦ.
542 727 566 766 ib.
594 728 697 778 γραμμάτων
706 759 710 766 ,
719 758 722 765 .
731 742 815 774 ,πνευμα-

479 783 525 830 τικὴν
534 814 538 822 .
547 814 550 822 .
560 783 701 828 ,ἀποσταζόντων
710 783 763 831 χάριν.
775 794 794 829 4.

452 843 574 886 Πνευματικῶς.
596 841 710 884 πνευματικῶς
719 838 817 875 ἐπέστειλεν

479 894 522 942 ὑμῖν.
533 891 592 931 Olem.
601 891 612 930 I
622 899 652 942 47.
675 892 693 929 έν
701 893 748 940 πόση
758 893 816 941 ἁγνείᾳ

482 980 498 988 ..
507 977 511 986 .
519 949 578 995 μένητε
587 979 590 987 ,
600 979 603 986 .
612 951 703 995 ,σαρκικῶς
709 948 736 984 καὶ
742 962 816 994 πνευμα-

479 1007 532 1042 τικῶς.
542 1003 585 1054 Igu.
593 1001 640 1053 Eph.
650 1014 680 1040 10.
703 1006 816 1050 πνευματικῶς

478 1058 560 1106 ἡνωμένος
568 1061 592 1095 τῶ
602 1059 663 1107 Πατμί.
674 1056 749 1108 Smyrn.
760 1069 778 1106 3.

453 1113 504 1160 Πνοῇ.
528 1113 548 1150 οὗ
557 1112 567 1160 ἡ
576 1114 618 1160 πνοὴ
627 1113 678 1150 αότοῦ
689 1114 706 1149 ἐν
714 1113 753 1160 ἡμῖν
762 1113 815 1149 ἔστιν.

481 1166 562 1207 Οίθ111.Ι
578 1179 607 1206 21.
636 1165 651 1218 ᾦ
664 1169 712 1204 πᾶσα
727 1167 769 1215 πνσὴ
784 1169 816 1204 λα-

480 1222 539 1271 τρεόει.
550 1221 613 1273 Polyo.
623 1220 671 1260 Phil.
684 1234 700 1260 2.

454 1279 513 1316 Πόθεν.
534 1275 578 1315 οἶδεν
586 1279 620 1327 γὰρ
628 1277 680 1315 πόθεν
688 1278 761 1327 ἔρχεται.
772 1275 815 1327 Ign.

481 1330 553 1371 Philad.
565 1339 581 1381 7.

454 1388 534 1435 Παθητός.
558 1388 577 1424 τὸ
586 1387 659 1433 παθητόν
667 1402 696 1434 μοι
705 1386 760 1434 όναμα.
772 1384 815 1437 Ign.

481 1442 536 1480 Rom.
546 1453 575 1479 10.
603 1443 625 1478 τίι
633 1441 707 1488 παθητόν
715 1457 747 1489 μου
757 1441 816 1488 ὄνομα.

482 1496 556 1547 Smyrn.
566 1508 597 1545 13.
613 1495 676 1547 Polyc.
688 1497 705 1534 8.

455 1552 515 1590 Πόθος.
544 1552 636 1597 ἀκόρεστος
650 1551 703 1590 πόθος
717 1551 740 1589 εἷς
754 1551 816 1599 ἀγαθο-

481 1604 541 1645 ποιίαν.
557 1604 616 1644 Olem.
628 1605 638 1643 I
650 1618 667 1643 2.
687 1621 689 1625 ’

455 1665 516 1699 Ποιεῖν.
545 1662 630 1709 βράδιον.
639 1690 655 1699 ..
666 1661 773 1709 ἐπιστροφὴν
785 1676 816 1697 πε-

481 1716 569 1763 ποιηκέναι.
580 1714 641 1753 Olem.
652 1715 660 1753 Ι
672 1727 690 1753 1.
714 1715 817 1764 ἀπροσωπο-

483 1771 551 1818 λῇπτως
568 1771 601 1820 γάρ
618 1772 672 1808 πάντα
691 1771 766 1808 ε’τταιεῖτε.
790 1768 817 1809 ib.

482 1828 535 1874 Ζῇλσς
544 1826 623 1872 ἐποίησεν
631 1824 697 1874 Ἰωσὴφ
709 1824 760 1874 μέχρι
769 1825 818 1862 θανά-

482 1895 512 1918 του
531 1881 626 1928 διωχθῇναι.
647 1893 663 1927 4.
701 1881 771 1917 ἐνώπιον
789 1882 819 1917 τοῦ
866 1886 867 1889 ’

482 1934 582 1981 ποιήσαντας
605 1934 653 1982 ἡμᾶς.
675 1942 693 1983 7.
734 1935 819 1984 πρόδηλον

483 1989 556 2037 ποιησας
570 1992 579 2026 ό
591 1993 684 2036 Δεσπότης.
698 2001 727 2027 11.
755 1991 818 2039 πρόδη-

483 2048 514 2082 λον
530 2048 663 2083 παιοῦντες.“12.
691 2044 788 2093 ποιήσωμεν
799 2046 819 2081 τό

484 2099 602 2150 γεγραμμένον.
619 2111 648 2149 13.
685 2100 715 2146 τὴν
733 2101 820 2149 εὐσπλαγ·

484 2155 532 2203 χνίαν
542 2187 543 2191 ,
553 2186 556 2194 ,
566 2160 608 2192 ,τοῦ
616 2155 718 2201 ποιησαντος
728 2155 775 2202 ἡμᾶς.
790 2166 818 2202 14.

484 2212 501 2247 τί
509 2209 602 2258 ποιήσομεν
610 2209 657 2256 ἡμεῖς
661 2225 667 2252 ,¹
682 2210 712 2247 16.
740 2211 759 2246 οὗ
768 2211 820 2256 μόνον

484 2265 566 2311 ἡμᾶς...
578 2265 657 2309 βελτίους
679 2264 761 2310 ἐποίησεν.
788 2275 817 2312 19.

485 2319 538 2357 καθὼς
556 2318 631 2365 διέταξεν
648 2319 694 2365 αὐτῇ.
720 2331 749 2356 20.
789 2320 819 2356 τάς

485 2373 654 2411 συνελεύσειςαότῶν
668 2401 671 2410 .
688 2401 692 2410 .
708 2402 712 2410 .
727 2376 816 2411 ποιοῦνται.

484 2427 508 2466 ib.
537 2428 607 2465 ένόιπιον
625 2428 677 2464 αὐτοῦ
692 2431 765 2474 ποιῶμεν
780 2426 818 2474 μεθ’

485 2483 566 2530 ὁμονοίας.
582 2493 613 2519 21.
640 2482 679 2518 αιἰδέ
688 2486 721 2519 τῶν
730 2482 818 2530 διαλογισ-

484 2541 520 2584 μῶν
529 2538 552 2573 ὧν
560 2535 656 2584 ποιοίμεθα.
666 2535 691 2574 ih.
719 2538 739 2573 τά
749 2537 819 2576 ε’πιεικές

485 2594 514 2639 τῇς
529 2593 612 2640 γλώσσης
623 2620 652 2628 ...
663 2592 737 2640 φανερόν
747 2594 819 2638 ποιησά-

485 2661 546 2684 τωσαν,
557 2644 581 2683 ib.
610 2645 629 2692 ἧς
642 2647 672 2693 τὴν
685 2647 763 2694 ἀπαρχὴν
771 2648 818 2684 ἐπαι-
836 2646 839 2649 ’

484 2700 538 2747 ἠσατο
547 2701 576 2736 τόν
585 2699 651 2748 Κύριον,
663 2712 694 2747 24.
721 2702 773 2748 σηκόν
781 2702 819 2738 ἔαυ-

484 2757 507 2806 τῷ
522 2757 572 2792 ποιεῖ.
590 2765 620 2803 25.
649 2758 659 2792 ὁ
674 2756 817 2805 δημιουργὸς...

484 2810 577 2847 ἀνάστασιν
589 2808 682 2856 ποιήσεται.
697 2810 729 2848 26.
757 2811 784 2856 καὶ
797 2813 820 2850 ὡς

484 2865 535 2911 θέλει,
545 2863 611 2910 ποιήσει
620 2865 678 2902 πάντα.
691 2873 722 2914 27.
744 2865 820 2913 παιίησω-

484 2933 515 2966 μεν
528 2920 549 2955 τά
564 2922 594 2955 τοῦ
608 2922 692 2967 ἁγιασμοῦ
706 2921 765 2958 πάντα,
786 2934 819 2971 30.

485 2975 585 3012 καταλαλιάς
600 2976 658 3022 πόρρω
671 2975 741 3014 ἑαυτοὺς
753 2980 821 3014 ποιοῦν·

485 3044 516 3066 τες.
536 3027 560 3066 ib.
595 3028 675 3075 ἀλήθειαν
698 3031 724 3067 διὰ
747 3034 821 3071 πίστεως

485 3083 567 3131 παιίησαςς
579 3095 611 3132 31.
639 3085 659 3120 Τί
673 3084 703 3122 οόν
717 3085 819 3134 ποιήσωμεν,
844 3119 845 3123 ,
