2017 3420
153 228 190 272 86Ι
393 230 491 274 INDEX
506 229 678 275 VERBORUM

154 342 220 390 Μνήμη.
243 341 266 381 εἷς
274 358 293 380 τε
304 347 338 380 τῶν
346 343 443 392 ἦθληκάτων
451 344 520 393 μνήμην.

182 396 239 435 Mam
250 396 313 449 Polyo.
327 400 356 437 18.

154 452 272 500 Μνημονεύειν.
316 453 414 501 μνημονεύει
437 456 483 502 ὑμῶν
505 456 523 492 ε’ν

577 345 711 395 μυκτηρίζουσιν.
729 339 789 379 Οίθυι.
803 341 813 379 Ι
827 353 857 391 39.
887 342 916 378 Εί-

577 402 624 438 δότες
635 398 665 436 οὖν
674 398 700 436 ὅτι
710 397 752 435 θεὸς
764 397 784 432 οὐ
796 396 915 446 μυκτηρίζεται.

577 455 641 505 Ροίχο,
652 452 700 492 Phil.
712 461 731 501 5.

181 512 256 559 Χριστῷ.
275 507 319 560 Ign.
333 508 382 561 Eph.
396 522 426 547 12.
455 517 524 558 Μνημο-
550 509 614 560 Μύρον,
634 509 686 558 μύρον
695 509 759 554 ἔλαβεν
768 508 795 547 ε’ττί
804 509 833 554 τῆς
842 507 917 555 κεφαλῆς

181 561 237 600 νεύετέ
249 579 287 612 μου,
298 566 320 602 ὡς
329 568 356 601 καί
368 566 415 613 ὑμῶν
422 565 441 603 ’1.
452 571 472 602 X.
492 577 521 603 21.

577 566 629 602 αὐτοῦ
638 566 648 602 ά
657 562 723 613 Κύριος.
738 564 782 615 Ign.
791 561 840 613 Eph.
851 570 880 610 17.

181 618 299 665 Μνημονεύετέ
307 635 340 665 μου
349 620 409 659 ἕντοῖς
418 623 524 669 προσευχαῖς
551 623 638 669 Μυσαράς.
666 624 744 668 μυσαροῦ
757 619 816 666 ζήλους
830 617 916 667 άρχηγοίς,

181 674 231 720 ὑμῶν.
255 673 320 726 Magn.
340 687 369 723 14.
408 675 523 722 Μνημονεύετε

182 729 200 765 ἐν
218 731 254 767 ταῖς
271 733 378 778 προσευχαῖς
395 731 441 777 ὑμῶν
459 732 488 778 τῆς
506 731 524 767 ἐν

578 673 637 714 olem.
655 675 664 712 I
683 686 712 721 14.
742 674 915 724 φεύγοντες...μυσα-

577 731 609 779 ρὰν
617 730 699 778 μοιχείαν,
715 742 747 779 30.

181 785 233 831 Συρίᾳ
247 784 341 831 ἐκκλησίας.
362 784 418 823 Trall.
435 797 465 834 13.
494 783 522 823 Of.
551 784 653 834 Μυστίχριον.
682 784 720 834 τρία
737 784 820 833 μυστήρια
838 784 914 831 κραυγῆς.

182 838 238 876 Rom.
250 851 267 889 9.
296 841 337 887 μηδὲ
350 842 417 889 γένοιτό
429 855 458 887 μοι
469 841 524 877 αὐτῶν

181 893 294 941 μνημονεύειν.
308 893 383 944 Smym.
395 903 412 942 5.
431 894 522 942 μνημονεῦ-

181 963 228 987 οντες
235 950 253 985 δὲ
260 949 284 985 ὧν
290 947 336 986 εἶπεν
343 951 353 986 ὁ
361 949 423 998 Κύριος
432 950 521 987 διδάσκων.

182 1002 245 1053 Polyc.
262 1001 310 1041 Phil.
326 1016 342 1041 2.
372 1003 489 1051 μνημονεύσας
503 1007 523 1040 ά-

577 838 620 891 Ign.
635 837 685 890 Eph.
696 851 725 889 19.
755 840 775 877 δι’
789 839 810 877 οῦ
822 838 916 887 μυστηρίου

577 897 662 942 ἐλάβομεν
675 896 695 931 τὸ
708 894 798 933 πιστεύειν.
818 892 882 944 Magn.
897 905 915 941 9.

577 950 616 988 τοῦς
639 950 729 993 διακόνους,
750 950 799 988 ὄντος
820 948 917 997 μυστηρίων

576 1004 634 1051 Ἰησοῦ
642 1007 723 1051 Χριστοῦ.
739 1003 795 1042 Trall.
808 1016 824 1041 2.
834 1015 838 1020 '

180 1059 252 1095 πάντων.
272 1057 329 1096 Mart.
345 1057 409 1109 Polyc.
425 1059 443 1095 8.
472 1061 523 1107 μάνος
550 1062 679 1107 Μωμοσκοτιεῖν.
694 1059 916 1106 μωμοσκοπηθὲντδυροσ-

180 1113 214 1151 ὑπὸ
222 1114 290 1150 πάντων
299 1113 423 1161 μνημονεύεται.
441 1125 471 1162 19.

153 1169 271 1214 Μνημόσυναν,
310 1167 425 1218 λὲπαφροιύ
446 1169 523 1218 ε’γένοντο

180 1222 214 1261 άαδ
227 1225 258 1259 τοῦ
271 1226 315 1260 Θεοῦ
324 1224 342 1261 ἐν
350 1226 375 1274 τῷ
384 1223 485 1273 μνημοσύνη)
494 1224 523 1260 αῦ-

180 1281 218 1316 τῶν.
235 1276 295 1316 Olem.
306 1277 317 1315 Ῑ
327 1287 358 1326 45.

154 1332 258 1380 Μοιχᾶσθαι,
282 1333 301 1370 ἐν
309 1336 344 1371 τοῖς
356 1334 412 1383 ἔργοις
420 1334 475 1373 ,αὐτὸν
483 1336 523 1381 ὀμο-

577 1115 671 1163 φεράμενον
678 1114 705 1150 διά
711 1117 742 1151 τοῦ
748 1113 844 1162 ἀρχιερέως.
856 1110 915 1151 Olem.

577 1168 586 1206 Ι
603 1180 633 1216 41.
660 1168 686 1205 ὅτι
704 1169 758 1206 πάντα
775 1170 915 1217 μωμοσκοπεῖτοι,

578 1223 642 1273 Ροίχο,
652 1222 700 1261 Phil.
712 1239 729 1271 4.

551 1281 618 1328 Μωράς.
648 1279 675 1315 καὶ
692 1279 751 1328 μωροὶ,
770 1279 796 1315 καὶ
814 1278 915 1315 ἀπαίδευτοι.

578 1332 637 1372 Olem.
649 1333 658 1370 I
668 1346 699 1382 39.

181 1388 328 1437 λογῶμεν,...ε’ν
342 1391 366 1439 τῷ
383 1389 405 1436 μὴ
423 1389 521 1436 μοιχάσθυν,
551 1392 623 1436 Μωρῶς.
642 1389 659 1425 τί
667 1392 727 1438 μωρῶς
735 1387 856 1436 ἀπολλύμεθα,Ι
870 1386 915 1438 Ign.

182 1441 241 1481 Olem.
252 1441 275 1480 Π
285 1457 302 1490 4.

578 1442 627 1494 Eph.
640 1451 670 1492 17.
707 1457 709 1460 ·

154 1498 232 1546 Μοιχεία.
261 1497 523 1547 φεύγοντες.,.μυσαράνμοι-
551 1500 601 1536 Νοάς.
630 1498 727 1547 ἔμπροσθεν
735 1501 765 1535 τοῦ
774 1500 819 1535 ναοῦ.
834 1496 916 1535 ClemI

181 1553 234 1601 χείαν.
246 1551 305 1591 Olem.
316 1552 327 1590 Ῑ
338 1564 368 1601 30.
384 1552 439 1591 Οὗτος
447 1552 465 1601 (ὁ
474 1553 522 1600 αἰὼν)

181 1607 228 1657 λέγει
237 1608 318 1656 μοιχείαν.
334 1606 357 1644 Π
366 1608 384 1645 6.

154 1664 210 1700 Μολις
218 1666 326 1712 παραγαγὼν.
343 1660 435 1700 616111.Ιῖ
447 1673 462 1699 1.

155 1717 256 1766 Μονογενῆς.
279 1721 329 1754 τοῦτο
340 1717 428 1766 μονογενὲς
440 1717 521 1765 ὑπάρχον.

182 1771 241 1811 Glem.
253 1772 263 1809 I
274 1781 306 1820 25.
335 1774 344 1808 ὁ
358 1774 397 1810 Υἱὸς
411 1775 441 1809 τοῦ
455 1775 499 1808 θεοῦ
513 1774 523 1808 ὁ

148 1870 152 1877 Ι
181 1827 277 1876 μονογενής.
290 1825 401 1877 Mal't.1gn.
414 1838 432 1863 2.
456 1826 484 1863 διὰ
493 1830 523 1863 τοῦ

182 1883 241 1920 παιδὸς
250 1884 301 1919 αὐτοῦ
310 1885 340 1919 τοῦ
350 1885 454 1931 μονογενοῦς,
463 1880 522 1919 Mart.

184 1936 247 1988 Polyc.
260 1950 289 1975 20.

579 1565 609 1601 41.
638 1555 660 1591 ὡς
671 1555 711 1590 ναὸν
722 1556 767 1590 θεοῦ
779 1553 878 1600 φυλάσσειν
887 1552 917 1599 τὴν

578 1609 638 1657 σάρκα,
662 1607 684 1645 Π
694 1620 711 1658 9.
727 1608 750 1646 ὧς
760 1608 807 1646 ὅντες
819 1607 865 1644 λίθοι
877 1610 917 1643 ναοῦ

578 1665 650 1712 Πατρός.
672 1662 714 1714 [gn.
725 1660 774 1714 Eph.
786 1674 802 1711 9.
831 1660 858 1699 ἰ’να
873 1662 917 1709 ὦμεν

577 1719 628 1755 αὐτοῦ
637 1720 678 1755 ναοί.
696 1727 727 1766 15.
756 1719 778 1756 ὡς
790 1718 814 1756 είς
826 1718 865 1754 ναὸν
876 1731 916 1753 σου·

576 1774 645 1822 τρέχετε
669 1776 718 1811 θεοῦ.
745 1771 811 1822 Magn.
834 1780 851 1820 7.
886 1772 917 1817 τὴν

578 1829 633 1877 σάρκα
646 1829 692 1874 ὑμῶν
703 1829 726 1866 ὣς
736 1828 776 1864 ναὸν
788 1830 832 1864 θεοῦ
846 1828 915 1875 τηρεῖτε,

578 1881 650 1920 Philad.
662 1890 679 1932 7.
708 1883 768 1930 θηρσὶν
777 1883 828 1929 ὠμοῖς
838 1882 883 1931 παρά
893 1884 916 1931 τῷ

578 1941 617 1989 ναῷ.
632 1938 691 1975 Μυυί.
702 1936 744 1988 Ign.
756 1937 773 1975 6.

156 1993 218 2028 Μόνον.
239 1989 298 2029 Olem.
311 1990 322 2028 Ι
337 2000 367 2039 54.
383 1990 425 2042 Ign.
438 1990 493 2029 Rom.
505 2004 522 2040 3,
551 1994 649 2041 Ναοφάρος.
673 1994 764 2041 θεοφάροι,
783 1993 810 2029 καὶ
827 1992 916 2040 υοοφάροι,

184 2055 202 2095 5,
217 2045 290 2084 Philad.
302 2047 319 2089 6,
335 2044 482 2096 Smy1·n.4,bis.
503 2048 523 2083 οὐ

578 2046 622 2098 Igu.
633 2047 682 2098 Eph.
694 2059 711 2097 9.

161 2128 162 2132 ,
182 2103 237 2149 μόνον.
254 2100 523 2149 Olen1.I4,7.12,19,35‚
551 2105 602 2140 Νοῦς.
626 2104 700 2147 καταβὰς
709 2105 738 2150 τῆς
747 2105 789 2149 νηός.
804 2100 861 2140 Mart.
872 2099 914 2163 ssgn.

184 2168 215 2205 43,
224 2164 255 2206 47.
271 2157 312 2207 Ign.
324 2154 380 2193 Trall.
396 2168 400 2192 ι
405 2167 423 2204 3,
438 2154 493 2193 Rom.
506 2168 523 2204 3,

183 2211 259 2263 Smyrn.
269 2224 286 2259 4.
303 2210 366 2260 Polye.
375 2209 424 2248 Phil.
432 2222 450 2258 9.
465 2208 523 2248 Mart.

183 2266 246 2318 Polyc.
262 2278 291 2304 12.
319 2266 411 2314 μὴμόνον,
430 2263 524 2303 016111.Ῑῖ
551 2269 620 2314 Νεκρός.
642 2266 661 2303 εἰ(
670 2270 731 2315 νεκρῶν
739 2266 842 2314 ἀναστήσας·
856 2264 917 2304 Olem.

183 2335 201 2371 3,
212 2336 230 2370 4,
243 2335 261 2372 9.
277 2320 321 2373 Igu.
332 2320 388 2359 Rom.
399 2332 418 2368 3,
429 2319 462 2357 bis.

156 2379 216 2415 Μόνος.
236 2379 254 2415 ἐν
262 2377 376 2427 Ἰερουσαλὴμ
384 2378 431 2423 μόνῃ.
446 2373 505 2412 Olem.
514 2374 525 2412 I

183 2444 214 2480 41.
243 2435 295 2480 μόνον
314 2435 363 2469 θεοῦ.
386 2442 418 2479 43.
449 2433 525 2477 Χριστοῦ

182 2491 213 2524 τοῦ
222 2490 274 2534 μάνου
283 2488 394 2524 διδασκάλου.
410 2485 452 2536 Ign.
459 2483 524 2535 Magn.

186 2555 215 2580 10.
243 2544 294 2589 μόνος
306 2541 358 2589 αὐτὴν
366 2541 385 2579 Ἰ.
397 2547 419 2579 X.
431 2538 524 2586 ἐπισκοπή-

183 2613 217 2637 σει.
232 2596 287 2635 Rom.
302 2609 317 2634 ῐ.
346 2596 365 2635 ὃς
373 2598 424 2643 μόνος
432 2595 524 2632 πεπίστευ-

183 2668 216 2690 ται.
239 2651 311 2690 Philad.
331 2663 348 2701 9.
380 2653 447 2688 Μάνους
463 2650 525 2699 άνδρας

182 2707 221 2746 τοῦς
230 2706 327 2756 ὁμοζύγους.
343 2705 419 2757 Fragm.
430 2718 449 2743 v.
475 2706 525 2741 Μάνα

182 2763 215 2812 γάρ
229 2763 250 2799 τὰ
263 2761 364 2812 τραχύτερα.
381 2760 438 2799 Mart.
449 2759 492 2811 Igu.
504 2759 523 2796 6.

181 2820 232 2865 μόνος
240 2848 244 2856 .
253 2847 257 2855 ,
267 2816 403 2866 Ιμνημονεύεται.
418 2815 476 2854 Mart.
488 2814 524 2852 Po-

182 2872 217 2924 lyc.
231 2885 262 2921 19.

156 2927 242 2975 Μῦάευμα.
266 2928 307 2975 μηδὲ
323 2926 428 2974 μυθεύμασιν
442 2929 477 2964 τοῖς
491 2939 524 2963 πο-

182 2984 236 3020 λαιοῖς
262 2981 370 3032 άνωφελέσιν
395 2981 450 3019 οῦσιυ.
481 2979 522 3031 Ign.

183 3036 247 3089 Magn.
259 3038 276 3075 8.

155 3092 270 3141 Μυκτηρίζειν,
299 3093 413 3140 χλευάζουσιν
434 3091 476 3138 ἡμᾶς
497 3090 523 3126 καὶ

579 2169 596 2206 3.
620 2158 755 2206 νηδςέπιτυχών,
771 2165 788 2206 5.
813 2160 843 2204 τῆς
852 2164 890 2203 νηὸς
899 2157 917 2193 ἐκ

577 2211 652 2260 σμύρνης
661 2212 774 2261 ἐπειγομένης.
788 2211 815 2250 ib.

579 2320 632 2368 124.
661 2323 683 2359 ὡς
694 2322 734 2371 περὶ
747 2324 802 2369 κριτοῦ
815 2323 880 2367 ζώντων
891 2323 917 2357 καὶ

579 2380 646 2425 νεκρῶν,
661 2374 684 2413 ΙΙ
698 2388 715 2413 1.
743 2375 770 2413 ὅτι
778 2376 824 2423 ἡμεῖς
833 2378 849 2413 οἷ
858 2377 917 2422 ζῶντες

578 2433 614 2469 τοῖς
630 2433 693 2480 νεκροῖς
711 2431 755 2470 θεοῖς
771 2432 791 2468 οῦ
807 2430 873 2478 θύομεν,
898 2443 916 2479 3.

578 2487 636 2535 πορὼν
651 2489 717 2536 ἤγειρεν
734 2487 794 2525 αὐτούς
812 2487 830 2523 ἐκ
849 2489 915 2535 νεκρῶν.

579 2541 619 2591 Ign.
637 2539 702 2592 Magn.
717 2554 735 2590 9.
771 2541 837 2589 άληθῶς
856 2540 917 2589 ἠγέρθη

579 2595 612 2632 άπὸ
630 2601 697 2646 νεκρῶν.
720 2595 778 2634 Trall.
798 2610 815 2646 9.
855 2597 918 2643 στῆλαί

579 2650 658 2688 εἰσινκαὶ
668 2653 721 2701 τάφοι
733 2656 798 2700 νεκρῶν.
815 2650 887 2689 Philad.
898 2651 916 2688 6.

579 2706 608 2742 τὸν
616 2706 702 2755 ἐγείραντα
715 2708 745 2744 τὸν
758 2705 820 2754 Κύριον
831 2706 877 2753 ἡμῶν
887 2735 915 2744 ...

579 2760 597 2796 ἐκ
611 2765 676 2809 νεκρῶν.
696 2760 759 2812 Polyc.
775 2760 822 2799 Phil.
836 2773 854 2799 2.
883 2776 917 2809 κρι-

579 2815 608 2862 τὴς
621 2817 686 2861 ζώντων
696 2819 723 2854 καὶ
736 2819 802 2865 νεκρῶν.
817 2815 843 2854 ib.
866 2815 886 2851 ‘0
899 2817 917 2852 δὲ

579 2869 644 2919 ἐγείρας
657 2873 707 2909 αὐτὸν
719 2872 737 2909 ἐκ
749 2874 816 2921 νεκρῶν.
832 2870 859 2909 ih.
888 2886 916 2907 κα-

580 2924 613 2963 θὼς
623 2927 710 2975 ὑπέσχετο
721 2926 759 2973 ἡμῖν
771 2927 833 2976 ἐγεῖραι
845 2926 887 2974 ἡμᾶς
899 2926 918 2962 ἐκ

579 2983 646 3029 νεκρῶν.
662 2990 679 3030 5.

552 3036 666 3085 Νεκροφόρος.
683 3037 751 3076 τελείως
760 3038 810 3074 αὐτὸν
818 3035 916 3085 άπήρνηται,

579 3090 602 3126 ὧν
611 3091 717 3142 νεκροφόρος.
733 3092 775 3143 Igu.
786 3091 862 3142 Smyrn.
873 3100 891 3139 5.
