2017 3420
220 181 262 223 24⁶2
464 181 486 222 S.
503 178 673 223 OLEMEN'PIS

221 304 235 327 ‘⁶
249 297 276 350 οὐ
294 295 409 368 ῥάσονται
424 295 454 351 τὰ
472 297 541 350 τέκνα
557 297 635 350 αὐτῶν
649 296 674 348 ἐν
692 296 721 365 τῇ
740 292 915 364 αἰχμαλωσίᾳ.”

222 385 252 436 Εἰ
264 380 288 436 δὲ
301 383 339 436 καὶ
356 386 377 436 οἱ
396 388 497 447 τοιοῦτον
514 383 596 436 δίκαιοι
611 382 638 436 οὐ
653 380 762 435 δύνανται
776 383 826 437 ταῖς
838 380 916 433 αὐτῶν

221 468 379 526 δικαιοσύναις
399 470 521 540 ῥύσασθαι
540 468 571 523 τὰ
589 467 659 521 τέκνα
678 467 764 532 αὐτῶν,
787 465 857 533 ἡμεῖς,
876 462 917 517 ἐὰν

220 553 254 622 μὴ
274 554 415 624 τηρήσωμεν
435 554 463 609 τὸ
488 553 615 622 βάπτισμα
639 551 713 622 ἁγνὸν
732 554 770 606 καὶ
794 551 915 619 ἀμίαντον,

220 641 277 712 ποίᾳ
295 639 433 708 πεποιθήσει
449 639 631 708 εἰσελενσάμεθα
645 642 676 697 εἷς
693 638 720 693 τὸ
738 638 862 704 βασίλειον
875 642 938 700 τοῦ5

222 730 301 791 Θεοῦ;
320 723 335 793 ἢ
354 726 388 783 τίς
407 727 474 794 ἡμῶν
489 726 642 797 παράκλητος
658 726 733 791 ἔσται,
747 724 787 778 ἐὰν
803 722 836 792 μὴ
853 725 915 794 εὑρε-

222 813 300 878 θῶμεν
311 811 370 881 ἔργα
381 811 473 884 ἔχοντες
486 812 542 866 ὅσια
554 814 591 866 καὶ
605 813 695 878 δίκαια;

112 916 213 992 Βίοτετεμ-
262 896 298 953 Z'.
315 897 393 953 Ὥστε
411 900 460 966 οὖν,
475 900 576 971 ἀδελφοί
591 922 646 966 μου,
664 897 841 967 ἀγωνισώμεθα
858 895 917 949 εἰδό-

112 962 215 1045 iiddlilmur,
224 1008 262 1042 reo
277 984 313 1038 ὅτι
330 986 355 1038 ἐν
366 987 450 1056 χερσὶν
463 987 476 1039 ὁ
488 984 553 1038 aloia·
574 987 612 1038 καὶ
628 985 663 1040 ὅτι
678 989 709 1042 εἰς
727 984 781 1042 τοὺς
799 980 919 1057 φθαρτοὺς

113 1051 206 1136 liiii&
224 1072 319 1139 ripoinus
337 1069 513 1125 καταπλέουσιν
527 1071 624 1136 πολλοί,
642 1072 697 1125 ἀλλ’
714 1072 741 1124 οὐ
759 1069 844 1127 πάντες
862 1091 917 1124 στε-
930 1093 954 1118 10

113 1138 199 1171 misimus.
292 1162 302 1173 a
389 1159 395 1176 ‚
437 1155 444 1174 x
477 1159 483 1173 ι
576 1156 582 1176 ι
667 1156 674 1174 ι
813 1158 820 1175 ε
894 1158 905 1170 a

225 1161 361 1231 φανοννται,
377 1180 396 1209 ει
414 1180 446 1223 μη
463 1180 484 1210 οι
501 1163 586 1210 πολλα
603 1180 765 1223 κοπιασαντεο,
784 1179 822 1210 και
840 1162 920 1212 aalma

225 1241 406 1312 ἀγωνισάμενοι.
447 1244 530 1309 Ἡμεῖς
543 1242 585 1296 οὖν
596 1241 773 1311 ἀγωνισώμεθα,
785 1242 824 1295 ἵνα
835 1240 921 1298 πάντες

226 1332 426 1401 στεφανωθῶμεν.
462 1326 540 1382 Ὥστε
557 1331 634 1395 θῶμεν
648 1327 691 1395 τὴν
704 1327 758 1382 ὁδὸν
769 1326 813 1395 τὴν
825 1327 920 1393 εὐθεῖαν,

227 1528 258 1550 ται.
283 1509 409 1562 Expositione
418 1510 438 1549 in
448 1510 496 1549 Psal
507 1508 561 1549 xlviii
589 1509 622 1562 qui
630 1509 651 1549 in
658 1509 770 1561 captivitate
776 1508 875 1558 scribebat,
883 1521 921 1560 qua

231 1564 252 1620 [v
264 1580 282 1617 p.
295 1578 333 1603 210
347 1565 376 1604 ed.
387 1563 467 1618 Bened]
479 1566 520 1602 Ἐὰν
529 1570 561 1612 στῇ
589 1578 632 1604 cum
650 1564 694 1604 filiis
712 1564 776 1603 Israel
794 1563 919 1603 detinebatur.

228 1622 266 1659 Νωὲ
285 1622 312 1659 καὶ
329 1620 369 1665 Ἰὼβ
388 1622 415 1658 καὶ
433 1619 501 1669 harath,
517 1620 562 1658 υἱοὺς
589 1619 649 1659 Recte
667 1619 727 1671 igitur
745 1619 869 1658 subaudiatur
887 1618 922 1669 qai

228 1678 283 1714 αὐτῶν
300 1677 327 1713 καὶ
344 1676 437 1725 θυγατέρας
454 1677 474 1712 οὗ
492 1675 515 1723 μὴ
532 1674 562 1724 ῥὺ-
589 1681 636 1713 suat
653 1678 697 1714 ante
720 1676 739 1712 τὸ
761 1674 784 1713 ιἰι
807 1673 920 1726 captivatam.

229 1746 292 1769 σοντιιι,
322 1729 425 1769 Clementis
436 1730 501 1777 ἀναστῇ
510 1729 562 1768 idem
589 1728 736 1769 OOUSTANT.

229 1785 323 1837 significat
345 1788 402 1836 atque
430 1783 562 1836 Olrrysostorni
617 1794 634 1834 5.
645 1781 768 1837 τὸβασῖλεισν]
778 1782 922 1835 DisplicetBir-

230 1844 268 1888 στῇ,
286 1840 323 1878 hoc
340 1843 375 1887 est,
393 1840 482 1887 sectatur,
501 1845 561 1877 stata·
589 1839 617 1877 rio
631 1838 740 1890 iarapt'am
750 1838 792 1878 Det.
821 1841 922 1888 Καινολσγία

230 1900 295 1943 aaa,
305 1901 414 1945 exalapant.
433 1893 485 1933 Nam
494 1898 563 1933 utnon
591 1898 619 1933 est
628 1893 684 1943 enim,
693 1893 761 1945 inquit,
771 1907 806 1945 pro
816 1895 839 1932 εἷς
849 1895 880 1941 τὴν
888 1896 921 1939 βα-

230 1949 349 2001 intelligatur
362 1948 386 1987 de
400 1948 563 1988 resurrectiouea
591 1950 660 1988 σιλείαν,
689 1949 728 1989 sed
746 1948 829 1988 Graecae
846 1948 923 1988 litterae

230 2005 317 2052 mortuis,
332 2003 378 2042 facit
393 2009 469 2054 praeter
486 2007 564 2042 contex—
590 2003 727 2043 inhaerendum
748 2008 801 2055 puto,
824 2017 846 2042 eo
871 2002 923 2055 quod

230 2063 274 2098 tum
283 2058 398 2109 Scripturas,
405 2059 457 2109 quod
463 2062 510 2097 tunc
516 2061 564 2096 tem·
592 2058 610 2097 S.
617 2058 674 2098 Pater
683 2058 766 2110 digitum
774 2059 854 2097 fortasse
861 2058 922 2097 inten-

230 2113 283 2166 poris
297 2113 371 2152 viveret
384 2113 457 2151 Daniel.
474 2112 563 2152 OOTEL.
592 2113 641 2153 derit
655 2113 675 2152 in
685 2114 794 2165 parabolam
804 2113 827 2152 de
836 2126 881 2165 rege
890 2112 924 2164 qui

232 2168 320 2207 Clemens
334 2172 398 2206 noster
409 2167 429 2205 in
441 2166 471 2206 his
484 2166 565 2206 citandis
591 2168 636 2207 fecit
649 2168 726 2220 nuptias
741 2168 780 2207 filio
797 2181 836 2217 suo,
853 2168 922 2208 Matth.

231 2222 385 2275 compendiosius
402 2235 424 2261 ea
440 2221 495 2270 dixit,
508 2234 566 2273 quam
592 2222 633 2261 xxii
645 2236 674 2272 11,
687 2237 717 2273 12,
732 2223 793 2275 deque
809 2237 832 2262 eo
850 2222 883 2275 qui
901 2223 924 2262 ia

231 2278 283 2331 apud
313 2277 433 2317 Ezechielem
460 2277 564 2328 leguntur3
592 2277 665 2328 raptata
678 2278 778 2330 ingressus,
788 2279 859 2330 absque
871 2282 924 2317 veste

232 2333 282 2386 apud
292 2346 336 2372 euni
350 2333 401 2371 enim
416 2335 459 2371 octo
472 2335 566 2370 commata
592 2332 673 2384 nuptiali
680 2333 779 2372 discubuit.
788 2332 898 2372 GALLAN
899 2333 923 2371 D.

232 2393 330 2440 occupant.
367 2387 405 2427 Sed
428 2387 456 2425 ita
479 2386 537 2425 citare
555 2400 566 2424 a
593 2387 621 2426 Of.
632 2389 705 2437 ἐπίγειον
714 2387 755 2426 εἶναι
764 2391 783 2426 τὸ
797 2390 886 2432 βασίλειον
894 2392 925 2425 τοῦ

232 2457 285 2482 more
298 2444 377 2482 Patrurn
390 2441 567 2493 antiquissimorum
593 2447 667 2491 Χριστοῦ
689 2443 710 2480 in
733 2441 774 2481 Gaii
797 2442 923 2495 Fragmentis.

233 2512 272 2538 non
281 2498 374 2538 abhorret.
390 2496 472 2537 Worr.
495 2497 567 2543 Ἀνέστη
594 2497 664 2535 Routh.
675 2497 716 2536 Rel.
727 2497 777 2537 Sacr.
788 2497 802 2536 ii
814 2500 856 2536 128.

233 2553 330 2605 legiturin
337 2552 390 2592 libris
399 2552 455 2605 impr.
462 2555 507 2591 ante
514 2550 568 2589 Wot-
623 2564 639 2601 9.
650 2551 676 2589 ὅτι
686 2554 703 2590 ἐν
711 2555 789 2602 χερσὶνὸ
801 2554 856 2604 αἰών]
871 2552 925 2591 Vitio

233 2613 307 2656 tonum,
317 2607 349 2659 qui
363 2607 465 2647 lectionem
474 2605 528 2646 MSti
539 2618 568 2644 re·
595 2606 679 2645 laborare
693 2606 743 2646 hunc
754 2607 817 2647 locum
830 2607 926 2660 suspican-

234 2663 316 2702 vocavit.
595 2666 627 2700 tur
640 2660 687 2701 Feli.
706 2661 766 2702 Ootel.
786 2663 858 2702 Oolom.
877 2662 926 2702 Ouu-

264 2731 281 2756 1.
293 2719 341 2765 ἐιτῇ
355 2715 477 2771 αἰχμαλωσίᾳ]
493 2714 569 2755 Vende·
595 2716 681 2765 stantius,
691 2721 710 2756 et
723 2718 801 2757 mallent
814 2720 865 2768 ἀγών,
875 2717 926 2769 quod

234 2773 290 2821 linus,
300 2772 322 2811 da
333 2772 445 2823 captivitate.
474 2771 569 2811 Observat
595 2770 613 2809 in
624 2775 679 2810 textu
688 2772 777 2812 exhibent
787 2772 925 2812 Schoenenran-

236 2827 347 2876 Ootelerius,
365 2831 385 2867 et
407 2827 430 2866 ia
453 2826 566 2878 capitivitate,
594 2838 630 2864 nus
644 2826 763 2867 etHcfelius.
799 2828 868 2867 Facilis
881 2840 926 2867 sane

235 2883 286 2935 quod
301 2882 383 2922 Graccus
395 2886 460 2922 textus
476 2881 567 2933 postulat,
595 2881 689 2930 mutati03
699 2881 792 2935 istamque
799 2883 927 2934 conjecturam

235 2938 298 2978 dicero
308 2937 403 2977 Ezechieli
411 2937 491 2986 licuisse,
500 2940 568 2988 utpote
595 2949 713 2989 nequaquam
722 2938 831 2990 improbant
838 2939 925 2978 Wotton.
