2017 3420
171 227 200 270 2ss
400 223 501 269 'INDEX
516 224 688 270 VERBORUM

124 360 126 362 -
168 335 250 383 Αδθάδης.
278 337 364 385 πρόσωπα
377 338 454 385 προπετῆ
468 337 495 374 καὶ
508 337 537 374 σίν-
592 336 661 387 Κνρίον,
680 335 708 374 ἵνα
725 336 765 384 ἡμῖν
780 337 824 384 ἀφῇ,
840 337 935 386 ὀφείλομεν

195 390 244 438 θάδη.
260 388 343 430 018111.Ῑ
355 402 372 429 1.
592 391 619 431 καί
627 392 674 440 ἡμεῖς
687 390 760 441 ἀφιέναι.
776 390 842 444 Polyc.
853 390 902 431 Phil.
914 392 933 431 6.

168 445 280 496 Αάθαιρέτως.
309 446 337 483 ε’ὰν
346 446 369 494 μὴ
381 446 483 496 αὐθαιρέτως
492 447 536 496 ἔχω·
587 445 656 496 Ἀφετέ
663 462 684 494 με
691 445 752 485 οὕτως.
762 444 820 486 Mart.
828 445 892 498 Polyc.
903 459 933 497 13.

195 516 226 548 μεν
235 502 255 539 τὸ
263 501 358 540 ἀποθανεῖν,
373 501 416 553 Ign.
427 501 492 553 Magn.
504 510 521 551 5.
591 500 664 551 ἀφέντες
670 503 701 539 τὸν
709 502 841 551 ἐσταυρωμένον.
857 509 886 552 17.

169 556 251 602 Αὐλίζειν.
280 556 313 602 ἔξω
327 559 356 605 τῆς
368 559 480 606 παρεμβολῆς
488 557 536 605 ηὗλί-
564 555 699 607 Ἀφιλάργυρος.
727 556 800 605 Ὁμοίως
816 558 932 597 διάκονοι...

197 612 270 658 σθησαν.
285 609 345 650 0111111.
356 610 367 649 I
377 625 394 660 4.
591 611 713 662 ἀφιλάργυροι.
728 610 792 663 Polyc.
804 610 852 651 Phil.
864 620 882 661 5.

169 666 235 712 Αὔξειν,
264 667 283 704 εἰς
299 669 330 704 τοῦ
345 668 382 705 ἐνὸς
396 667 468 705 πλείονα
482 668 534 715 αὔξει.
564 665 679 716 Ἀφιλοξενία
704 667 831 717 ἀπορρίψαντες
845 667 876 716 ἀφ’
895 669 933 704 εἀν-

197 719 320 769 01em.124.
591 725 625 759 τῶν
663 721 779 772 ἆφιλοξενίον.
790 720 849 762 Olem.
861 721 872 759 Ι
882 731 913 772 35.

169 776 261 825 Αὐταρκὴς.
289 777 376 825 Αὒτσρκὴς
390 777 414 815 είς
429 777 537 826 σωτηρίανὴ
564 776 672 826 Ἀφιστάναι.
695 776 805 827 ἀφεστήκασι
813 778 847 828 γὰρ
856 777 890 815 ἀπὸ
899 781 933 814 τῶν

197 832 221 870 είς
237 832 280 869 θεὸν
293 831 383 880 ἀνθρώπου
396 831 457 882 ἀγάπη.
476 830 535 871 Olem.
591 831 658 869 δούλων
664 834 694 870 τοῦ
702 835 746 870 Θεοῦ
752 833 774 870 τὰ
781 833 862 882 δαιμόνια.
873 830 931 872 Mart.

198 885 274 937 Fragm.
284 885 296 924 i.
592 884 636 938 Ign.
648 898 664 924 2.
855 898 856 901 ¹

169 942 294 980 Αίτεπαίνετος.
314 940 482 991 αὐτεπαινέτονςγίιρ
489 944 537 990 μισεῖ
563 941 659 991 Ἀφορμᾶν.
670 942 777 980 ‘isa-obnisa
784 941 859 992 ἀφορμᾷ.
871 940 931 981 Olem.

197 998 207 1033 ὁ
217 999 264 1035 θεός.
280 993 340 1034 Olem.
350 994 362 1033 Ι
371 1007 403 1045 30.
592 994 603 1033 I
615 1004 646 1044 25.

170 1051 278 1097 Αὐτομολεῖν.
303 1050 369 1097 δέξεταί
377 1066 413 1088 τινα
422 1054 456 1088 τῶν
464 1051 536 1097 αὖτομο-
563 1050 648 1100 Ἀφορμίη.
683 1051 706 1098 μὴ
724 1051 804 1100 ἀφορμὰς
822 1052 878 1089 δίδοτε
895 1054 933 1090 τοῖς

196 1104 272 1143 λοίντων
280 1105 309 1143 ἀπ’
319 1106 371 1143 αὐτοῦ
380 1117 384 1151 ;
400 1104 460 1144 Olem.
471 1105 482 1143 I
492 1107 523 1144 28,
590 1105 662 1143 ἔθνεσιν.
680 1104 724 1157 Ign.
735 1105 792 1145 Trall.
803 1107 821 1145 8.

170 1161 263 1208 Αὐτόπτης.
278 1159 346 1198 Τούτων
354 1161 436 1198 αὐτόπται
444 1162 535 1210 γενόμενος.
564 1159 668 1210 Ἀφροσίνη.
686 1161 786 1209 ἀποθέμεναι
825 1159 930 1210 ἀφροσύνην.

197 1214 254 1254 Mart.
265 1214 308 1267 Ign.
320 1223 338 1265 7.
591 1213 651 1254 Olem.
667 1215 719 1265 113.
757 1216 785 1254 διά
802 1216 833 1264 τὴν
850 1216 932 1265 ὑμετέραν

169 1272 228 1309 Αὐτός.
256 1272 277 1307 τὸ
291 1271 332 1307 αὐτὸ
347 1270 409 1320 λέγητε
422 1271 484 1309 πάντες
497 1270 537 1320 περὶ
590 1269 695 1320 ἀφροσύνην.
707 1278 740 1319 47.

196 1329 226 1363 τοῦ
235 1326 293 1366 αὐτοῦ,
308 1324 351 1376 Igu.
362 1324 411 1377 Eph.
424 1337 440 1363 2.
559 1324 641 1375 Ἄφρων.
669 1327 686 1363 οί
699 1326 774 1375 ἄφρονες
786 1326 814 1363 ἐπὶ
823 1326 862 1364 τοὺς
871 1327 931 1375 φρονί-

170 1379 250 1428 Ἀφανῆς
267 1380 333 1429 ἀφανὴς
342 1383 366 1431 τῷ
375 1383 434 1431 κόσμῳ
442 1382 535 1430 γενόμενος.
591 1395 637 1427 μους.
659 1379 718 1419 Glem.
736 1380 747 1418 I
764 1392 782 1429 3.
810 1383 884 1418 Μᾶλλον
901 1381 931 1418 ἀν-

197 1433 254 1474 Mart.
265 1434 308 1487 Ign.
320 1447 337 1485 3.
591 1435 665 1484 θρώποις
673 1435 753 1485 ἀφροσι.
765 1464 769 1472 .
781 1465 786 1474 .
796 1436 929 1485 προσκόφωμεν.

168 1490 295 1539 Ἀφανίζεσθιιι.
319 1493 353 1529 πάς
367 1491 431 1538 δεσμὸς
445 1488 536 1539 ἠφανίζετο
592 1501 624 1528 21.
650 1488 738 1539 ’Ἃφρονες
752 1492 779 1528 καὶ
795 1489 879 1529 ἀσίνεται.
897 1502 929 1540 39.
946 1511 948 1514 v

197 1544 259 1584 κακίας.
273 1544 316 1597 Igu.
328 1544 378 1596 Eph.
388 1557 417 1595 19.
591 1544 653 1593 ἵναμὴ
668 1545 689 1582 δι’
704 1545 774 1595 ὀλίγους
788 1545 871 1595 ἄφρονας.
886 1544 929 1596 Ign.

169 1600 290 1650 Ἀφαρπάζειν.
315 1601 345 1648 τὴν
354 1601 403 1647 ἀξίαν
411 1603 442 1638 τοῦ
452 1602 493 1637 Tios]
502 1600 536 1649 ἀφ·
591 1598 648 1638 Trall.
659 1601 676 1639 8.

196 1657 302 1705 αρπάζοντες.
317 1654 360 1706 Igu.
370 1655 446 1706 Fragm.
456 1653 471 1692 i.
563 1655 667 1704 Ἀφνπνοῡν.
709 1657 768 1705 μικρὸν
790 1656 929 1706 ἀφυπνίισαντες.

166 1710 248 1759 ίΑφεσις.
273 1712 343 1748 αἰτεῖται
356 1710 421 1759 ἀφεσιν
432 1714 456 1762 τῷ
468 1708 534 1757 πλήθει.
591 1708 648 1748 Mart.
659 1708 701 1761 Igu.
714 1718 731 1759 7.

197 1764 320 1815 Glem.I53.
562 1764 630 1813 Ἀχλύς.
659 1766 686 1802 καί
699 1765 777 1812 τοιαύτης
790 1763 855 1814 ἀχλύος
867 1765 928 1814 γέμον-

169 1821 272 1870 Ἀφθαρσία.
301 1823 331 1868 τῆς
353 1821 452 1870 ἀφθαρσίας
473 1821 535 1869 ἀγῶνα.
589 1835 621 1859 τες.
637 1818 697 1858 Olem.
708 1819 731 1857 Π
743 1833 760 1858 1.

197 1873 256 1914 Clem.
267 1875 291 1914 Π
301 1883 318 1924 7.
347 1875 374 1913 ’ίνα
387 1876 428 1923 πνέῃ
442 1878 462 1922 τῇ
477 1876 535 1922 έκκλη-
558 1873 640 1922 ’Άχολος
654 1875 928 1924 Τδγάρζῶον...ἀχολόνε’στιν.

197 1929 227 1979 σίᾳ
245 1931 348 1980 ἀφθαρσίαν,
373 1929 416 1981 Igu.
436 1928 485 1981 Eph.
504 1938 533 1979 17.
590 1928 649 1968 Olem.
660 1929 737 1981 Fragm.
744 1929 784 1969 viii.

196 1986 220 2024 εἷς
236 1985 288 2022 τίπον
304 1986 330 2022 καί
345 1986 415 2033 διδαχὴν
430 1985 533 2034 ἀφθαρσίας.
558 1982 648 2032 Ἂχρονος.
664 1986 753 2034 προσδόκα
759 1987 789 2023 τὸν
795 1986 875 2035 ίίχρονσν.
885 1983 928 2036 Igu.

197 2039 261 2090 Magn.
273 2040 290 2078 6.
314 2041 334 2077 τὸ
343 2040 362 2077 δέ
374 2039 473 2089 εὐαγγέλιον
482 2041 535 2089 ἀπάρ-
589 2037 652 2090 Polye.
664 2052 681 2088 3.

197 2096 250 2142 τισμά
259 2095 307 2132 ἐστιν
315 2094 418 2143 ἀφθαρσίας.
433 2092 505 2133 Philad.
517 2107 533 2144 9.
562 2092 672 2143 Ἀχὼριστος.
697 2094 747 2132 οδσιν
760 2095 864 2143 ἀχαρίστοις
878 2097 928 2132 θεοῦ.

197 2151 217 2186 τὸ
226 2150 268 2197 θέμα
277 2149 367 2197 ἀφθαρσία
380 2150 407 2186 καί
420 2150 453 2197 ζωὴ
464 2150 533 2188 αἰώνιος.
590 2147 633 2199 Igu.
643 2147 700 2187 Trall.
712 2157 729 2198 7.

197 2203 260 2255 Polyc.
273 2217 289 2243 2.
319 2205 338 2241 ἐν
355 2202 445 2252 ἀφθαρσίᾳ
459 2203 536 2252 Πνείμσ-
563 2202 654 2252 Ἀφευδης.
683 2205 703 2241 τὸ
717 2204 793 2253 ἀψευδὲς
809 2206 870 2251 στόμα.
885 2203 928 2255 Ign.

196 2276 224 2300 τος
238 2260 292 2309 ἁγίου.
308 2257 441 2309 Μαιί.Ροίγῦ.
455 2270 484 2305 14.
512 2262 537 2309 τῷ
591 2257 675 2297 301118.
703 2259 799 2308 ὁιίφευδίης
812 2259 839 2296 καί
852 2259 931 2306 ἀληθινὸς

195 2317 225 2362 τῆς
239 2315 337 2363 ἀφθαρσίας
350 2314 436 2365 στεφάνῳ.
449 2321 478 2362 17.
507 2315 537 2351 τὸν
591 2314 638 2352 θεός.
654 2311 711 2353 Μαῐί.
722 2312 786 2364 Polyc.
799 2326 829 2362 14.

195 2373 225 2418 τῆς
245 2371 344 2419 ἀφθαρσίας
367 2369 454 2417 στέφανον
470 2369 535 2406 ἀπολα-
563 2366 693 2417 Ἀφηλάφητος.
714 2370 833 2418 προσδόκα...
844 2370 874 2407 τὸν
882 2369 930 2419 ἀφη.

195 2428 236 2469 βίον.
252 2438 256 2463 ι
262 2437 279 2474 9.
590 2424 672 2472 λάφητον.
683 2422 726 2475 Ign.
737 2423 801 2475 Polyc.
813 2437 830 2474 3.

164 2478 270 2529 Ἅφθαρτος.
299 2481 353 2517 έκεῖνο
371 2480 390 2516 δὲ
406 2479 499 2528 ἀγαπῆσαι,
515 2479 537 2515 τὰ
564 2478 643 2524 Βαδίζειν.
672 2479 744 2516 ἕκαστον
757 2479 833 2525 βαδίζειν
843 2480 885 2517 κατὰ
902 2480 932 2518 τὰς

195 2536 251 2585 ἀγαθὰ
267 2537 293 2572 καί
307 2535 391 2584 ἄφθαρτα,
411 2531 506 2572 0111111.Ῑῖ
517 2532 535 2570 6.
591 2533 678 2581 ἐπιθυμίας
687 2535 743 2572 αὐτοῦ.
756 2532 838 2572 Clem.I
849 2546 866 2583 3.
895 2534 932 2572 κατ’

173 2612 174 2616 =
195 2591 252 2641 ἀγῶνα
260 2592 289 2627 τὸν
298 2590 391 2639 ἄφθαρτον,
403 2596 420 2638 7.
449 2590 459 2626 ὁ
473 2590 537 2637 καρπὸς
589 2586 636 2636 ’ίχνος
650 2590 725 2634 βαδίζειν
737 2589 802 2635 ἐθέλων
813 2592 844 2626 τοῦ
857 2589 933 2627 ἀποστό-

195 2647 250 2683 αὖτῶν
264 2645 355 2694 ἀφθσρτος.
378 2643 422 2695 Ign.
433 2642 492 2682 Trall.
505 2654 534 2680 11.
590 2644 626 2681 λου.
642 2642 699 2683 Mart.
710 2643 755 2694 Igu.
766 2652 784 2692 5.

196 2701 252 2750 ἀγάπη
261 2700 355 2749 ἄφθαρτος.
370 2699 428 2737 Rom.
437 2711 455 2749 7.
564 2697 622 2736 Βάθος.
651 2700 672 2736 τά
683 2700 729 2746 βιίθη
742 2701 772 2746 τῆς
787 2699 833 2737 θείας
846 2701 930 2749 γνώσεως.

168 2757 252 2805 Ἀφίενιιι,
280 2755 304 2793 εἷς
321 2756 341 2791 τὸ
359 2754 442 2804 ἀφεθῆναι
460 2753 499 2801 ἡμῖν
515 2753 536 2789 δι’
592 2750 650 2792 Olem.
662 2753 714 2802 140.

196 2811 262 2860 ἀγάπης
274 2812 304 2848 τὰς
316 2810 397 2859 ἁμαρτίας
406 2811 458 2857 ἡμῶν.
474 2806 535 2847 Olem.
564 2806 625 2846 Βαθίς,
661 2808 717 2859 εἰρήνη
735 2809 796 2854 βαθεῖα
815 2810 841 2846 καί
860 2811 929 2859 λιπαρά,

196 2865 207 2903 Ι
223 2872 254 2913 5ο.
284 2863 353 2914 ’Ἃφετέ
374 2880 395 2911 με
414 2865 476 2913 θηρίων
495 2860 537 2900 εἶναι
590 2860 649 2902 Olem.
661 2862 671 2901 Ι
682 2876 699 2902 2.

195 2922 254 2970 βοράν.
270 2919 313 2972 Ign.
324 2918 381 2958 Rom.
393 2932 412 2967 4.
436 2919 504 2968 Ἀφετέ
515 2933 536 2966 με
563 2919 658 2956 Βαλανεῖον.
679 2921 698 2956 ἔκ
706 2934 725 2956 τε
735 2923 769 2956 τῶν
778 2919 894 2969 ἐργαστηρίων
903 2920 930 2957 καί

196 2976 268 3025 καθαρὸν
285 2977 324 3023 φῶς
339 2977 404 3019 λαβεῖν.
425 2974 442 3013 6,
478 2976 536 3010 Πᾶσιν
589 2971 688 3015 βαλανείων.
704 2972 878 3025 Mart.Polyc.13.

197 3030 227 3067 οάν
244 3033 354 3078 μετανοοῦσιν
369 3030 417 3077 ἀφίει
436 3033 446 3066 ὁ
468 3028 534 3078 Κύριος.
563 3028 639 3066 Εάλλειν.
662 3029 723 3073 ἔβαλεν
732 3031 756 3068 είς
764 3030 795 3077 τὴν
803 3031 840 3078 γῆν,
849 3030 876 3066 καί
884 3030 929 3077 βλη-

198 3083 270 3123 Philad.
289 3086 306 3122 8.
335 3086 356 3121 Εἰ
374 3083 403 3122 οὗν
420 3084 491 3133 δεόμεθα
506 3086 535 3121 τοῦ
590 3082 651 3120 θέντων
660 3085 767 3134 σπερμάτων.
783 3082 905 3133 016111124.
