1958 3490
314 235 356 278 AD
372 234 565 292 CORINTHIOS,
580 234 630 278 xliv.
781 235 821 279 161

127 361 195 405 stum
215 352 349 407 Dominum
371 356 483 400 nostrum
506 357 672 417 cognoverunt
688 352 822 401 contentio·

126 451 183 482 nem
194 430 224 480 de
236 429 333 479 nomine
344 428 507 495 Episcopatus
519 427 683 488 oborituram3
701 433 776 495 atque
791 430 822 480 ob

126 511 188 560 hanc
200 526 303 567 causam,
315 507 424 575 perfecta
440 506 600 574 praescientia
611 506 722 573 praediti,
734 507 822 557 consti-

125 594 229 639 tuerunt
240 586 382 654 praedictos,
393 604 421 636 aa
432 586 545 653 deinceps
556 586 655 636 futurae
666 586 822 637 successionis

125 755 213 807 exempla
222 754 290 794 idonea
299 754 353 794 dabit
360 753 459 803 Krebsius
486 770 527 803 μους
546 752 626 804 exponit
644 756 760 803 κληρονόμους,
779 753 822 793 lone-

125 811 204 851 Observ.
219 809 305 850 Flavian.
314 823 346 861 pp.
358 821 403 858 220,
415 822 458 848 221.
486 809 544 848 redes.
572 807 738 848 schoenemannus
756 808 821 858 vertit,

126 865 172 905 (11111.
192 864 261 905 Msaus
278 863 310 903 hic
329 869 349 904 et
363 863 413 903 infra
427 877 460 903 ex·
481 864 565 915 satanae
579 863 702 902 successionis
715 862 765 902 loono
781 870 819 902 tra-

124 919 281 960 hibetunuoar.
486 919 578 959 didemmt
596 919 688 969 reqnlnm.
717 918 820 968 Ruchatus,

152 989 169 1024 4.
182 971 269 1028 ἐπινομὴν]
280 973 344 1026 Hujus
353 973 406 1013 vocis
414 987 458 1026 per·
485 981 502 1013 et
508 987 561 1026 poan
567 973 587 1012 ln
596 973 645 1012 snite
653 973 679 1013 tn
687 979 721 1013 ont
730 973 793 1012 dornone
802 988 821 1014 ee

124 1044 184 1082 pauca
198 1029 286 1081 exempla
297 1029 390 1081 praebent
402 1029 459 1068 Lexi-
485 1030 599 1080 Beplement,
608 1029 641 1068 dc.
668 1028 781 1080 Herzogius,
791 1029 820 1069 te-

124 1099 156 1135 ca;
171 1084 267 1124 Plutarch.
277 1084 317 1123 Vit.
330 1083 385 1123 Alex.
401 1085 411 1135 §
425 1093 456 1134 35,
484 1085 556 1124 stellten
570 1083 597 1123 sie
612 1083 643 1123 die
659 1084 819 1135 Vorqennnnten;

123 1138 327 1192 ubidcignis,Aelian.
334 1138 455 1179 Histdnim.
483 1140 528 1179 nnol
534 1138 640 1190 nbcoqnten
648 1138 707 1179 ilonea
716 1139 772 1178 donn
783 1140 820 1179 dos

102 1210 103 1213 ¹
124 1194 233 1246 xii31‚ubi
242 1194 340 1234 daveneni
347 1194 457 1245 depastione
484 1194 546 1243 Raeti,
566 1195 598 1233 doc.
633 1194 659 1233 In
677 1194 753 1245 Fragm.
773 1194 818 1234 Vct.

123 1250 202 1301 ponitur
212 1264 215 1288 :
233 1249 256 1288 de
267 1249 368 1288 fascinum
377 1248 456 1288 circum·
483 1248 580 1289 Versionis
589 1248 669 1289 Latinae
678 1249 730 1302 apud
739 1249 817 1299 Pitram,

122 1304 221 1345 volutione
229 1300 309 1357 usurpat
318 1303 406 1343 Galenus.
423 1303 456 1343 Ad
482 1304 625 1355 iancfornwsm
635 1310 720 1344 tenentes.
739 1304 818 1344 Wakius

123 1359 174 1399 hunc
180 1359 249 1399 Nostri
258 1358 321 1398 locum
327 1358 419 1410 plurimas
427 1359 456 1398 in·
483 1364 502 1399 et
517 1359 599 1399 Ohavall.
614 1359 657 1398 ancl
670 1359 713 1399 tion
727 1373 775 1410 pone
788 1360 818 1399 n-

122 1413 456 1467 terpretationesavilisdoctispro-
482 1415 557 1462 reetion,
576 1415 608 1453 doc.
637 1414 735 1466 Interpres
753 1413 815 1454 Anon.

121 1469 274 1509 latashabemus.
303 1468 384 1507 Junium
393 1469 409 1508 11
422 1482 455 1508 an·
481 1468 635 1518 Aberdoniensis,
651 1470 693 1508 anot
709 1468 753 1508 tloen
769 1484 817 1520 pane
844 1463 846 1468 ¹

121 1524 168 1573 dias,
183 1524 285 1575 (inscriptos
303 1523 455 1563 ministeriorum
481 1538 509 1563 cn
530 1523 642 1563 additional
663 1524 761 1572 direction,
782 1525 815 1564 doc.

122 1585 139 1618 et
148 1579 253 1630 (piciorano
260 1579 309 1618 nicea
317 1577 337 1616 in
349 1578 413 1617 auimo
422 1579 455 1617 ha·
481 1578 569 1627 Rothius,
581 1577 673 1629 Anfct'npe
689 1579 723 1628 alen
738 1578 814 1619 (limati.

121 1634 164 1673 buit
173 1633 192 1674 S.
200 1634 261 1673 Pater.
285 1632 388 1673 Salmasius
396 1634 455 1673 vertit
481 1633 557 1682 Karon,
567 1647 585 1685 p.
595 1646 640 1683 374,
655 1633 758 1685 Hesychia,
768 1634 816 1673 Ἐπί-

117 1694 244 1739 mneoeptnsn.
264 1687 359 1737 Usscrius,
368 1689 455 1728 ordinem
481 1702 536 1737 νομος·
561 1691 667 1738 κληρονόμος,
688 1689 754 1738 fultus,
773 1689 816 1728 red-

117 1743 263 1793 prneaem'ptnm.
299 1742 416 1782 Golomesius
434 1748 454 1783 et
481 1743 515 1792 dit,
522 1742 692 1783 commoratam
699 1742 816 1795 Veofnpnnq,

121 1797 214 1847 Heluius,
223 1798 369 1837 ordinationem.
393 1798 454 1837 Ham·
481 1799 535 1849 quasi
540 1796 630 1849 Apostoli
637 1798 657 1837 vi
666 1799 777 1838 testamenti
786 1812 816 1838 ar-

120 1853 207 1901 mandus,
225 1853 245 1891 in
263 1853 316 1905 cujus
339 1853 454 1892 sententiam
481 1853 584 1901 dinassent‚
593 1852 639 1904 ipsis
653 1852 752 1902 defunctis,
764 1853 815 1906 ipso-

121 1911 167 1947 eunt
184 1907 249 1947 Fellus
271 1912 290 1947 et
308 1909 416 1957 Wottonus,
434 1908 455 1947 111
481 1921 525 1946 rum
533 1921 603 1947 munus
616 1908 816 1960 presbyterosetdia-

121 1961 201 2001 Dissert.
215 1972 226 2011 5
243 1962 252 2013 ξ
266 1971 276 2013 7
289 1969 356 2003 contra
365 1962 454 2002 Blandel-
481 1976 538 2002 conos
548 1962 631 2014 eligendi
639 1963 664 2002 ad
673 1963 719 2003 alios
726 1959 817 2015 probatos

120 2016 165 2065 lum,
179 2016 270 2069 intelligit
286 2020 353 2058 seriem
366 2024 402 2057 ant
415 2032 455 2057 mo-
481 2018 532 2058 viros
549 2017 631 2057 transire
649 2018 722 2058 debere.
755 2019 816 2059 Prae-

120 2072 169 2111 dnm
191 2073 318 2123 successionis,
341 2072 454 2124 eotnlopnm,
481 2080 560 2125 ceptum,
569 2073 600 2112 vel
609 2074 709 2113 Decretnm
718 2074 770 2124 qnod
782 2075 816 2113 nel-

119 2126 277 2172 cliatnibnticnem
296 2135 332 2169 ant
349 2128 455 2168 ordinatio·
481 2128 537 2168 ditior
545 2128 573 2167 nol
577 2128 653 2179 priores
661 2129 724 2179 Lepos,
734 2128 815 2181 Lipsius,

119 2195 169 2221 nem.
197 2181 242 2222 Alia
255 2182 275 2221 in
289 2183 337 2233 loco,
350 2196 420 2235 nempe
434 2183 454 2221 in
480 2197 498 2235 p.
511 2197 541 2222 21.
571 2183 704 2231 Ouinullaex
716 2183 746 2222 his
759 2184 814 2223 satis-

119 2236 168 2276 librc
178 2237 209 2275 cui
217 2238 291 2287 titulus,
303 2239 341 2279 na
355 2240 422 2278 Pcweo·
434 2238 459 2289 cs
481 2239 531 2288 facit,
541 2238 659 2290 conjecturas
670 2253 718 2291 quae
727 2239 815 2278 adferun-

120 2291 149 2331 ela
164 2292 222 2343 Keps,
239 2292 291 2345 ehap.
305 2294 327 2333 iii
341 2298 350 2343 ς
365 2307 377 2342 4
391 2307 409 2346 p.
423 2307 454 2343 20,
481 2298 514 2333 tur
522 2293 593 2333 videat.
621 2293 815 2345 OonjicitJuniusle-

119 2346 171 2386 idem
186 2347 216 2386 vir
234 2348 360 2399 doctissimus,
377 2349 401 2388 de
418 2348 454 2388 hoc
481 2349 565 2401 gendum
574 2361 614 2388 esse
623 2350 711 2398 ἀπονομὴν.
734 2348 813 2398 Boisius‚

119 2402 161 2441 loco
171 2402 274 2443 Clementis
286 2418 349 2456 agens,
358 2403 386 2444 ita
394 2403 453 2443 inter·
480 2404 566 2455 ἐπιλογήν,
576 2404 606 2444 vel
620 2405 699 2453 ἐπιλογὴν
709 2404 777 2453 ἑτέροις,
787 2417 811 2443 sc.

119 2461 211 2507 pretatur,
219 2458 261 2510 tloep
270 2466 296 2498 aet
305 2460 362 2499 maon
370 2473 384 2498 n
393 2459 424 2498 list
431 2473 454 2498 on
480 2459 552 2499 interea
565 2458 611 2497 dum
622 2458 711 2498 vivebant
727 2458 769 2496 aliis
780 2459 813 2510 jus

118 2513 253 2553 continuatim
261 2514 397 2564 (pisaurensem.
421 2512 453 2553 Ab
480 2513 562 2566 eligendi
576 2517 718 2562 concesseruntj
740 2512 812 2552 Turne-

118 2567 151 2606 illa
165 2568 323 2620 interpretatione
335 2569 453 2609 Hammondi
479 2569 524 2617 rius,
540 2568 591 2620 apud
609 2567 709 2607 Usserium
727 2567 751 2606 de
767 2568 812 2619 Epi-

118 2621 170 2661 haud
186 2623 269 2663 inultum
283 2625 363 2665 dissidet
378 2623 453 2664 Ootclc·
480 2624 533 2664 stolis
547 2623 566 2663 S.
577 2622 653 2675 ignatii,
667 2623 677 2673 ξ
689 2625 718 2671 18,
728 2623 811 2670 ἐπιμονήν,

118 2676 453 2730 rinnafntnrneaacceasionisnepn
480 2679 563 2727 Noltius,
587 2681 610 2715 ἔτι
634 2680 687 2726 νόμον,
710 2677 812 2728 legendum

118 2732 158 2770 lam
163 2747 172 2778 ‚¹
187 2732 211 2770 ad
220 2733 268 2774 hanc
281 2736 353 2776 accedit
363 2734 452 2783 Olerious,
480 2747 519 2773 esse
534 2737 602 2772 censet.
631 2732 709 2781 Ritsohl,
721 2731 756 2771 Alo
768 2733 812 2771 Ka.

118 2786 275 2837 anbropntionnn,
298 2790 310 2829 i.
330 2804 345 2830 a.
371 2790 453 2829 nomina
480 2787 565 2828 titoliselae
574 2787 650 2835 Kinoloe,
660 2800 677 2838 p.
689 2796 733 2837 371,
744 2789 811 2825 ἐπιστο-

117 2840 288 2892 snbropandconm
319 2845 453 2885 successionem
479 2845 514 2892 λίμ,
544 2842 655 2890 Bunsenius
664 2843 684 2880 111
693 2842 742 2881 libro
751 2842 812 2893 Ipno-

116 2895 140 2933 in
153 2897 226 2936 mortni
239 2895 305 2950 lenna,
316 2901 341 2940 ad
354 2913 412 2951 quam
424 2900 452 2938 in·
480 2899 518 2938 tina
535 2897 579 2936 nani
594 2897 645 2936 aeine
660 2897 707 2947 Zeto,
724 2896 812 2937 Turnerii

117 2952 276 3002 terpretationem
303 2955 453 2995 confirmandam
479 2954 606 3005 conjecturam
614 2952 705 3003 sequitur.
804 2986 805 2989 ,

118 3005 237 3057 Hesychium
251 3009 334 3060 adducit,
349 3011 382 3063 qui
398 3012 452 3050 ἐπινό-
506 3009 530 3049 ib.
541 3005 640 3061 δεδώκασιν]
650 3007 696 3047 Ood.
704 3006 812 3048 118111111-

146 3083 193 3113 VOL.
204 3084 219 3113 Ι.
535 3087 548 3114 Y
