2061 3403
242 207 271 234 n
344 232 346 236 ,
474 189 516 234 Dll
537 190 558 233 S.
577 188 711 234 IGNA'PII

241 301 364 343 ascribendas
379 315 419 343 esse
433 303 551 356 pronuntiat.
580 301 662 354 Hydius,
675 301 762 355 Linguae
775 302 882 342 Hebruicae
895 301 941 340 Pro-

242 369 303 409 fessor
311 369 391 422 Regius,
403 372 528 421 1697-1702,
538 369 643 422 suspicatus
655 374 684 409 est
696 382 767 409 nomen
781 368 874 409 Latinum
884 368 942 420 Igna-

241 436 271 476 tio
283 441 363 489 parente
372 436 447 478 Judaeo
459 438 510 491 apud
520 436 590 478 Sardos
602 441 650 487 orto,
661 451 685 477 ex
696 436 760 489 patria
769 437 825 478 Nora
836 438 877 478 sive
885 435 942 476 Nura

241 502 332 548 inditum,
342 502 388 556 quia
396 503 469 545 scilicet
475 505 523 544 distr
532 504 571 544 sive
578 504 639 543 Ndro
645 502 748 544 Chaldaice
754 505 825 556 [poem
833 502 927 556 significat
934 514 940 551 3

242 582 300 620 qnam
309 569 440 622 conjecturam
449 569 487 623 ipsi
496 583 571 623 quoque
580 570 600 609 in
609 573 693 610 mentem
700 569 774 610 venisse
783 575 867 611 testatur
873 569 942 609 Petrus

241 634 380 688 Wesselingius
388 636 413 675 ad
422 635 516 676 Antonini
524 635 653 685 itinerarium,
662 651 680 689 p.
689 638 721 686 84.
743 637 788 677 Vid.
797 635 865 677 Grabii
875 634 939 687 Spicil.

196 742 198 746 .
242 700 292 741 Patt.
303 701 318 741 ii
329 714 346 752 a,
361 706 381 741 et
391 703 466 742 Harles.
480 703 500 741 in
509 703 582 743 Fabric.
594 702 643 742 Bibl.
654 703 720 743 Graec.
730 703 758 743 vii
769 717 800 755 33,
810 707 830 743 et
839 700 941 742 Assemani

241 766 335 808 Biblioth.
346 767 422 809 Orient.
432 768 455 807 iii
463 783 483 822 p.
494 771 517 808 16
527 783 545 808 n.
555 783 574 818 4.
602 768 656 809 (loni.
671 769 782 822 Fragment.
800 768 866 810 Severi
880 767 941 808 Patri-

241 832 310 873 archae
323 832 415 874 Antioch.
429 849 459 887 ap.
475 834 565 875 Ouretou.
578 849 609 887 pp.
619 835 663 884 216,
674 843 720 886 357.
753 835 783 874 De
797 834 857 874 animi
873 833 940 874 ardore

241 899 351 941 vehementi
365 906 385 941 et
399 901 453 953 quasi
466 902 521 953 ipseo
535 901 626 954 intelligit
636 901 776 954 Deuningcrns,
785 902 832 941 aber
840 901 871 941 die
881 899 940 940 ΑοοΙι-

241 966 287 1006 stete
305 967 337 1007 des
355 967 460 1020 bialeoriqea
478 968 549 1018 reuco,
565 982 583 1020 p.
594 981 626 1022 39.
661 968 769 1008 Pearsonus
787 972 853 1008 autem
870 979 941 1007 nomen

241 1032 317 1085 ignatii
334 1034 445 1074 Romanum
463 1047 503 1074 esse
522 1033 589 1079 credit,
608 1034 680 1074 factum
698 1048 723 1073 cx
739 1034 845 1086 Epicurius,
863 1033 940 1072 nomine

241 1100 317 1153 saepius
333 1101 384 1154 apud
398 1101 509 1141 Ciceronem
525 1105 544 1141 et
557 1101 650 1147 Tacitum,
664 1106 684 1142 et
698 1101 719 1140 in
734 1101 814 1141 (truseri
827 1099 940 1152 Inscriptio-

240 1166 298 1206 uibus
307 1168 379 1220 passim
388 1168 472 1212 obvium,
482 1167 506 1207 ab
516 1167 599 1219 Egnatia
607 1169 654 1207 urbe
663 1168 747 1220 Apuliae
756 1168 867 1212 deductum,
876 1165 905 1206 uti
915 1166 939 1205 ab

240 1232 317 1272 Hadria
326 1233 443 1277 Hadrianus,
453 1246 465 1272 a
474 1232 559 1273 Corfinio
569 1233 669 1283 (domnius,
679 1234 713 1273 ue.

267 1299 298 1338 De
307 1302 399 1350 θεοφόροο
408 1304 540 1351 cognomento,
548 1299 587 1340 vid.
594 1299 644 1339 inira
653 1314 685 1352 pp.
693 1309 738 1351 270,
747 1303 794 1351 578.

266 1365 277 1394 b
290 1363 501 1419 tertius-Episcopus]
518 1365 549 1404 Ex
558 1365 636 1405 Ensebii
645 1365 678 1405 lib.
689 1365 711 1405 iii
721 1380 761 1418 cap.
772 1379 795 1404 22
806 1365 866 1418 liquet
875 1366 939 1405 locum

239 1431 267 1471 ita
279 1431 363 1484 intelligi
373 1432 447 1481 debere,
457 1437 480 1471 ut
489 1432 558 1472 Petrus
570 1431 650 1484 primus,
660 1432 747 1472 Euodius
760 1431 860 1475 sccundus,
868 1431 938 1472 tertius

238 1497 321 1550 denique
331 1497 419 1550 Ignatius
432 1497 491 1537 fuisse
504 1502 609 1538 censeatur.
637 1498 679 1538 Nec
693 1498 746 1537 alind
757 1498 800 1537 vult
814 1497 866 1537 idem
879 1497 937 1537 Euse-

237 1563 286 1613 bius,
296 1564 373 1617 quando
383 1578 423 1616 cap.
434 1566 459 1614 36
474 1564 559 1616 ejusdem
573 1564 616 1604 libri
631 1564 671 1604 ait:
686 1565 773 1614 Ἰγνάτιος,
785 1567 815 1612 τῆς
829 1564 864 1602 κατ’
872 1565 937 1601 Ἀντιό-

237 1647 286 1681 χειαν
301 1632 368 1681 Πέτρου
384 1632 463 1680 διαδοχῆς
479 1631 557 1681 δεύτερος
571 1633 602 1680 τὴν
616 1631 712 1678 ἐπισκοπὴν
727 1630 858 1681 κεκληρωμένος.
878 1630 900 1669 Ε.
917 1629 935 1670 S.

238 1695 400 1737 OYPRIANUS.

266 1763 360 1806 Socrates.
371 1762 396 1802 H.
408 1763 430 1802 Ε,
441 1762 461 1802 vl
470 1765 488 1810 8,
502 1763 583 1814 Ἰγνάτιος
595 1763 698 1811 Ἀντιοχείας
713 1765 743 1811 τῆς
758 1763 819 1811 Συρίας
833 1761 889 1812 τρίτος
903 1762 937 1800 ἀπὸ

237 1834 268 1867 τοῦ
277 1830 386 1868 Ἀποστόλου
395 1830 462 1880 Πέτρου
471 1830 570 1869 ἐπίσκοπος.
598 1828 721 1881 origenesin
732 1827 750 1868 S.
761 1829 834 1868 Lucam
844 1828 902 1867 Hom.
910 1827 936 1876 vi,

238 1896 288 1949 Opp.
299 1903 324 1934 111
333 1909 351 1948 p.
362 1898 400 1947 938
413 1896 441 1935 ed.
457 1895 502 1935 Ben.
517 1896 621 1947 Ipuote'om
634 1896 681 1945 dico,
691 1895 811 1947 Episcopum
823 1889 939 1934 Antiochiae

236 1958 279 2014 post
288 1962 370 2001 Petrum
379 1962 488 2001 secundam.
517 1961 590 2002 Existit
599 1962 635 2002 hoo
644 1962 686 2001 loco
696 1962 789 2014 quaestio,
799 1975 846 2000 num
856 1961 936 2009 Euodio,

237 2032 271 2067 aut
287 2027 305 2082 S
315 2027 372 2067 Petro
387 2028 497 2067 immediate
511 2028 622 2067 successerit
635 2028 730 2080 ignatius,
745 2041 803 2080 quem
817 2042 829 2066 a
843 2027 862 2067 S.
876 2027 936 2066 Paulo

237 2094 284 2135 Sedi
293 2093 425 2134 Antiochense
438 2095 555 2147 praefectum
568 2094 626 2134 fuisso
639 2099 727 2135 statuunt
737 2094 820 2134 Constit.
830 2093 898 2146 Apost.
908 2094 936 2133 vii

238 2162 271 2209 46,
281 2159 318 2200 aS.
326 2160 384 2200 Petro
390 2165 455 2201 autem
461 2160 598 2209 Theodoretus,
604 2161 653 2200 Dial.
660 2160 673 2211 i,
683 2161 733 2213 Opp.
740 2160 760 2200 iv
767 2174 792 2211 33
800 2160 829 2199 ed.
838 2160 934 2200 Sirmond.

148 2246 164 2274 ς·
237 2232 258 2267 et
267 2227 421 2279 Ohrysostomus.
431 2227 505 2267 Hamil.
515 2228 536 2266 in
546 2227 564 2268 S.
573 2228 635 2281 ignat.
647 2228 704 2267 Mart.
716 2227 790 2280 Oppii
800 2237 838 2278 597
847 2227 877 2266 ed.
888 2227 933 2266 Ben.

238 2294 302 2343 Quam
315 2297 338 2332 ut
351 2293 444 2333 dirimant
457 2293 612 2342 controversiam,
622 2294 723 2344 Baronius,
732 2293 784 2332 Ann.
797 2302 821 2342 45
834 2306 865 2342 14,
879 2297 899 2332 et
909 2302 933 2343 71

240 2373 270 2410 ιι,
280 2363 338 2412 atque
347 2359 424 2399 Natalis
430 2358 544 2408 Alexander,
553 2360 605 2400 Sacc.
613 2360 619 2398 i
629 2361 681 2400 Diss.
689 2361 724 2400 xiv
733 2361 790 2412 Prop.
799 2360 811 2408 i.
821 2359 936 2400 auctoritate

237 2425 304 2466 Oonst.
314 2424 382 2478 Apost.
392 2425 420 2465 vii
429 2426 461 2474 46,
471 2430 493 2465 ut
502 2426 583 2475 videtur,
593 2426 642 2475 freti,
652 2427 759 2479 conjiciunt
771 2441 782 2466 a
796 2426 816 2467 S.
827 2426 885 2466 Petro
897 2425 936 2465 Eu-

237 2492 309 2541 odium,
326 2505 338 2530 a
355 2491 373 2532 S.
389 2492 448 2531 Paulo
464 2492 564 2543 ignatium
581 2506 620 2532 csse
636 2498 709 2533 creatos
724 2493 836 2545 Episcopus,
850 2496 873 2532 ut
887 2493 937 2533 alter

236 2559 322 2608 Judacis,
341 2558 390 2597 alter
406 2558 494 2597 Ethnicis
513 2557 545 2610 qui
564 2558 584 2598 in
602 2559 707 2599 Ecclesiam
722 2564 815 2599 venerant
833 2568 935 2611 praeesset,

236 2626 306 2678 quibus
319 2626 345 2681 ad
359 2624 480 2664 concordiam
492 2624 570 2664 tandem
585 2624 678 2674 adductis,
693 2625 792 2677 ignatium
807 2625 883 2665 Euodio
896 2639 935 2666 cos-

235 2692 288 2742 sisse,
297 2693 407 2745 iterumque
419 2695 463 2745 post
476 2691 551 2730 obitum
561 2691 611 2730 illius
622 2691 698 2731 sedisse.
727 2692 781 2730 Duas
791 2692 811 2730 iu
821 2692 935 2743 quibusdam

236 2759 352 2809 civitatibus,
364 2758 484 2811 temporibus
495 2757 639 2809 Apostolorum
653 2757 753 2806 Ecolcsins,
768 2758 816 2797 duos
830 2758 935 2811 Episcopos

236 2825 299 2870 fuisse,
308 2826 484 2878 probabilissimum
498 2838 523 2864 ex
535 2823 582 2876 ipsis
596 2823 675 2876 scriptis
683 2823 800 2876 Apostolicis
814 2824 879 2865 fecisse
892 2826 933 2866 Ha·

235 2891 334 2941 mondum,
350 2892 419 2933 statuit
435 2892 546 2940 Pearsouus‚
561 2890 637 2930 Vindio.
652 2889 665 2929 ii
680 2892 724 2929 186.
760 2890 785 2929 In
800 2890 876 2932 Dissort
891 2892 905 2931 ii
915 2906 932 2943 3,

235 2958 259 2998 dc
270 2958 322 2999 Serie
332 2964 351 2999 et
362 2958 483 2999 Successionc
493 2957 599 3010 prunorum
607 2958 678 2997 Romae
687 2957 831 3010 Episcopmum,
842 2973 884 2998 eam
893 2960 933 3011 opi-
