1931 3420
313 219 349 275 αα
363 216 590 276 οόιιιιιοαιιιαιι.

97 349 135 395 μᾶς.
151 345 195 398 Igu.
206 345 272 398 Magn.
285 359 314 395 14.
338 347 437 385 κολακεόσω

98 404 186 450 συντόμως
194 418 216 451 με
225 403 333 452 καταφαγεῖν.
346 401 402 440 Rom.
412 411 431 451 5.

72 453 156 496 Σάντονος.
176 458 223 506 ὑμῶν
231 458 251 494 rb
264 455 344 495 σύντονον
353 459 382 505 τῆς
394 457 436 505 άλη-

32 520 33 523 ’
98 512 148 551 θείας.
164 511 207 564 Ign.
218 511 283 563 Ροίγα.
294 519 311 561 7.

71 566 175 616 Συντρέχειν.
195 567 241 605 ὅπως
252 566 353 615 συντρέχητε
361 569 382 614 τῇ
391 569 436 617 γνώ·

28 665 30 669 .
97 637 119 669 μη
129 625 159 659 τοῦ
169 625 220 659 Θεοῦ.
236 620 278 673 Ign.
289 620 337 672 Eph.
347 633 365 671 3.
394 637 436 659 συν-

97 676 164 726 τρέχειν
179 679 200 724 τῇ
217 679 247 714 τοῦ
263 677 355 715 ἐπισκόπου
369 679 436 726 γνώμῃ.

98 744 115 778 4.
143 732 167 770 ὣς
181 732 205 770 εἷς
219 732 258 769 ναὸν
271 731 371 780 συντρέχετε
384 736 436 770 Θεοῦ.

64 786 66 788 ’
98 784 162 837 Magn.
175 793 193 835 7.
212 787 316 831 σουαθλεῖτε,
328 786 436 836 συντρέχετε.

97 840 190 891 ΡοΙγα.6,
374 858 375 861 ’

71 896 174 945 Συντρίβειν.
203 897 232 933 ε’άν
245 899 284 944 ποιῇ
298 898 361 940 σκεῦος,
376 898 402 934 καί
419 897 437 934 ἐν

96 953 132 989 ταῖς
140 951 204 1001 χερσὶν
210 952 260 989 abror]
270 952 365 1001 διαστραφῇ
374 952 384 1000 ἢ
392 968 435 990 συν-

97 1008 153 1055 τριβῇ.
169 1004 290 1045 Olem.118.

71 1061 158 1109 Συντυχία.
187 1063 217 1109 τῆς
227 1064 257 1098 τοῦ
270 1063 358 1112 θεοφόρου
372 1078 435 1100 συντυ-

64 1158 65 1163 ¹
96 1115 140 1163 χίας.
155 1114 215 1154 Mart.
226 1116 266 1167 Ign.
279 1116 295 1154 6.

71 1168 166 1217 Σόσσημος.
188 1169 215 1207 ἵνα
224 1171 255 1218 άρη
265 1170 355 1219 σύσσημον
363 1172 387 1210 εἷς
396 1172 436 1211 τοὺς

97 1225 163 1264 αίῶνας.
179 1223 222 1276 Igu.
234 1224 308 1276 Smyrn.
319 1238 334 1265 1.

70 1277 160 1318 Σόστασις.
177 1281 212 1322 ,τάς
224 1283 317 1320 συστάσεις
330 1283 360 1320 τάς
371 1281 435 1329 άρχον-

97 1335 148 1372 τικάς.
164 1333 207 1385 Igu.
219 1333 276 1373 Trall.
287 1344 304 1384 5.
341 1335 403 1385 θηρίων
416 1352 435 1373 τε

97 1390 198 1428 συστάσεις.
213 1388 269 1428 Rom.
280 1398 298 1438 5.

70 1442 154 1492 Σάστημα.
174 1445 195 1481 rb
204 1448 237 1481 τῶν
243 1449 346 1494 Χριστιανῶν
353 1445 435 1490 θεοσεβὲς

97 1498 184 1546 σύστημα.
199 1498 257 1538 Mart.
267 1499 308 1551 Ign.
320 1512 336 1538 2.

70 1553 177 1603 Σφραγίζειν.
206 1555 313 1604 ἐσφράγισεν
325 1557 359 1593 τοῖς
373 1555 434 1592 δακτυ·

96 1607 139 1647 λίοις
152 1612 187 1645 τῶν
198 1610 298 1658 φυλάρχων.
313 1608 372 1648 Olem.
384 1609 433 1659 143.

96 1662 205 1713 ἐσφράγισεν
214 1665 244 1702 τάς
253 1665 323 1703 κλεῖδας.
337 1663 362 1702 ib.

70 1719 151 1767 Σφραγίς.
181 1719 279 1765 ἐπεδείξατο
291 1722 325 1758 τοῖς
338 1720 435 1768 φυλάρχοις

96 1773 126 1811 τὰς
134 1774 239 1822 σφραγῖδας.
254 1772 312 1812 Olem.
323 1773 334 1812 I
344 1787 374 1823 43.
401 1777 436 1811 τῶν

96 1828 128 1876 νὰο
141 1828 165 1875 νὴ
179 1830 309 1877 moneam*
320 1829 359 1876 ¹bv
373 1831 434 1877 σφαι-

96 1883 139 1931 γῖδα.
155 1881 179 1920 Π
189 1890 207 1932 7.
221 1883 365 1932 Ἰτηριήσατε...τὴν
374 1885 433 1932 σφρα-

96 1937 134 1986 γῖδα
143 1937 225 1975 άσπιλον.
241 1940 257 1976 8.

69 1992 137 2040 Σχεδόν.
166 1993 198 2040 ἤδη
214 1993 277 2040 σχεδόν
292 1993 310 2029 ἐκ
325 1995 354 2028 τοῦ
369 1994 434 2041 χρόνου

96 2046 193 2093 κεκμηκότα.
209 2046 265 2085 Mam
277 2046 339 2097 Polyc.
351 2059 380 2085 22.

69 2101 138 2149 Σχίζειν.
174 2100 191 2138 εί
205 2117 230 2140 τις
246 2103 322 2151 σχίζοντι
339 2102 434 2140 ἀκολουθεῖ.

97 2155 137 2206 lgr..
147 2154 224 2196 Philad.
235 2169 254 2206 3.

69 2211 142 2259 Σχίσμα.
160 2214 196 2249 πᾶν
205 2213 273 2260 σχίσμα
284 2212 376 2256 βδελυκτὸν
388 2212 434 2260 ὑμῖν.

96 2264 155 2304 Olem.
170 2267 180 2304 Ι
195 2279 212 2304 2.
238 2267 274 2304 Ἵνα
287 2267 304 2304 τί
317 2267 383 2317 ἕρεις..
394 2268 435 2306 ,καὶ

96 2321 185 2369 σχίσματα
195 2351 211 2360 ..
221 2350 226 2360 .
235 2322 252 2359 ἐν
265 2323 314 2370 ὑμῖνς
330 2322 360 2369 46.
411 2323 435 2359 Tb

95 2376 164 2423 σχίσμα
178 2377 224 2424 ὑμῶν
235 2378 311 2415 πολλοὺς
325 2376 433 2427 διέστρεφεν.

95 2429 120 2468 ib.
148 2431 206 2480 άγάπη
219 2431 287 2480 σχίσμα
300 2432 329 2468 οὐκ
342 2432 383 2480 ἕχει.
400 2444 433 2481 49.

95 2486 116 2522 E?
125 2487 145 2522 δι’
155 2486 306 2535 ἐμὲ...σχι’σματα,
316 2487 388 2536 ε’κχωρώ.
401 2498 433 2534 54.

69 2539 151 2589 Σχοινίον.
171 2543 242 2592 σχοινίῳ
254 2543 337 2591 χρώμενοι
345 2545 368 2592 τῷ
377 2540 432 2577 Πνεά-

95 2610 134 2643 ματι
143 2599 168 2646 τῷ
175 2595 233 2648 Ἀγίιμ.
248 2595 292 2648 Ign.
302 2594 349 2647 Eph.
360 2608 377 2645 9.

69 2651 165 2699 Σχολάζειν.
184 2655 290 2700 προσευχαῖς
302 2652 375 2699 σχόλαζε
385 2650 433 2687 ἀδια-

95 2707 177 2744 λείπτοις.
192 2704 235 2757 Ign.
244 2705 307 2757 Polye.
316 2717 331 2744 1.
350 2712 432 2755 Χριστια-

56 2804 57 2807 Ὶ
95 2761 210 2812 νός,..θεῷ
220 2763 306 2809 σχολάζει.
318 2768 335 2810 7.

68 2816 133 2861 Σώζειν.
151 2816 176 2854 εἰς
183 2818 204 2853 rb
213 2817 298 2862 σώζεσθαι
306 2813 430 2863 μετ’ἐλέους...

94 2871 123 2907 τόν
137 2870 256 2920 ἀριθμὸντῶν
270 2872 354 2908 ἐκλεκτῶν.
369 2867 432 2907 Olem.

94 2923 106 2962 I
114 2938 130 2964 2.
150 2928 168 2962 οί
177 2925 302 2964 ὑπακούσαντες
310 2925 404 2972 ἐσώθησαν.
413 2930 432 2972 7.

95 2981 133 3017 Λώτ
141 2981 206 3027 ε’σώθη.
219 2992 248 3018 11.
269 2980 324 3028 ἐσώθη
330 2980 387 3024 Ῥαάβ.
400 2990 431 3015 12.

95 3036 154 3080 σώζων
166 3036 231 3074 πάντας
242 3035 282 3073 τοὺς
293 3035 311 3072 ε’ν
323 3036 367 3085 αὐτῷ
379 3033 433 3071 όσίως

94 3089 257 3139 ἀναστρεφομένους.
273 3102 303 3128 21.
331 3090 354 3128 εἷς’
362 3089 382 3126 rb
395 3089 431 3126 σώ-

789 231 832 275 117

492 348 550 394 ζεσθαι
557 347 598 384 όλον
604 347 623 384 rb
631 350 688 395 σῶμα.
699 355 731 397 37.
749 346 831 394 Σωζέσθω

491 403 521 441 οὖν
529 402 575 450 ἡμῶν
581 401 621 439 όλον
627 403 647 439 rb
657 405 714 450 σῶμα.
726 404 758 451 38.
775 402 829 440 ἀπολ-

491 457 573 505 λυμένους
583 456 625 504 ἡμᾶς
637 458 712 495 ἔσωσεν.
728 456 751 495 Π
760 469 777 495 1.
804 458 831 494 καί

492 509 627 562 σπλαγχνισθεὶς
644 512 718 550 ἔσωσεν.
733 511 758 550 ib.
806 512 832 549 δεῖ

491 567 531 605 τοὺς
546 566 673 612 ἀπολλυμένους
689 568 756 612 σώζειν.
773 578 790 604 2.
821 569 831 603 ὁ

491 622 566 670 Χριστός
579 619 663 669 ι’γθέλησεν
675 624 734 658 σῶσαι
744 622 765 658 rb
777 622 830 659 ἀπολ-

491 675 560 724 λύμενα,
579 677 604 713 καὶ
622 676 691 713 ἔσωσεν
709 675 790 715 πολλοάς.
805 675 830 714 ib.

492 731 521 768 ἐὰν
534 730 564 768 σόν
575 729 709 780 ὁμολογήσωμεν
723 730 744 768 δι’
753 730 774 768 αθ
786 731 830 768 ε’σώ-

491 787 547 834 θημεν.
563 797 582 834 3.
617 786 637 822 οὐ
656 785 691 835 γάρ
709 789 759 823 τοῦτο
777 787 831 823 σιἰσει

491 841 539 889 ἡμᾶς.
550 853 569 888 4.
589 839 615 878 ἵνα
624 840 708 887 σωθῶμεν
715 841 748 879 ὑπὸ
757 843 786 877 τοῦ
796 846 830 877 Κυ-

490 895 535 945 ρίου,
546 897 565 934 8.
586 899 640 934 Γνῶτε
649 896 668 932 ἐν
675 895 708 933 τίαι
717 895 799 942 ἐσώθητε.
811 907 829 945 9.

491 948 520 989 Εἷς
529 952 608 1001 Χριστός,
616 982 619 989 ,
628 981 632 989 ,
643 980 647 988 .
656 952 666 987 ὁ
677 952 737 989 σώσας
746 950 794 998 ἡμᾶς.
804 949 829 989 ib.

491 1006 580 1053 ἐσώθησαν
586 1006 604 1042 ἐν
612 1006 677 1053 ἑνότητι
682 1005 741 1053 Ἰησοῦ
748 1009 829 1054 Χριστοῦ.

491 1059 534 1112 Igu.
545 1059 616 1098 Philad.
627 1069 644 1109 5.
675 1060 737 1098 ἔπαθεν
751 1061 771 1098 δι’
781 1060 828 1108 ἡμᾶς,

490 1114 517 1153 ἵνα
531 1116 617 1163 σωθῶμεν.
632 1113 710 1166 Smyrn.
722 1127 738 1153 2.
767 1116 830 1154 πάντας

489 1172 596 1219 παρακαλεῖν,
603 1168 629 1207 ίνα
636 1172 729 1216 σώζωνται.
741 1169 804 1221 Polyc.
812 1182 827 1209 l.

489 1225 512 1272 μὴ
527 1227 578 1272 μόνον
593 1226 650 1262 ἑαυτὸν
666 1225 723 1262 θέλειν
737 1225 828 1270 σώζεσθαι.

490 1279 548 1318 Mart.
557 1279 620 1331 Polyo.
632 1292 647 1317 1.
667 1280 781 1324 τὸνβασιλέα
789 1295 827 1328 μου,

489 1336 518 1372 τόν
532 1336 612 1372 σώσοντά
624 1349 656 1381 με;
675 1347 694 1384 9.
722 1338 753 1371 τοῦ
766 1336 828 1374 παντὸς

489 1391 553 1436 κόσμου
562 1394 595 1426 τῶν
603 1389 709 1437 σωζομένων.
722 1397 753 1438 17.
818 1410 820 1412 >

462 1449 516 1491 Σῶμα.
536 1446 553 1481 αἱ
561 1444 636 1482 ἀσθενεῖς
645 1447 671 1495 τῷ
680 1445 752 1491 σώματι.
766 1442 827 1482 Olem.

490 1498 501 1536 I
511 1499 528 1536 6.
552 1501 634 1547 Λάβωμεν
641 1500 662 1536 rb
672 1503 722 1547 σῶμα
731 1499 782 1547 ἡμῶν.
795 1507 826 1549 37.

489 1555 510 1591 τά
521 1554 544 1591 δὲ’
552 1554 635 1602 ἐλάχιστα
646 1553 691 1601 με’λη
701 1556 731 1591 τοῦ
744 1555 827 1601 σώματος.

489 1607 514 1647 ib.
543 1611 627 1657 εόχρηστά
643 1609 688 1646 εἶσιν
702 1608 738 1659 όλῳ
754 1612 777 1659 τῷ
793 1611 828 1646 σάν-

489 1679 533 1711 ματι.
548 1662 574 1701 ib.
602 1664 625 1702 εἷς
634 1664 654 1700 rb
664 1664 754 1712 σώζεσθαι
760 1663 802 1700 όλον
807 1665 828 1701 rb

489 1722 543 1766 σῶμα.
553 1717 577 1756 ib.
597 1718 643 1766 ἡμῶν
652 1717 694 1755 άλον
701 1719 721 1755 rb
730 1722 785 1765 σῶμα.
795 1720 826 1767 38.

472 1799 474 1804 -
489 1774 601 1821 στασιάζομεν
609 1774 652 1822 πρὸς
661 1774 682 1810 rb
692 1777 742 1819 σῶμα
750 1775 770 1811 rb
778 1772 826 1811 ίδιον.

490 1828 520 1875 46.
549 1828 567 1865 ἐν
576 1829 615 1865 δυσὶ
624 1829 705 1874 σώμασιν
713 1826 827 1877 άνυποκρίτως

491 1883 558 1930 ...μία
571 1882 627 1931 ψυχή.
641 1881 665 1920 Π
677 1895 706 1921 12.
731 1884 751 1920 rb
763 1884 781 1919 δὲ
795 1884 828 1930 ἔξω

488 1938 508 1974 rb
521 1941 571 1984 σῶμιι
583 1938 634 1987 λέγει·
650 1936 671 1974 ὃν
680 1939 744 1986 τρόπον
754 1937 784 1975 σόν
795 1954 828 1976 σου

488 1993 508 2029 rb
518 1997 567 2040 σῶμα
576 1992 658 2042 φαίνεται.
670 1991 698 2030 ib.
717 1993 769 2040 μηθὲν
778 2008 827 2030 κατα-

488 2047 554 2084 λίπωσι
571 2051 600 2084 τοῦ
621 2049 701 2095 σώματός
724 2063 763 2096 μου.
783 2047 826 2098 Ign.

489 2100 545 2140 Rom.
556 2115 573 2150 4.
597 2101 624 2139 ότε
635 2103 676 2139 σιἰδὲ
685 2104 706 2140 rb
715 2104 765 2150 σῶμά
776 2118 808 2150 μου
817 2105 827 2140 ὁ

489 2159 553 2205 κόσμος
563 2157 630 2205 όψεται,
645 2155 671 2195 ib.
701 2157 775 2205 άλησμοὶ
786 2158 827 2194 όλου

489 2215 519 2249 τοῦ
529 2214 618 2258 σώματος.
625 2220 642 2260 5.
662 2213 681 2248 ε’ν
690 2213 714 2249 ε’νί
724 2214 789 2260 σώματι
798 2215 827 2260 τῆς

489 2267 578 2314 ἐκκλησίας
595 2268 651 2304 αὐτοῦ.
668 2264 745 2317 Smyrn.
757 2278 773 2304 1.
806 2268 826 2304 rb

488 2322 565 2371 φθαρτόν
571 2325 624 2369 σῶμα.
634 2319 757 2371 Fragmviii.
776 2325 826 2368 σῶμα

488 2376 587 2423 ὁμοιοπαθὲς
595 2376 695 2425 ἀνθρώποις,
706 2374 731 2414 ib.
754 2377 777 2414 είς
786 2376 825 2413 άνά-

489 2446 550 2467 στασιν
559 2460 562 2468 .
571 2461 574 2468 .
583 2431 652 2479 ψυχῆς
665 2446 684 2467 τε
698 2432 726 2467 καὶ
742 2432 825 2478 σώματος.

488 2484 545 2523 Mart.
556 2483 658 2535 Polyc.14.
679 2484 736 2535 κύκλῳ
744 2486 825 2534 περιετεί-

487 2555 528 2588 χισε
534 2541 554 2576 rb
561 2543 609 2587 σῶμα
616 2543 645 2576 τοῦ
654 2540 745 2589 μάρτυρος.
758 2548 787 2588 15.
805 2541 825 2577 ob

488 2595 576 2641 δυνάμενον
588 2595 637 2631 αὐτοῦ
651 2596 672 2631 rb
686 2599 736 2642 σῶμα
750 2595 782 2632 άπὸ
794 2599 825 2632 τοῦ

487 2650 540 2698 πυρὸς
551 2649 667 2696 δαπανηθῆναι.
681 2649 711 2686 16.
734 2649 757 2697 μὴ
768 2650 825 2687 δοῦναι

487 2704 566 2740 αὐτοῦτὸ
578 2707 626 2751 σῶμα
636 2705 691 2753 ταφῇ.
705 2711 734 2753 17.
762 2707 824 2754 κυβερ-

487 2757 536 2805 νήτην
544 2762 577 2795 τῶν
586 2760 669 2806 σωμάτων
678 2758 729 2805 ἡμῶν.
743 2771 773 2808 19.

460 2815 558 2860 Σωμοτείυν.
588 2813 716 2860 ἀπεκατεστάθη
734 2815 791 2853 αὐτοῖς
805 2817 825 2852 rb

486 2867 529 2905 ’ίδιον
537 2870 633 2915 σωματεῐον.
646 2868 688 2919 Ign.
701 2867 778 2920 Smyrn.
787 2882 816 2908 11.

460 2922 521 2972 Σωτήρ.
542 2923 584 2960 κατὰ
599 2923 658 2960 πίστιν
674 2924 702 2960 καὶ
718 2924 789 2973 ἀγάπην,
807 2926 825 2963 ἐν

485 2977 543 3024 Ἰησοῦ
560 2981 628 3029 Χριστῷ
645 2981 670 3029 τῷ
689 2981 754 3029 Σωτῆρι
771 2980 824 3029 ἡμῶν.

486 3031 529 3083 Ign.
540 3030 589 3083 Eph.
601 3044 618 3070 1.
653 3034 758 3083 εὐλογημένη
768 3036 825 3076 ...ἐν

486 3087 542 3134 Ἰησοῦ
560 3091 628 3140 Χριστῷ
646 3092 671 3139 τῷ
689 3087 763 3140 Σωτῆρι
773 3091 824 3139 ἡμῶν.
