2017 3420
150 206 178 250 92

180 335 198 371 9.
229 322 240 360 δ
258 326 297 361 οὔτε
316 324 345 364 οὓς
363 326 440 372 ῆκουσεν.
461 324 519 364 Mart.

179 376 243 429 Polyc.
256 391 272 416 2.

151 431 244 481 Ὀφείλειν.
274 434 298 473 είς
309 435 339 472 τόν
348 434 460 484 ὀφειλόμενον
469 436 522 473 τόπον

179 490 209 536 τῆς
226 488 282 535 δόξης.
299 487 359 527 Olem.
377 489 387 527 Ι
404 498 422 539 5.
451 490 522 538 ὀφειλο-

179 558 210 589 μεν
226 544 269 581 κατὰ
286 545 342 582 πάντα
358 545 473 594 εὐχαριστεῖν.
489 545 520 594 38.

179 597 235 635 πάντα
248 598 296 644 τάξει
309 602 364 637 ποιεῖν
375 600 474 648 ὀφείλομεν.
490 611 521 646 40.

179 653 247 699 μᾶλλον
255 655 394 704 ταπεινοφρονεῖν
402 654 475 703 ὀφείλει.
490 656 520 701 48.

180 707 285 756 ὀφείλουσιν
300 710 320 746 τὸ
336 710 391 747 κοινάν
405 711 435 756 τῆς
453 709 523 747 ε’λπίδος

181 765 258 800 σκοπεῖν.
274 770 306 810 51.
334 763 411 802 παιδείαν
425 763 453 812 ἐφ’
467 761 478 810 ᾗ
492 764 521 800 οό-

181 816 215 854 δείς
224 817 291 865 ὀφείλει
301 818 404 867 ἀγανακτεῖν.
416 819 447 867 56.
475 820 523 856 πάσα

181 871 200 907 δὲ
219 872 263 921 αὐτῷ
280 872 374 920 ὀφείλομεν
386 872 443 920 ’ὅσιος
464 870 487 910 ΙΙ
506 884 522 910 1.

181 926 291 973 συμπάσχειν
300 925 383 974 ἀλλήλοις
392 928 491 976 ὀφείλομεν.
503 939 522 973 4.

181 980 214 1016 Καὶ
228 979 293 1028 ὀφελου
306 982 368 1020 πάντες
381 982 432 1019 αὐτὸν
445 983 523 1029 ἐμιμοῦν-

181 1049 206 1070 το.
224 1033 266 1085 Igu.
281 1033 358 1085 Smyrn.
371 1048 400 1073 ια.
429 1036 524 1085 ὀφείλομεν

181 1086 232 1134 ἀξίως
246 1091 276 1136 τῆς
292 1089 361 1137 ε’ντολῆς
371 1118 375 1127 .
387 1119 391 1127 .
403 1118 407 1128 .
417 1093 522 1140 περιπατεῖν.

182 1142 245 1194 Polyc.
266 1142 314 1182 Phil.
332 1144 351 1193 5
385 1145 479 1194 ὀφείλομεν
497 1145 525 1182 καί

181 1198 228 1245 ἡμεῖς
242 1197 316 1246 ἀφιέναι.
327 1200 346 1236 6,
374 1201 398 1238 είς
410 1201 440 1237 τόν
452 1200 523 1248 ὀφειλά-

182 1267 232 1298 μενον
241 1253 299 1292 αὐτοῖς
307 1255 365 1291 τόπον,
382 1267 399 1303 9.

154 1305 262 1355 Ὀφειλέτης.
290 1309 352 1346 πάντες
367 1309 456 1357 ὀφειλέται
472 1307 525 1356 ἐσμέν

131 1373 133 1378 ·
183 1362 268 1410 ἁμαρτίας.
280 1361 345 1412 Polyc.
356 1361 406 1401 Phil.
418 1364 435 1401 6.

154 1415 260 1463 Ὀφθαλμάς.
290 1417 312 1453 τά
329 1416 419 1463 παθῆματα
437 1418 489 1454 αὐτοῦ
505 1415 525 1463 ἢν

181 1471 216 1519 πμό
231 1471 325 1518 ὀφθαλμῶν
339 1473 391 1517 ὑμῶν.
407 1470 468 1510 Olem.
481 1470 492 1509 Ι
506 1483 524 1509 2.

183 1526 267 1572 Λάβωμεν
280 1526 314 1573 πρδ
329 1526 424 1574 ὀφθαλμῶν
438 1527 490 1573 ἡμῶν.
506 1534 524 1574 5.

183 1582 199 1616 οἱ
215 1579 303 1627 ὀφθαλμοί
317 1583 347 1627 τῆς
364 1581 438 1630 καρδίας.
455 1581 486 1629 36.
516 1583 525 1617 ὁ

183 1633 312 1681 κεκλεισμένους
332 1635 433 1683 ὀφθαλμοὺς
450 1636 524 1682 ἀνοίξας.

184 1686 261 1738 Fragm.
272 1687 311 1726 VIII.
332 1690 410 1727 ἀπέναντι
419 1691 525 1740 γάρ,..θεοῦ

184 1743 237 1790 ε’σμεν
250 1743 352 1791 ὀφθαλμῶν.
368 1743 430 1795 Ροίγυ.
446 1743 494 1782 Phil.
506 1744 523 1782 6.

184 1797 204 1843 ἣν
222 1798 248 1833 καί
266 1795 311 1834 ἰ’δετε
331 1799 364 1836 κατ’
381 1798 489 1847 ὀφθαλμούς.
507 1811 525 1847 9.

184 1849 222 1898 Πμό
237 1851 333 1899 ὀφθαλμῶν
347 1853 381 1902 γὰρ
397 1851 444 1901 εἶχον
458 1855 525 1903 φυγεῖν.

185 1904 243 1943 Mart.
253 1904 318 1956 Polyc.
330 1919 346 1944 2.
375 1911 411 1946 τοῖς
420 1910 450 1955 τῆς
459 1908 527 1957 καρδίας

185 1961 288 2006 ὀφθαλμοῖς.
298 1959 325 1998 ib.

154 2003 215 2061 Ὄφις.
244 2017 326 2063 Φμόυιμος
344 2015 392 2063 γίνου
411 2017 433 2054 ὡς
452 2016 493 2065 ὀφις
509 2017 527 2053 ἐν

185 2069 254 2106 ἅπασιν.
270 2068 311 2119 Igu.
322 2068 386 2120 Ponc.
400 2083 415 2107 2.

156 2122 228 2170 Ὄχλος.
256 2123 311 2160 πάντα
324 2126 354 2160 τόν
367 2124 421 2171 άχλον
432 2129 466 2162 τῶν
477 2125 495 2161 ἐν
503 2128 527 2175 τῷ

186 2178 256 2226 σταδίῳ,
272 2176 331 2215 Mart.
345 2177 409 2228 Polye.
421 2191 439 2227 9.
467 2183 501 2215 τῶν
510 2180 527 2216 ά-

185 2234 234 2280 χλων
239 2235 344 2281 παραχρῆμα
352 2226 487 2281 συναγαγόντων.
498 2246 527 2281 13.

186 2287 213 2323 καί
222 2287 309 2333 θαυμάσαι
321 2288 376 2324 πάντα
385 2289 415 2323 τόν
424 2288 483 2335 ὀχλον.
496 2288 526 2324 16.

158 2341 209 2389 ’0φεῖ
225 2342 262 2390 ὀφέ
271 2343 301 2388 τῆς
311 2342 359 2390 ὥρας,
370 2340 428 2379 Mau.
437 2340 500 2391 Polyc.
509 2349 526 2390 7.

153 2395 216 2444 ’Ὄφις
255 2396 409 2444 τὴν...δπερτάτην
418 2396 461 2445 ὀφιν
470 2397 526 2434 αιίτοῦ,

186 2448 246 2487 Oleln.
260 2451 268 2487 I
283 2451 313 2498 36.
343 2450 369 2487 ἐπ’
384 2450 440 2499 ὀφεσι
453 2454 484 2487 τοῦ
498 2450 527 2497 δῆ-

185 2520 223 2551 μου.
238 2503 298 2543 Mart.
309 2505 350 2555 Igu.
363 2513 379 2552 5.
410 2507 528 2552 συμβαλόντες

185 2559 215 2596 τάς
225 2559 276 2609 άφεις
285 2563 318 2596 τῶν
327 2560 423 2609 ὀνειράτων.
439 2567 457 2608 7.

158 2614 251 2661 Ὀφάνιον
279 2614 310 2661 ἀφ’
321 2614 341 2650 οὗ
353 2615 379 2650 καί
390 2616 411 2651 τά
421 2615 489 2663 ὀψώνια
499 2628 526 2650 κο-

186 2668 261 2714 μίζεσθε.
278 2667 320 2718 Igu.
332 2667 396 2718 Polyc.
408 2669 425 2706 6.

159 2723 238 2768 Πάθημα.
267 2724 327 2760 καὶτὰ
341 2723 431 2771 παθῆματα
443 2723 496 2760 αὐτοῦ
508 2722 528 2767 ῆν

186 2778 219 2825 πρὸ
233 2777 329 2825 ὀφθαλμῶν
344 2778 393 2825 ὑμῶν.
410 2776 470 2815 Olem.
485 2777 493 2814 I
509 2789 526 2814 2.

186 2832 226 2868 οὐδὲ
243 2832 264 2868 τά
283 2832 355 2881 ἡμέτερα
372 2836 406 2869 τῶν
424 2832 459 2869 κατ’
476 2831 529 2880 άνδρα

185 2884 279 2932 παθήματα.
296 2886 339 2937 Igu.
351 2886 428 2938 διατι-ιι.
440 2898 459 2934 5.

159 2939 245 2986 Παθητῆς.
274 2941 292 2977 ἐν
301 2944 321 2988 τῆ
334 2941 428 2978 ἀναστάσει
439 2942 486 2988 ὑμῶν
495 2956 527 2979 πα-

186 2993 241 3041 θητῆν.
257 2994 298 3045 Igu.
310 2995 374 3045 Polyc.
386 3004 404 3044 7.

159 3049 241 3094 Παθητός,
270 3054 338 3098 πρῶτον
353 3051 428 3096 παθητὸς
444 3051 470 3087 καί
489 3051 527 3086 τότε

386 205 484 254 INDEX
501 204 688 249 VIIRBORUM'

575 323 647 371 άπαθῆς.
657 323 698 375 Igu.
710 321 759 375 Eph.
771 332 788 372 7.
815 325 845 360 τόν
854 322 917 370 ἀπαθῆ,

575 381 605 417 τόν
614 379 635 416 δι’
645 378 688 426 ἡμᾶς
696 379 778 426 παθητόν.
789 377 854 429 Polyc.
865 390 882 427 3.

549 434 613 472 Πάθος.
642 433 764 483 ἐκλελεγμένην
778 433 797 470 ἐν
810 433 861 470 πάθει
877 432 918 478 άλη-

577 489 622 538 θινηῖ.
641 487 684 540 Igu.
700 486 748 538 Eph.
765 487 823 526 lusor.
854 484 881 525 I'va
894 489 919 536 τηῖ

577 543 627 581 πάθει
642 545 662 580 τὸ
676 541 722 591 ὕδωρ
738 542 829 592 καθαρίσῃ.
842 543 871 580 18.
901 541 925 578 ἐν

577 599 627 636 πάθει
647 599 699 635 αὐτοῦ
718 599 744 634 καῖ
766 597 864 634 ἀναστάσει.
885 607 917 633 2ο.

577 654 597 690 τό
612 653 702 690 ἀποθανεῖν
716 653 740 690 εἷς
755 653 775 689 τὸ
790 653 842 689 αὐτοῦ
858 651 916 689 πάθας.
964 670 965 673 “

578 706 643 759 Magn.
664 716 681 756 5.
715 706 883 756 πεπληροφρρῆσθαι
901 705 919 741 ε’ν

577 766 598 810 τῇ
617 761 701 812 γεννήσει,
718 762 745 798 καί
762 765 786 812 τῷ
804 761 859 799 πάθει,
886 771 908 797 11
914 788 918 797 .

577 816 686 866 είρηνενοιῖση
701 817 719 853 εὐ
729 844 744 854 ..
754 845 757 853 .
766 819 790 867 τῷ
800 815 850 854 πάθει
861 815 919 862 Ἰησοῦ
961 846 962 849 ,

578 874 660 921 Χριστοῦ.
671 869 728 908 Trall.
740 870 799 908 lusor.
825 871 842 907 ἐν
851 873 875 920 τῷ
884 869 917 907 τά·

578 926 603 962 θει
618 926 670 963 αὐτοῦ
684 927 806 974 προσκαλεῖται
822 926 869 973 ὑμεῖς.
887 936 917 962 11.
973 960 974 963 ,

577 980 649 1027 μιμητὴν
658 977 700 1016 εἶναι
711 983 742 1016 τοῦ
754 979 819 1017 πάθους
831 982 861 1016 τοῦ
874 982 919 1015 θεοῦ

577 1050 615 1082 μου.
626 1033 681 1072 Rom.
694 1034 711 1072 6.
741 1034 886 1083 άγολλιαιμένηέν
894 1036 918 1083 τῷ

578 1089 628 1126 πάθει
642 1091 673 1125 τοῦ
688 1089 751 1138 Κυρίου
770 1088 821 1136 ῆμῶν,
843 1086 918 1126 Philad.

578 1142 638 1182 Insor.
667 1147 691 1193 τῷ
704 1144 755 1181 πάθει
767 1145 787 1180 οὐ
799 1143 920 1193 συγκατατίθε-
974 1188 975 1192 ¹
1008 1136 1009 1139 Ἴ

578 1213 612 1235 τοι.
624 1210 641 1247 3.
669 1197 768 1246 Ἐξαίρετον
782 1198 802 1234 δέ
817 1214 833 1235 τι
849 1198 885 1246 ἔχει
899 1199 919 1235 τό

579 1252 705 1302 εὖαγγέλιον,,.
716 1254 744 1289 .τό
759 1252 814 1291 πάθος
828 1253 884 1289 αὐτοῦ.
900 1263 918 1301 9.

578 1308 612 1350 ἀπὸ
628 1310 658 1344 τοῦ
673 1307 806 1355 θεομοκαμίστου
820 1307 872 1343 αὐτοῦ
886 1307 918 1344 πά-

579 1362 624 1400 θους.
635 1359 712 1411 Smyffl.
723 1374 739 1398 Ι.
768 1361 828 1410 μίχρις
840 1361 861 1398 οὗ
869 1377 919 1408 μετα-

579 1415 664 1462 νοῆσωσιν
680 1416 704 1453 είς
721 1418 741 1452 τό
759 1416 818 1454 πάθος.
839 1426 856 1463 5.
895 1419 919 1465 τῷ

579 1471 678 1521 εὐαγγελίῳ,
688 1468 730 1520 ἐνῷ
744 1472 764 1506 τά
777 1470 832 1508 πάθος
842 1470 881 1517 ἡμῖν
893 1472 919 1507 δε-

579 1525 658 1572 δήλωται.
670 1532 689 1573 7.
717 1525 767 1562 πάθει
777 1540 795 1561 τε
807 1526 833 1562 καί
846 1525 920 1561 ἀναστά-

579 1595 612 1617 σει,
633 1591 663 1616 12.
700 1579 779 1626 ἐπιθυμίᾳ
799 1582 836 1616 τοιῖ.
850 1579 918 1617 πάθους.

580 1633 637 1672 Mau.
649 1634 692 1684 Igu.
704 1645 721 1680 3.

552 1690 649 1737 Παιδάριον.
669 1689 785 1732 συνελάβοντο
793 1689 874 1737 παιδάρια
883 1688 918 1726 δύο,

580 1742 637 1781 Mart.
648 1741 711 1793 Polyc.
723 1743 741 1779 6.
766 1741 849 1791 ’Ἔχοντες
861 1743 891 1779 οὖν
899 1744 919 1780 τό

579 1798 672 1846 παιδάριον.
684 1805 703 1846 7.

554 1853 629 1889 Παιδεία.
658 1852 688 1898 τῆν
696 1851 773 1889 παιδείαν
781 1855 811 1888 τοῦ
821 1853 879 1900 φόβου
890 1854 920 1888 τοῦ
945 1866 952 1879 ·’
966 1886 968 1889 ⁴

582 1910 632 1943 θεοῦ.
644 1905 704 1944 Olem.
712 1905 723 1943 Ι
732 1918 762 1952 21,
772 1904 893 1956 PolyuPhil.
901 1918 918 1952 4.

581 1964 611 2009 τῆς
625 1961 643 1998 ἔν
655 1963 725 2010 Χριστῷ
740 1961 821 2011 παιδείας.
837 1959 895 1998 Olem.
908 1959 920 1997 I

583 2027 613 2053 21.
642 2016 763 2062 Ἀναλάβωμεν
776 2015 852 2052 παιδείαν
865 2015 893 2064 ἐφ’
909 2013 921 2062 ᾗ

582 2070 636 2107 οόδείς
645 2070 712 2117 ὀφείλει
722 2070 825 2117 ἀγανακτεῖν.
837 2070 869 2118 56.
893 2071 920 2106 διὰ

581 2127 610 2171 τῆς
620 2124 669 2161 ὁσίας
677 2123 752 2161 παιδείας
762 2125 819 2160 αὐτοῦ.
829 2123 854 2161 Ib.
887 2130 888 2133 ’

554 2177 647 2215 Παιδειῖειν.
681 2179 721 2216 τοὺς
738 2177 785 2215 νέονς
803 2178 921 2225 παιδεύσωμεν

582 2233 612 2279 τῆν
621 2232 697 2269 παιδείαν
709 2236 739 2269 τοῦ
753 2230 811 2280 φόβου
825 2237 856 2270 τοῦ
870 2236 919 2270 Θεοῦ.

583 2285 664 2325 (3161]λῖ
676 2298 705 2324 21.
735 2286 865 2335 δπερασπισμάς
874 2288 921 2324 ἐστιν

582 2344 617 2379 τοῖς
629 2340 754 2388 παιδευομένοις
767 2341 799 2379 ὑπὸ
811 2345 841 2378 τοῦ
850 2345 919 2379 Δεσπό-

582 2411 617 2433 τον.
629 2395 660 2443 56.
694 2394 768 2432 παιδεύει
783 2398 792 2432 ὁ
807 2397 849 2435 θεάς
864 2397 887 2434 εἰς
900 2398 920 2433 τά

582 2450 699 2497 νουθετηθῆναι
710 2450 756 2496 ῆμεῖς.
767 2449 793 2488 Ib.
820 2450 920 2497 παιδειῖθητε

583 2506 606 2542 εἰς
623 2506 717 2551 μετάνοιαν.
734 2511 765 2553 57.
793 2505 877 2542 παιδείαν
891 2506 921 2551 τὴν

582 2560 658 2596 παιδείαν
667 2562 697 2596 τοῦ
708 2561 766 2608 φόβου
777 2562 807 2596 τοῦ
817 2563 867 2597 θεοῦ.
883 2558 919 2597 Po·

582 2613 617 2664 Iye.
629 2612 676 2651 Phil.
687 2627 704 2660 η.

555 2669 644 2705 Παιδάθεν.
672 2669 702 2704 Ἐν
711 2667 737 2707 αἶς
749 2670 821 2708 ἕκαστος
833 2669 851 2705 εἰ(
861 2670 920 2706 παιδά-

583 2723 611 2759 θεν
620 2723 695 2767 ἐθίζεται.
707 2722 765 2762 Olem.
777 2723 887 2775 F1·ag'1n.vi.

555 2780 603 2815 Παῖς.
642 2780 651 2813 ὁ
671 2780 840 2827 ταῦ...εόλογητοιῖ
861 2779 921 2815 παιδός

583 2847 615 2868 σου
622 2831 641 2868 Ἰ.
648 2838 667 2869 x.
678 2832 741 2882 ῌατήρ.
753 2832 811 2872 Mau.
819 2832 882 2883 Polyc.
891 2844 919 2878 ιη.

584 2886 616 2922 σίν
630 2889 653 2937 τῷ
669 2888 754 2936 αἰωνίῳ..
764 2904 807 2925 Ισου
823 2888 874 2926 παιδί.
894 2886 919 2924 ib.

583 2941 610 2986 διὰ
628 2944 658 2977 τοῖν
676 2943 735 2980 παιδὸς
753 2943 804 2979 αὐτοῦ
822 2946 852 2979 τοῦ
870 2957 920 2989 μονο-

583 2998 646 3043 γενοῦς,
659 3009 691 3033 20.

555 3050 617 3086 Πάλαι.
646 3050 684 3088 τοὺς
698 3052 750 3087 πάλαι
762 3055 850 3099 χειμῶνας.
861 3049 920 3088 Mart.
942 3048 945 3052 .
