2017 3420
131 263 133 268 s
146 194 181 255 οι

174 338 209 363 σιν.
224 321 285 363 Olem.
303 323 314 362 I
333 336 348 362 1.
389 325 419 371 τῆς
436 323 519 361 άθανάτου

174 380 254 428 γνώσεως
268 378 311 426 ἡμᾶς
322 377 424 429 γεύσασθαι,
438 377 469 428 36.
498 378 520 416 τά

173 433 219 480 βάθη
228 435 258 482 τῆς
267 433 314 472 θείας
324 435 410 483 γνώσεως.
422 445 453 481 4ο.
482 431 519 483 ὅσῳ
547 468 548 471 ,

146 522 148 526 .
173 488 253 527 πλείονος
260 488 385 536 κατηξιώθημεν
391 489 476 538 γνώσεως.
485 499 518 534 41.

105 564 107 566 ·
174 544 209 590 ἤτω
225 542 295 582 δυνατὸς
312 546 377 592 γνῶσιν
391 542 469 588 ἐξειπεῖν.
486 543 518 589 48.

146 623 148 625 >
174 595 201 636 τίς
212 596 223 644 ἡ
236 601 300 646 γνῶσις
313 597 323 644 ἡ
336 598 380 647 πρδς
392 597 448 634 αιίτάν.
462 595 485 635 II
500 609 518 645 3.

173 652 258 696 λαβόντες
270 655 315 689 θεοῦ
327 656 397 702 γνῶσιν.
410 650 454 702 Igu.
468 649 517 702 Eph.

177 712 208 755 17·

146 761 232 799 Γνωστάς.
247 760 271 800 εἶς
284 761 304 798 τδ
317 760 396 810 γνωστὸν
406 757 448 798 εἶναι
459 762 519 798 πᾶσιν.

176 812 236 853 Olem.
246 813 258 852 Ι
272 826 302 853 11.

147 870 196 907 Γάνν.
225 869 247 906 τά
255 870 319 919 γόνατα
329 871 360 916 τῆς
371 868 445 917 καρδίας.
457 865 528 906 olem.

147 977 254 1014 Γοννκλισία.
278 978 321 1024 μετά
332 977 442 1026 γονυκλισίας
453 977 521 1014 πάντων

174 1035 208 1069 τῶν
217 1031 303 1080 ἀδελφῶν.
313 1029 372 1069 Mart.
383 1029 428 1082 Igu.
439 1031 458 1068 6.
477 1031 520 1078 μετὰ

175 1085 285 1135 γονυκλισίας
294 1086 321 1122 καὶ
330 1084 410 1133 δεήσεως.
421 1092 440 1133 7.

147 1140 224 1189 Γράμμο.
259 1139 284 1176 ΔιΙ
298 1140 363 1189 ὀλίγων
375 1140 478 1189 γραμμάτων
493 1140 519 1177 αῖ·

175 1197 235 1242 τοῦμαι
251 1194 299 1241 ὑμᾶς.
313 1193 358 1245 Igu.
375 1192 432 1232 Rom.
446 1195 474 1232 8.·
498 1192 519 1231 δι’

175 1249 239 1298 ὀλίγων
256 1249 300 1295 ὕμᾶς
322 1249 426 1299 γραμμάτων
445 1249 519 1297 παρεκά-

175 1304 226 1340 λεσα.
241 1301 306 1354 Polyc.
322 1309 341 1352 7.
382 1303 404 1339 τά
419 1302 459 1351 παρ’
474 1303 521 1350 ὑμῶν

175 1357 272 1405 ἀπακομίση
283 1359 378 1406 γράμματα.
391 1355 456 1407 Polyc.
468 1355 519 1395 Phil.

178 1422 208 1460 13.
245 1413 349 1460 γραμμάτων
366 1411 473 1460 εὐχαριστῶν
491 1412 518 1449 ἐκ·

175 1465 293 1514 πεμφθέντων.
303 1465 361 1505 Maru.
371 1464 416 1516 Igu.
427 1478 445 1513 4.

147 1520 229 1569 Γράφειν.
258 1520 278 1567 ἐν,
287 1523 311 1571 τῷ
324 1520 396 1570 δευτέρῳ
409 1518 519 1571 βιβλιδίῳ,“δ

174 1573 234 1622 μέλλω
243 1575 317 1624 γράφειν
322 1576 366 1623 ὑμῖν.
375 1573 419 1626 Igu.
426 1573 476 1625 Eph.
485 1586 518 1613 2ο.

175 1629 266 1675 δυνάμενος
288 1630 363 1679 γράφειν
386 1630 429 1678 ὑπὲρ
452 1628 519 1667 τούτου.

175 1681 233 1721 Trall.
249 1694 268 1732 3.
295 1684 317 1721 δι’
333 1684 356 1721 ὧν
370 1684 439 1733 γράφω,
452 1698 519 1732 προσο-

174 1738 247 1785 μιλῆσαι
260 1738 305 1785 ὑμῖν,
319 1736 370 1788 Eph.
383 1750 402 1787 9.
438 1736 480 1776 Οἶδα
494 1738 520 1777 τίς

175 1792 214 1838 εῖμι,
228 1792 255 1830 καὶ
268 1789 314 1830 τίσιν
326 1794 396 1841 γράφω.
415 1804 443 1830 12.
481 1791 520 1830 ὅθεν

176 1846 203 1882 καὶ
218 1847 281 1895 γράφω
295 1847 340 1894 ὑμῖν.
358 1858 388 1885 21.
403 1845 469 1898 Magn.
489 1855 520 1895 15.

176 1898 294 1939 1111111111.
314 1899 390 1952 Smyru.
403 1912 433 1938 12.
474 1900 520 1951 Ἐγὼ

176 1955 239 2003 γράφω
257 1957 293 1993 ταῖς
309 1956 410 2003 ἐκκλησίαις.
427 1954 482 1994 Rom.
501 1966 518 2003 4.

175 2010 243 2055 μᾶλλον
249 2008 332 2056 πείσθητε
339 2008 364 2049 οἷς
372 2010 436 2059 γράφω
445 2010 490 2057 ὑμῖν.
502 2017 520 2059 7.

175 2062 197 2099 οὗ
213 2063 254 2099 κατὰ
273 2063 329 2112 σάρκα
347 2065 386 2111 ὑμῖν
404 2065 480 2113 ἔγραψα.
500 2065 520 2101 8.

177 2120 213 2154 Ζῶν
226 2117 290 2166 γράφω
306 2118 350 2164 ὑμῖν.
365 2116 392 2156 ib.
421 2119 486 2167 Γράφω
502 2118 521 2155 δὲ

176 2172 216 2219 ὑμῖν
224 2174 277 2208 ταῦτα
285 2172 319 2208 άπὸ
329 2170 409 2221 Σμύρνης.
422 2184 453 2209 10.
487 2170 519 2209 ''E-

176 2227 239 2275 γραψα
257 2225 276 2262 δέ
294 2226 333 2274 ὑμῖν
349 2229 406 2263 ταῦτα.
426 2225 453 2264 ib.
491 2227 522 2263 οὐκ

176 2280 243 2330 ἐμαυτῷ
253 2280 348 2330 ἐπιτρέψας
356 2281 420 2330 γράφω
427 2281 470 2328 ὑμῖν.
485 2279 521 2318 Ρο-

178 2333 216 2385 lye.
226 2333 275 2373 Phil.
287 2346 305 2384 3.
343 2336 373 2382 Μὴ
385 2336 405 2372 οὔ
418 2333 489 2382 δύναμαι
501 2335 522 2372 τὰ

175 2390 266 2438 ἐπουράνια
278 2390 358 2439 γράψαις
377 2387 420 2440 Igu.
432 2387 490 2426 Trull.
501 2396 520 2437 5.

176 2444 200 2482 εῖς
208 2443 301 2493 μαρτύριον
309 2443 323 2481 ὦ
332 2444 350 2481 ἐν
360 2444 398 2492 ὑμῖν
404 2443 481 2493 γράψας.
491 2454 520 2480 12.

175 2499 239 2536 πάσαις
247 2501 284 2537 ταῖς
293 2498 390 2545 ἐκκλησίαις
399 2499 430 2535 οὐκ
438 2496 522 2545 ἠδυνήθην

175 2554 250 2603 γράψαι.
261 2551 325 2603 Polyc.
336 2555 356 2591 8.
385 2553 412 2590 καί
423 2553 521 2602 Εὐάρεστος

176 2608 271 2657 ὁγράφας.
282 2607 341 2646 ΜαΓῖ.
351 2606 416 2658 Polyc.
425 2619 456 2644 20.
477 2606 520 2656 γρά-

175 2663 217 2711 φεις
242 2665 279 2700 ταῖς
302 2662 400 2711 ἔμπροσθεν
418 2661 520 2709 ἐκκλησίαις.

176 2715 220 2766 Igu.
237 2715 301 2766 Polyc.
318 2718 337 2755 8.
367 2717 392 2753 Οὐ
408 2717 450 2754 κατὰ
466 2716 522 2764 σάρκα

176 2772 216 2819 ὑμῖν
233 2771 310 2820 ἕγραφα.
326 2770 381 2810 Rom.
398 2771 416 2809 8.
451 2771 469 2808 ἐκ
487 2774 522 2807 τῶν

176 2822 227 2862 Γαῖον
243 2826 353 2875 ἀντιγράφων
367 2827 443 2875 έγραψα.
461 2824 519 2874 Mam

176 2878 240 2929 Polyc.
253 2891 283 2917 22.
308 2881 336 2917 ,ἐκ
347 2883 378 2917 τοῦ
389 2878 520 2929 προγεγραμμέ-

176 2949 206 2970 νου
217 2935 292 2983 ἐγραφα.
307 2933 332 2972 ib.
370 2933 404 2972 Τί.
416 2963 421 2973 .
433 2963 438 2972 .
449 2936 467 2971 ἐν
476 2935 520 2983 ἀρχῇ

175 2991 205 3024 τοῦ
221 2989 328 3037 Εὐαγγελίου
344 2990 433 3039 ἕγραψενρ
457 2987 518 3027 Olem.

176 3041 187 3080 Ι
202 3049 233 3091 47.
276 3044 323 3081 ἀπὼν
339 3044 377 3091 ὑμῖν
391 3045 469 3093 ἔγραψεν
483 3043 519 3081 ἐπι-

386 210 485 254 INDEX
500 208 674 253 VERBORUM

574 323 645 361 στολάς.
659 319 724 372 Polye.
738 318 787 359 Phil.
800 332 819 370 3.
854 319 916 369 Ἐγρά·

573 376 622 426 φατέ
629 391 658 425 μοι
666 376 693 414 καί
700 376 747 423 ὑμεῖς
753 375 781 412 καὶ
786 374 874 425 Ἰγνάτιος.
885 385 916 422 13.

573 431 686 482 Ἐγράφαμεν
700 430 746 478 ὑμῖν,
762 429 842 479 άδελφοί.
858 427 916 467 Mam

574 485 639 538 Polyc.
652 497 668 523 1.
696 483 800 531 ἐπετελέσθη
811 485 916 536 τδγεγραμ-

574 540 629 588 μένον.
645 538 706 579 Olem.
720 538 759 587 13.
787 537 886 586 παιήσομεν
897 539 917 575 τὸ

573 594 694 645 γεγραμμένον.
704 605 735 644 13.
764 593 807 631 κατὰ
814 593 835 631 τὸ
841 607 916 643 γεγραμ·

573 649 629 697 μένον.
639 648 697 688 Mart.
711 649 754 701 Igu.
769 649 788 688 6.
823 648 918 698 γέγραπται

574 704 613 753 γάρ.
626 702 708 743 clem]
721 716 750 753 14,
761 716 792 753 39,
802 703 834 750 46,
845 709 871 750 50
881 699 919 741 his..

575 757 618 810 Igu.
629 757 678 810 uph.
690 766 708 807 5.
722 758 781 797 Mart.
791 756 834 808 Igu.
846 768 865 795 2.
885 756 916 792 Γέ-

573 827 649 862 γραπται
657 814 691 863 γάρ
699 811 758 852 οὕτως.
767 811 828 852 Olem.
838 810 850 848 I
860 822 878 858 4,
889 810 915 858 36

574 865 598 905 cf.
609 879 641 917 39.
670 866 720 905 Οὕτω
729 869 763 918 γάρ
772 868 871 918 γέγραπται.
884 876 916 914 29.

574 922 613 969 περὶ
621 921 663 967 Ἰὼβ
671 920 716 959 οὕτω
724 922 825 972 γέγραπται.
840 926 868 968 17.
888 933 917 956 κα-

575 975 609 1013 θὼς
621 976 722 1025 γέγραπται.
740 978 773 1023 48.
801 975 850 1013 οὐδὲν
861 974 918 1011 ι’ίδικον

576 1030 708 1079 ...γέγραπται
722 1031 740 1067 ἐν
753 1031 816 1068 αὐτοῖς.
832 1036 864 1078 45.
895 1028 918 1067 ὣς

574 1083 674 1133 γέγραπται.
691 1082 735 1136 Igu.
749 1083 814 1136 Magn.
830 1095 860 1121 12.
888 1081 917 1130 ἐφ’

574 1136 600 1177 οῖς
616 1138 711 1188 γέγραπται
728 1141 780 1187 μόνον
796 1139 870 1187 ὀνόματα
887 1137 916 1174 ἄν·

574 1192 653 1242 θρώπων.
664 1192 739 1232 Philad.
750 1194 769 1232 6.
796 1191 877 1242 λέγοντός
885 1206 918 1240 μου

574 1248 631 1286 αὐτοῖς
647 1247 674 1285 ὅτι
688 1247 789 1298 γέγραπται.
807 1248 826 1285 8.
854 1246 882 1285 ἐπί
897 1247 918 1283 τά

574 1303 630 1349 πλάτη
639 1304 669 1350 τῆς
681 1301 749 1352 καρδίας
761 1303 807 1350 ὑμῶν
816 1301 917 1351 ἐγέγραπτο.
982 1327 984 1335 .

575 1353 685 1394 Olem.12.
720 1356 815 1407 ἐγέγραπτο
827 1356 867 1405 περὶ
880 1355 916 1393 ἐπι-

574 1412 693 1458 οκότων.42.

546 1465 638 1513 Γραφεῖον,
657 1466 704 1515 λέγει
713 1467 747 1516 γάρ
756 1479 790 1504 παν
798 1465 818 1503 τὸ
826 1465 915 1514 γραφεῖον.

574 1517 699 1559 Oleum
861 1537 862 1540 ¹

547 1573 614 1623 Γραφή.
633 1575 696 1625 Πάρρω
711 1573 789 1624 γενέσθω
802 1573 834 1622 ἀφ’
848 1572 894 1621 ἡμῶν
908 1572 917 1620 ίη

575 1628 635 1678 γραφὴ
648 1627 696 1677 αὕτη.
710 1627 834 1677 012111Ι23.
868 1642 918 1664 συνε-

574 1683 713 1733 πιμαρτυροάσης
725 1684 792 1731 καὶτῆς
804 1684 879 1732 γραφῆς.
885 1680 917 1736 111).

574 1737 625 1787 Λὲνει
633 1739 667 1787 νὰς
676 1738 686 1785 ἡ
695 1736 760 1788 τροφή.
771 1749 803 1786 34.
815 1744 847 1786 35·
864 1735 918 1774 οὕτως

573 1792 608 1842 γάρ
619 1807 653 1829 που
666 1792 714 1842 λέγει
722 1792 732 1839 ἡ
741 1790 807 1842 γραφη.
820 1802 852 1839 42.
878 1790 918 1827 Ἐν-

575 1846 646 1884 κιίπτετε
657 1847 721 1886 εἰςτὰς
732 1847 807 1896 γραφάς.
819 1853 852 1894 45.
881 1843 917 1883 ἐπί-

574 1901 642 1938 στασθε
650 1902 680 1941 τάς
690 1902 735 1951 ίεράς
744 1901 819 1951 γραφάς.
830 1908 862 1949 53·
885 1900 919 1936 Καὶ

575 1955 624 2005 ἐπέρα
633 1956 652 1993 δὲ
660 1956 720 2005 γραφὴ
726 1955 779 2005 λέγει.
790 1953 813 1992 Π
821 1966 840 1993 2.
869 1954 919 2003 Λέγει

574 2010 630 2047 δὲκαὶ
641 2010 652 2057 ἡ
662 2011 722 2060 γραφη
734 2011 784 2060 ἐντῷ
797 2007 881 2056 Ἰεζεκιίγλ.
898 2008 917 2047 6.

576 2064 603 2100 διά
616 2067 646 2112 τῆς
659 2069 692 2101 τῶν
706 2064 755 2102 θείων
768 2065 842 2114 γραφῶν
856 2062 917 2113 ἐξηγή-

576 2132 626 2157 σεως.
635 2118 695 2157 Mart.
705 2117 749 2168 Igu.
762 2130 778 2155 1.

548 2175 644 2220 Γρηγορεῖν.
659 2174 746 2222 Γρηγάρει,
755 2172 845 2220 ἀκοίμητον
853 2175 918 2220 πνεῦμα

575 2227 678 2275 κεκτημένος.
688 2226 732 2277 Igu.
742 2225 807 2277 Polye.
819 2238 836 2264 1.

548 2279 627 2328 Γράνθος.
657 2281 680 2329 μὴ
689 2281 797 2319 ἀποδιδόντες
805 2309 809 2319 .
820 2309 824 2319 .
835 2280 919 2330 ,γρόνθον

577 2333 697 2385 άντὶγράνθου.
709 2334 774 2385 Polyc.
784 2333 833 2373 Phil.
845 2346 863 2373 2.

549 2386 622 2437 Γράζειν.
650 2390 696 2427 ὥστε
709 2388 830 2439 μήτεγριῖξαι.
858 2388 917 2429 Mart.

577 2441 642 2494 Ροίγο.
654 2456 672 2482 2.

547 2499 623 2544 Γομνάς.
639 2499 686 2537 άτινα
702 2498 789 2537 πέπτωκεν
805 2500 829 2538 εἷς
842 2499 873 2547 τὴν
886 2501 919 2549 γῆν

576 2553 619 2601 ξηρὰ
628 2554 655 2590 καί
664 2555 725 2603 γυμνά.
736 2552 796 2592 Olem.
806 2552 818 2591 Ῑ
829 2565 861 2602 24.

548 2606 596 2654 Γυνή.
623 2608 699 2656 γυναιξίν
707 2623 726 2645 τε
739 2608 757 2646 ἐν
767 2609 830 2659 ἀμώμῳ
838 2636 842 2646 .
851 2637 854 2646 .
864 2623 918 2646 ,συν-

576 2661 639 2709 ειδήσει
652 2663 707 2700 πάντα
722 2663 811 2701 ἐπιτελεῖν.
828 2661 889 2701 Ulem.
906 2661 918 2700 Ι

580 2728 594 2754 1.
632 2717 664 2754 Διὰ
678 2718 728 2764 ζῆλος
744 2717 844 2766 διωχθεῖσαν
859 2721 917 2767 γυναῖ-

576 2785 608 2809 κες.
619 2771 637 2809 6.
660 2773 690 2819 τῆς
698 2773 776 2821 γυναικὸς
784 2772 919 2821 ἕτερογνάιμονος

575 2824 692 2874 ὑπαρχούσης.
708 2838 737 2864 11.
765 2826 863 2876 προφητεία
871 2826 918 2875 ἐντῇ
981 2865 983 2867 ,

575 2881 639 2927 γυναικί
648 2880 723 2930 γέγονεν.
736 2893 767 2918 12.
796 2881 829 2920 Τάς
839 2885 919 2931 γυναῖκας

575 2933 621 2980 ἡμῶν
632 2934 659 2972 ἐπὶ
673 2936 693 2972 τὸ
706 2935 771 2984 τῖγοθόν
780 2936 917 2985 διορθωσάμεθο.

577 2999 607 3025 21.
645 2990 712 3027 Πολλοὶ
730 2993 806 3039 γυναῖκες
824 2990 917 3040 ἐνδυνομω-

575 3043 631 3080 θεῖσαι
645 3045 672 3081 διὰ
685 3046 715 3091 τῆς
728 3045 804 3094 χάριτος.
819 3053 850 3093 55.
879 3047 918 3086 τοὺς
