1958 3490
315 217 356 260 AD
372 215 569 267 CORINTHIOS,
578 214 628 257 xvii.
794 213 822 259 79

122 352 214 403 magno,
234 332 341 392 effeetus,
364 350 413 382 non
436 337 475 381 est
500 329 603 397 grandia
630 329 755 395 loquutus,
778 329 822 379 sed
925 383 932 402 s

57 469 60 476 Ι
122 432 199 482 quum
211 430 242 462 ex
253 411 314 462 rubo
329 409 454 461 oraculum
466 408 588 459 Divinum
605 408 628 457 ei
641 408 747 466 deretur,
761 406 916 492 9111111110

122 508 238 557 1111111,
250 490 320 549 dixit,
332 487 524 540 1111111111αεῖ
541 485 634 553 ycacelc'
644 504 700 535 occe
713 495 734 535 ct
746 485 823 544 tarda
852 484 857 500 '
916 482 920 491 ’

122 571 211 635 linqua
238 587 297 619 1111.
339 568 374 618 Et
395 585 482 617 mrsus
511 565 578 624 dicit,
600 565 656 631 Epo
678 582 733 615 scala
760 564 822 615 ollae

121 666 206 715 vapor.
674 644 676 646 ’

121 807 237 848 quamquam
251 794 314 834 versio
332 793 386 833 LXX
404 792 457 832 aliud
484 791 531 831 beri.
552 790 625 830 FELL.
655 791 718 831 Petita
733 791 780 830 haee
793 792 823 830 fu-

121 849 212 902 quiddam
226 849 352 901 profiteatur3
378 849 404 887 ὅτι
418 851 455 899 tyr·
484 847 522 886 isse
540 860 565 885 ex
583 846 647 898 aliquo
665 845 715 885 libro
729 846 823 886 Ecclesia-

121 906 171 952 νήθην
185 907 208 943 ὡς
220 906 273 943 ἀσκὸς
287 907 304 942 ἐν
319 907 374 953 πάχνῃ
399 904 456 952 unde,
485 902 539 951 stieo,
553 901 583 941 vel
599 901 708 940 indubitata
718 901 823 941 traditione

120 960 164 998 licet
173 959 224 998 Mosi
234 959 278 1010 jure
287 959 347 998 tribui
360 972 399 998 111
412 972 456 1010 pos·
484 957 509 996 ad
523 956 627 1009 Apostolos
641 956 725 1005 dimissa,
738 956 788 997 unde
803 961 823 997 et

120 1014 164 1063 sint,
180 1014 251 1053 Davidi
268 1015 358 1064 fortassis,
377 1014 400 1053 de
417 1027 455 1066 quo
484 1012 503 1053 S.
515 1012 585 1051 Paulus
602 1011 679 1051 videtur
694 1011 778 1051 hausisse
794 1015 822 1050 ἕκ-

119 1068 186 1109 statim
195 1068 267 1108 mentio
276 1069 362 1118 habetur,
372 1069 396 1108 de
404 1068 456 1108 facili
483 1070 541 1118 φοβός
559 1069 592 1115 εἶμι
615 1070 642 1105 καὶ
663 1069 748 1116 ἔντρομος,
767 1067 823 1106 facile

119 1123 249 1164 restituentur.
278 1123 456 1176 Rcmseriopensi-
483 1122 565 1162 credam.
603 1121 642 1161 Vix
661 1126 726 1161 autem
744 1136 822 1174 possum

118 1178 169 1218 tanti
182 1178 277 1219 dubitatio
289 1193 328 1218 non
339 1179 385 1219 levis
398 1180 454 1219 subo·
482 1177 531 1217 mihi
540 1176 659 1229 persuadere,
665 1176 766 1217 librarium
775 1177 822 1217 haec

119 1233 173 1283 ritur,
179 1234 243 1272 locum
249 1233 300 1273 bunc
306 1234 378 1274 librarii
385 1234 455 1286 injuria
482 1233 507 1272 de
522 1232 565 1272 loco
579 1245 614 1272 suo
630 1232 718 1281 movisse,
731 1237 765 1272 aut
779 1233 822 1273 Cle·

118 1288 212 1337 luxatum,
226 1289 255 1328 ita
268 1302 323 1341 posse
334 1289 414 1341 reponi:
434 1289 454 1326 Τί
481 1292 567 1327 mentem
572 1286 627 1326 Alex.
637 1301 681 1326 eum
688 1287 716 1326 ita
725 1293 821 1328 errantem

119 1345 137 1381 δὲ
152 1343 224 1395 εἴπωμεν
237 1345 265 1382 ἐπὶ
277 1348 301 1396 τῷ
313 1348 454 1395 μεμαρτυρημένῳ
481 1347 569 1382 secutum
586 1342 649 1391 fuisse,
666 1347 700 1382 aut
718 1341 782 1395 ipsum
798 1357 821 1382 10

118 1398 231 1450 Δαβίδηπρδς
245 1398 264 1436 ὃν
276 1398 341 1437 εἶπενὸ
355 1402 402 1448 θεός,
413 1400 453 1437 ίεδ·
481 1397 539 1436 modo
557 1398 659 1436 verborum
678 1397 765 1437 ordinem
783 1398 819 1437 im-

119 1459 163 1503 ‘pou
171 1454 223 1502 ἄνδρα
237 1456 278 1492 κατὰ
291 1455 321 1501 τὴν
332 1455 401 1504 καρδίαν
413 1470 452 1502 μου,
480 1457 607 1501 mutassent,
619 1465 667 1504 quae
680 1452 761 1492 Davldl's
775 1458 820 1493 sunl

119 1510 189 1552 “Δαβίδ
202 1509 231 1546 τὸν
244 1512 274 1546 τοῦ
287 1509 357 1553 Ἰεσσαί,
371 1511 389 1546 ἐν
401 1510 453 1560 ἐλαίῳ
481 1507 545 1558 Moysi
559 1507 690 1546 tribuerentur
697 1521 703 1555 3
721 1521 781 1559 quum
797 1522 820 1548 11

119 1563 192 1613 (αἰωνίῳ
202 1564 333 1613 ἕχρισααῦτόν.’
359 1564 413 1601 Ἀλλὰ
425 1565 452 1601 καὶ
479 1575 529 1614 quae
544 1562 594 1613 apud
610 1562 658 1601 Psal.
677 1562 722 1601 cxix
737 1563 762 1602 ab
778 1563 820 1602 He-

117 1618 167 1655 αὐτὸς
180 1617 227 1667 λέγει
240 1619 282 1667 πρὸς
295 1619 324 1655 τὸν
340 1621 387 1666 θεόν,
405 1620 452 1668 *ἐγὼ
478 1618 537 1656 braeo
546 1617 610 1656 Textu
619 1616 719 1666 habentur,
728 1617 762 1657 vix
774 1631 818 1657 eon-

118 1672 152 1708 ιδέ
165 1673 198 1719 εἰμι
213 1673 261 1720 ἀτμὶς
275 1674 308 1710 ἀπὸ
323 1672 398 1722 χύτρας.ι
423 1674 451 1710 καί
479 1671 570 1711 cilicutur
590 1685 634 1710 cum
655 1671 678 1710 iis
697 1685 745 1723 quae
768 1673 819 1725 apud

117 1727 384 1775 ‘atlante‘ya‚‘s'te‘acdvps6
398 1727 452 1771 θεός,’
480 1726 600 1766 Clementem
622 1726 708 1778 legimus.
750 1727 819 1780 Neque

116 1780 148 1818 dre.
186 1780 293 1820 Fatendum
315 1781 392 1833 quidem
416 1785 451 1829 est,
479 1782 541 1832 magis
559 1781 662 1821 verisimile
685 1785 720 1830 cst,
741 1782 819 1834 petiisse
861 1806 863 1809 ·

116 1834 216 1885 periodum
224 1835 274 1875 hano
282 1850 321 1875 non
333 1836 388 1876 aliter
401 1836 453 1887 apud
479 1836 527 1875 heco
541 1836 560 1876 S.
571 1836 649 1875 Patrem
663 1849 687 1874 ex
700 1841 757 1876 textu
768 1837 819 1877 Heb.

116 1889 235 1929 Clementem
244 1890 299 1930 Alex.
310 1904 368 1943 quam
378 1891 452 1930 hicha-
480 1891 562 1940 Hoseae,
581 1905 640 1942 eaque
659 1891 723 1942 Moysi
738 1893 820 1932 attribu-

115 1943 170 1991 beri3
190 1944 223 1983 sed
239 1945 272 1997 qui
289 1946 398 1997 pespcxerit
414 1959 453 1998 qua
479 1946 517 1984 isse
526 1960 532 1995 3
547 1959 569 1985 eo
585 1946 637 1985 enim
653 1946 674 1984 in
688 1947 730 1985 loco
747 1947 795 1986 nihil
808 1962 820 1987 a

115 1998 192 2038 licentia
209 2003 276 2039 utatur
294 2000 381 2039 Clemens
395 1999 450 2040 Alex.
479 2001 575 2053 prophet-a
593 2001 617 2040 de
641 2001 710 2053 Moyse
732 2002 819 2053 habetur,

116 2053 187 2092 Strom.
197 2053 221 2094 iv.
234 2055 294 2105 17‚·i11
307 2055 402 2094 laudando
416 2055 453 2095 hoo
480 2069 543 2107 neque
559 2056 606 2096 adeo
623 2060 698 2096 constat
716 2070 765 2107 eum,
781 2059 820 2098 Ro-

115 2113 187 2158 nostro,
201 2108 293 2149 nimirum
308 2110 362 2163 quasi
378 2124 403 2149 ex
418 2124 453 2150 no·
479 2124 548 2151 manus
558 2124 617 2163 quum
626 2111 689 2161 fuerit,
699 2111 767 2163 legisse
777 2118 819 2152 tex-

115 2163 173 2202 minis
186 2165 319 2216 praerogativa
331 2166 354 2205 de
367 2179 401 2205 suo
410 2166 453 2205 ubi·
480 2171 523 2205 tum
542 2166 592 2206 Hes.
613 2167 659 2206 citat
678 2166 729 2206 enim
748 2167 819 2220 ubique

115 2224 232 2270 queageret,
241 2220 288 2260 adeo
301 2220 356 2260 illum
365 2234 404 2260 non
413 2225 451 2260 tes·
478 2221 586 2261 versionem
596 2221 650 2260 LXX
662 2235 710 2273 quae
724 2223 748 2261 ab
762 2223 818 2263 initio

114 2277 154 2312 tem
170 2275 264 2326 genuinae
278 2275 365 2315 lectionis
378 2276 450 2325 citabit,
478 2276 547 2316 habuit
562 2278 638 2327 ἀκρίδων,
653 2290 692 2315 111
708 2282 773 2317 autem
790 2281 819 2316 δα-

110 2332 136 2380 ¹ut
149 2334 249 2380 corruptae
262 2330 326 2381 potius
340 2331 451 2370 insimulan-
478 2332 538 2381 κρύων,
548 2332 600 2383 quod
613 2332 671 2383 vulgo
683 2332 770 2381 habetur,
784 2347 818 2372 11.

113 2382 160 2421 dum
178 2389 268 2424 censeret.
303 2383 401 2426 Adnotare
421 2387 451 2425 in·
478 2400 515 2438 que
537 2389 646 2435 καπυοδόχης,
666 2387 717 2438 quod
740 2387 818 2440 irrepsit

113 2450 170 2489 super
183 2439 248 2479 licebit
257 2453 313 2480 voces
325 2441 359 2480 has
370 2441 451 2493 reperiri
478 2442 499 2480 in
514 2440 561 2480 Cod.
574 2440 630 2480 Alex.
644 2455 668 2480 cx
681 2441 816 2491 Theodoticne,

113 2491 162 2532 Hos.
180 2494 215 2532 xiii
231 2508 249 2545 3,
268 2495 312 2535 licet
331 2496 382 2536 enim
399 2509 451 2535 nuno
478 2496 528 2535 sieut
541 2510 565 2535 ex
581 2496 696 2546 Hieronymi
708 2495 814 2537 Comment.

112 2549 205 2600 temporis
220 2550 301 2602 legatur,
318 2554 340 2591 tn
355 2553 403 2601 ἀτμὶς
417 2554 450 2590 ἀπὸ
478 2551 499 2589 in
508 2551 571 2590 locum
578 2550 683 2590 constabit:
694 2551 816 2599 ‘Quaerimus

112 2603 192 2652 δακρύων,
200 2610 234 2644 aut
241 2604 271 2658 (ut
278 2606 315 2645 elia
324 2604 448 2659 exemplaria)
477 2609 557 2645 ‘autem
566 2619 624 2658 quare
635 2604 690 2643 LXX
702 2619 737 2657 pro
745 2606 816 2656 fictric-

112 2657 250 2711 1111111111
260 2674 284 2699 ex
293 2675 339 2701 voee
349 2670 398 2704 niis
407 2675 410 2700 :
420 2666 449 2701 ta«
478 2661 528 2709 ‘ria
538 2661 589 2712 quod
599 2660 706 2699 Theodotio
716 2662 816 2701 transtulit

112 2724 156 2750 men
171 2713 291 2755 Theodotion
307 2721 326 2756 et
338 2716 379 2756 MS.
392 2715 447 2756 Alex.
477 2718 599 2764 ‘xaavoodyaa
618 2715 700 2754 locastae
721 2715 816 2767 interpre-

112 2768 130 2803 ἐκ
139 2771 249 2820 καπνωδόχης,
260 2776 279 2811 et
289 2772 310 2810 B.
320 2772 449 2823 Hieronymus
478 2770 530 2809 ‘teti
551 2774 600 2809 sunt.
638 2768 698 2820 Apud
716 2769 816 2812 Hebraeos

111 2835 120 2859 a
128 2820 221 2870 fuatcsric
231 2826 343 2866 reddidere:
358 2831 409 2866 certe
418 2826 450 2865 bie
478 2825 564 2863 ‘locusta
580 2829 599 2864 et
611 2824 728 2874 francemont
746 2826 816 2867 iisdem

111 2876 449 2933 111111111111111111111ιίκρίδων
477 2880 581 2918 ‘scribitur
599 2879 666 2928 literis,
681 2893 716 2931 111
733 2894 771 2932 quo
788 2881 816 2921 A·

110 2930 252 2983 1111δακριίων;
268 2941 288 2975 et
296 2937 399 2976 verisimile
412 2949 448 2988 pro
477 2934 543 2986 ‘quila
561 2935 669 2984 καταράκτην,
689 2934 816 2987 Symmachus

110 2986 174 3036 χύτρας
188 2987 401 3046 1111111111111111111
415 2988 448 3030 ha·
477 2988 578 3040 ‘fhrarnca
609 2989 731 3041 interpretati
763 2998 814 3038 sunt.
