1958 3490
330 236 373 278 AD
388 234 583 287 CORINTHIOS,
593 234 634 277 xvi.
803 233 831 280 67

138 355 188 421 ejas
204 352 361 411 ialoaorata,
373 361 394 402 et
409 351 525 418 dqleieas
537 369 605 418 prae
613 350 681 417 filiis
696 351 831 402 lomiaaia.

137 434 220 484 Heaie
240 439 281 489 est,
301 430 329 481 ia
346 431 427 497 qulaqa
442 429 542 497 positas
564 439 585 480 et
608 430 696 489 labere,
713 439 736 480 et
754 430 833 480 scieas

131 512 205 578 ferre
222 508 412 575 infirmitatem
438 508 499 574 qaia
519 525 609 559 auersa
626 517 658 559 est
669 507 756 576 saeies
776 508 833 574 ejas,

138 585 257 651 alesqueeta,
277 593 299 633 et
322 602 371 634 aaa
393 592 515 651 reputata.
550 584 601 634 Iste
620 593 725 651 peecata
748 592 833 634 aestua

133 673 226 733 portat,
234 673 255 713 et
263 681 316 730 queo
327 662 398 714 aelia
409 662 487 721 elalet;
507 673 529 713 et
541 681 585 713 aas
596 664 767 731 repatauinias
778 679 834 712 eata

138 761 185 794 esse
197 744 225 792 ia
236 741 326 801 labore,
339 751 361 792 et
378 741 404 792 ia
418 742 506 809 qalaqa,
519 751 541 792 et
556 741 585 792 ia
600 741 737 809 afflictione.
773 742 833 809 Ipse

137 829 218 873 aeteae
236 821 381 871 aalaeratas
399 829 431 871 est
449 829 558 888 propter
576 829 681 887 peecata
703 829 797 880 nostra,
812 829 834 870 et

137 899 278 965 infirmatas
290 909 324 950 est
337 909 443 967 propter
454 899 600 966 iniquitates
613 909 713 950 austras,
748 898 833 950 Disci-

134 978 209 1045 qeliaa
221 977 299 1045 qeaeis
313 988 411 1029 nestrae
424 978 660 1045 supereminere
677 979 727 1046 ejas
739 997 784 1029 aas
794 997 833 1029 sa-

136 1056 191 1108 aati
202 1075 292 1108 sanias.
315 1058 403 1108 Omnes
414 1057 486 1124 quasi
499 1075 554 1108 aues
567 1058 710 1117 eeraeiaeas,
722 1057 834 1108 letania

136 1195 214 1236 ‘dicens
231 1195 252 1235 in
271 1196 382 1249 Evangelio,
400 1197 470 1236 Pristis
490 1200 533 1236 ’ταῖς
547 1198 638 1247 ἁμαρτίαις.
667 1197 767 1236 Hebraeus
783 1196 832 1236 Tex-

137 1251 254 1290 ‘eulaliae
262 1265 306 1291 eaea
314 1265 374 1303 aeqae
386 1252 469 1291 admea-
495 1256 529 1291 tus
542 1251 579 1291 alio
591 1252 648 1291 mode
662 1265 682 1292 se
692 1252 757 1301 habet,
767 1265 833 1291 sensus

137 1309 192 1355 ‘teau
202 1306 258 1346 Mau.
266 1307 315 1346 xxvi
323 1309 353 1357 38.
369 1306 400 1356 Et,
409 1307 469 1346 Narin
495 1311 561 1346 tamen
579 1305 719 1347 diversus‘non
739 1311 783 1352 est;
804 1308 833 1346 Ill

136 1363 142 1383 ‘
151 1361 219 1400 aalma
229 1375 273 1401 aiea
285 1361 363 1401 tueleta
373 1368 403 1411 est,
413 1361 467 1401 loen.
494 1361 646 1412 Domitiaefeeit
652 1375 748 1401 samareae
756 1362 780 1401 ia
789 1375 833 1401 eiua

136 1415 179 1454 ‘xii
194 1413 233 1469 eq]
265 1416 293 1456 Et
308 1430 343 1456 nos
360 1416 468 1469 putavimus
494 1416 718 1468 iaiqaitaleaeoiaaiusae
730 1423 831 1465 austriam

136 1474 194 1510 ‘enm
207 1484 246 1511 esse
260 1471 387 1521 immundum,
396 1471 436 1511 sive
446 1471 468 1511 ia
495 1485 596 1523 appianae
613 1478 643 1521 ea,
658 1478 675 1511 el
692 1472 732 1523 ipse
748 1471 832 1523 afflictas

136 1525 216 1575 ‘delere
225 1530 248 1565 ut
260 1526 316 1565 LXX
325 1526 467 1576 transtulerunt,
494 1532 527 1576 eet,
546 1532 563 1565 et
580 1540 620 1565 aaa
637 1527 707 1578 eqeeiiet
725 1540 746 1565 os
766 1541 829 1566 saara.

135 1583 184 1632 ‘pro
202 1593 239 1632 quo
257 1580 329 1634 Aquila
347 1586 366 1621 et
382 1581 467 1633 Symma-
494 1580 831 1633 VulgutEtpesaitDaiaiaasiaee

136 1635 468 1687 ‘chusposueruntheresaaifflheo-
494 1636 618 1686 iniquitatem
629 1637 715 1675 oaeaiam
726 1643 830 1684 eiieeteaai,¹

134 1689 339 1741 ‘dotiajlaqellaliaa
362 1690 418 1740 Quod
426 1691 468 1730 aliis
494 1690 570 1730 allatae
582 1697 614 1740 eet,
626 1691 673 1742 qaia
685 1691 724 1742 ipse
738 1691 804 1740 uoluit,
814 1698 831 1731 et

135 1745 211 1798 ‘uerbis
225 1744 323 1785 Hebraico
339 1745 429 1785 idiomate
443 1745 467 1785 le-
494 1759 536 1784 aai
544 1745 718 1797 apaaiteueaam.
742 1745 830 1798 Symma-

134 1797 186 1851 “pra
203 1799 324 1852 intelligitur,
341 1801 406 1853 [juxta
421 1800 468 1840 illud
495 1800 543 1840 chus
556 1804 576 1840 et
585 1800 693 1849 Theodotio¹
703 1800 792 1839 ὑπακούων
801 1803 831 1840 οὐκ

134 1854 199 1906 ‘quod
212 1853 232 1892 in
244 1854 322 1895 Psalmo
335 1868 395 1894 xero
409 1855 467 1908 serip—
494 1857 556 1903 ἤνοιξε.
588 1855 640 1895 Hine
658 1855 676 1895 S.
693 1855 830 1908 Hieronymus,

135 1912 191 1949 ‘tum
200 1912 233 1958 est,
242 1909 426 1961 Etflaqelliaaaea
435 1924 468 1962 eqe-
495 1909 603 1949 Oomment.
614 1910 634 1949 in
645 1910 719 1950 locum:
739 1908 796 1965 [tom.
805 1911 830 1960 iv,

133 1963 411 2019 ‘mupiaqaalittaleiaaealo
418 1968 464 2019 tae]
496 1965 536 2004 616
546 1965 575 2004 ed.
585 1963 673 2019 Vellere]
686 1996 690 2005 .
701 1996 705 2005 .
716 1996 720 2005 .
732 1995 737 2007 .
749 1966 831 2006 ‘Denti-

134 2022 140 2041 ‘
150 2019 176 2059 Et
184 2022 213 2058 est
222 2032 295 2068 sensus,
303 2020 415 2060 Putavimus
424 2033 468 2059 eum
495 2022 501 2042 ‘
510 2034 550 2059 aas
558 2024 623 2060 nutem
628 2021 693 2072 posuit
699 2021 722 2060 ia
729 2034 750 2060 ee
757 2021 831 2072 iaiqai-

133 2077 183 2126 ‘pre
197 2074 281 2125 peccatis
295 2075 334 2115 suis
348 2089 360 2114 a
373 2075 415 2114 Deo
428 2089 468 2115 esse
495 2077 569 2114 ‘taleae
582 2076 669 2115 eaaeaa
683 2082 778 2125 aestima,
791 2076 831 2116 nive

133 2132 262 2182 ‘percussum,
272 2130 306 2183 qui
319 2130 429 2170 humiliatus
439 2136 467 2170 est
494 2133 499 2152 ‘
509 2130 593 2169 taaeliclit
602 2144 645 2170 eain
654 2145 691 2182 pro
702 2131 786 2182 peecata
796 2145 830 2170 ae-

133 2188 225 2237 ‘propter
240 2198 282 2234 nos,
298 2190 318 2225 et
331 2199 375 2225 eum
389 2185 467 2225 latroni.
494 2185 569 2225 ‘stria
589 2189 617 2235 ut,
634 2186 684 2238 quod
698 2190 780 2238 propter
794 2186 830 2225 irn-

133 2238 300 2280 ‘buserneifixus
330 2241 367 2280 Pro
381 2254 403 2281 eo
417 2240 467 2292 quod
494 2240 634 2280 ‘becillitutem
643 2240 714 2281 virium
727 2241 778 2281 ferre
791 2255 830 2280 non

133 2294 273 2346 ‘Symmachus
288 2295 388 2336 transtulit
399 2297 417 2334 ἐν
431 2298 467 2346 ἁφῇ
494 2298 500 2317 ‘
509 2299 625 2347 peteremus,
634 2295 733 2347 pronubis
744 2296 777 2335 ille
786 2310 830 2348 per-

133 2357 138 2372 ‘
148 2351 192 2394 lura,
202 2350 237 2388 hoe
249 2354 284 2399 est,
294 2351 318 2389 ia
330 2351 388 2402 lepra,
397 2349 467 2402 Aquila
494 2353 565 2395 ‘teret
575 2350 608 2403 qui
617 2350 690 2390 allatas
697 2357 724 2390 ent
733 2352 782 2402 qaia
790 2351 830 2402 equae

132 2404 210 2457 ‘posuit
223 2404 316 2453 ἁφήμενον,
331 2405 352 2445 id
365 2411 398 2455 est,
408 2405 466 2457 lepro-
494 2405 574 2444 ‘ualuit
603 2405 649 2445 Non
656 2405 706 2445 enim
715 2405 830 2446 necessitate

132 2463 204 2507 ‘saea;
218 2460 270 2512 quod
280 2460 337 2500 multi
348 2474 386 2500 non
396 2460 465 2500 intelli·
494 2463 590 2509 ‘erueem,
608 2461 641 2500 sed
656 2461 755 2500 voluntate
773 2461 829 2500 susti-

131 2517 137 2537 ‘
145 2519 212 2566 gentes
225 2518 296 2567 putant
305 2516 396 2565 relicinae,
406 2515 466 2555 etalii
493 2518 498 2537 ⁴
508 2515 557 2564 nuit,
567 2515 630 2555 dicens
639 2515 659 2553 in
668 2515 780 2567 Evangelio,
791 2515 828 2555 Oa-

132 2570 212 2622 ‘legunt
221 2570 318 2621 καθήμενον,
327 2571 348 2610 id
360 2576 394 2621 est,
403 2571 465 2611 neelea-
493 2573 499 2592 (
508 2570 563 2609 lineat
576 2584 631 2621 qaeea
643 2570 691 2609 milei
701 2570 754 2609 eleelit
762 2571 828 2619 Pater,

132 2625 194 2665 ‘teia’
206 2624 289 2665 WOTT.
492 2628 497 2647 ⁴
507 2639 548 2664 aaa
557 2625 620 2664 libam
628 2625 684 2664 illam
691 2627 723 2664 l...
729 2624 827 2676 Alioquin,

158 2681 176 2719 8.
186 2682 253 2719 παιδεία
268 2680 333 2730 εἰρήνης
346 2681 392 2730 ἡμῶν
400 2682 426 2720 ἐπ’
436 2682 464 2718 ai·
492 2683 498 2702 ‘
507 2680 525 2720 si
534 2694 573 2719 non
582 2679 659 2732 propriu
666 2679 765 2719 voluntate
778 2684 828 2720 esset

130 2732 167 2788 τόν]
179 2734 191 2774 i.
202 2748 217 2774 e.
227 2735 350 2787 punitionem
359 2740 378 2775 et
386 2735 464 2788 castiga-
492 2735 588 2784 ‘oblutus²
598 2734 631 2786 qui
644 2734 726 2773 indicare
740 2738 761 2773 et
773 2748 828 2786 prue-

130 2788 203 2828 tionem
220 2804 269 2842 quae
284 2790 340 2830 nobis
356 2790 464 2840 debebatur,
492 2790 571 2829 ‘dicere
579 2793 654 2842 poterut
662 2789 799 2841 proditorem,¹
809 2821 812 2829 .
822 2821 826 2829 .

130 2848 153 2884 ui
166 2857 211 2895 pane
225 2845 339 2895 liueremur,
354 2845 394 2898 ipse
409 2846 430 2885 in
444 2859 465 2886 se
492 2848 583 2897 ‘poterat
598 2844 676 2896 eosqui
694 2844 718 2883 ed
735 2857 756 2883 se
774 2845 828 2884 missi

130 2899 206 2950 recepit,
222 2900 322 2940 OOLOM.
492 2901 584 2939 ‘firerant
598 2898 695 2948 declinare,
710 2899 781 2951 quibus
798 2914 829 2940 oe·

159 2967 188 2993 11.
203 2956 301 3006 παρέδωκεν
314 2957 365 2994 αὐτὸν
378 2957 420 3006 ὑπὲρ
433 2960 465 2994 τῶν
493 2954 569 2994 ‘currit
582 2953 692 3005 intrepidus,
707 2960 726 2993 et
741 2955 794 2994 ultro
808 2969 829 2994 se

130 3013 214 3060 ἁμαρτιῶν
236 3008 291 3064 ἡμῶν]
319 3009 373 3049 LXX
396 3011 465 3050 hibent
493 3009 585 3057 ‘obtulit
603 3008 672 3058 dicens,
691 3010 753 3058 Quem
772 3023 829 3062 qaae-

532 3088 570 3120 KZ
