2017 3420
166 209 195 254 72
342 255 350 260 ,
403 207 502 251 INDEX
516 206 690 251 VERBORUM

196 320 251 370 σοφίη
257 323 288 357 τοῦ
295 320 377 370 μακαρίου
415 320 491 360 Παύλου.
501 320 538 359 Po·

195 374 231 426 lyc.
242 373 291 413 Phil.
301 387 319 425 3.

169 431 277 479 Κατάκριτος.
316 430 350 480 ε’γιλ
369 432 472 479 κατάκριτος,
491 431 538 479 ὑμεῖς

593 321 601 359 l
613 321 630 359 6.
659 322 683 360 εἷς
695 320 775 370 πέπειρον
787 320 859 368 καταντᾷ
873 320 931 368 άκαρ-

591 377 628 414 πός.
640 387 672 425 23.
701 374 732 413 ἕως
741 375 813 413 θανάτου
823 375 930 420 καταντῆσαι.

570 452 572 458 ι
593 429 656 481 Polyc.
668 427 715 468 Phil.
729 441 745 467 1.

196 483 402 536 ἠλεημένοιΙςαΕρλ.
415 495 444 522 12.
478 483 538 523 ’ίναίιν
565 485 679 531 Καταξαίνειν.
706 482 722 521 οἳ
730 483 801 532 μάστιξι
810 484 841 531 μὲν
850 482 930 528 καταξαν-

196 540 294 587 κατάκριτος
306 540 329 578 ὣς
341 538 439 577 ἀπόστολοι
450 539 536 587 ὑμῖνδια-

593 539 654 578 θέντες.
665 537 723 577 Man.
732 537 797 588 Polye.
809 549 827 575 ο.

196 592 361 641 τάσσωμαι.Τ11ιΠ.
373 606 390 642 3.
425 593 537 631 ἐκεῖνοιάπά-
565 594 664 640 Καταξιοῦν.
692 592 729 643 ὅσῳ
740 592 818 630 πλείονος
830 591 931 638 κατηξιώθη-

197 649 264 691 στολυι,
275 648 308 697 ἐγὼ
317 649 420 697 κατάκριτος.
430 646 486 686 Rom.
497 659 515 696 4.

170 704 281 739 Καταλαλεῖν.
311 702 352 750 μηδὲ
368 704 469 740 καταλαλεῖν
483 701 535 750 ἀλλή-

197 758 238 794 λων,
249 755 308 804 Olem.
319 756 341 795 Π
351 768 369 804 4.

170 810 275 848 Καταλαλιά.
309 810 402 861 φεύγοντες
429 810 536 849 καταλαλιάς.

198 863 257 903 016111.
271 865 281 903 Ι
294 877 326 914 3ο.
362 867 464 904 καταλαλιάς
479 867 538 915 πόρρω

198 919 267 957 έαυτοίνς
289 921 381 957 ποιοῦντες.
400 918 426 957 ib.
466 920 538 969 ἀπορρί-

197 974 263 1021 ψαντες
271 973 302 1021 ἀφ’
314 975 377 1010 ἑαυτῶν
385 1003 389 1012 .
398 1004 402 1012 .
410 1002 414 1011 .
421 973 538 1023 ψιθυρισμοάς

196 1042 216 1064 τε
227 1027 254 1064 καί
265 1028 372 1065 καταλαλιάς.
386 1035 417 1076 35.
452 1028 537 1076 άπεχάμε-

196 1096 222 1118 νοι
232 1111 236 1120 ,
245 1111 249 1119 .
257 1109 261 1118 .
269 1083 376 1120 καταλαλιάς.
385 1081 449 1132 Polyo.
460 1081 508 1130 Bhil.
519 1093 535 1120 2.

196 1135 261 1185 μακράν
284 1138 338 1175 οὔσας
360 1137 417 1183 πάσης
426 1165 430 1175 .
438 1166 442 1175 .
450 1163 455 1173 .
463 1137 536 1174 καταλα-

173 1214 175 1217 -
195 1191 239 1228 λιᾶς.
251 1203 268 1236 4.

169 1245 314 1292 Καταλαμβάνειν.
352 1244 374 1291 μὴ
391 1244 433 1292 ἡμᾶς
450 1244 537 1291 καταλάβῃ

196 1300 241 1337 κακά.
253 1296 314 1336 Olem.
325 1296 348 1335 Π
360 1310 389 1336 1ο.

111 1394 113 1397 .
170 1353 286 1390 Καταλείπειν.
315 1350 536 1402 οἷκονμικρὸνκαταλιιτών.

196 1404 257 1445 Olem.
271 1406 280 1443 I
295 1419 324 1444 10.
360 1406 495 1456 καταλείψαντες
507 1407 538 1454 τὴν

196 1461 284 1510 παροικίαν
293 1464 323 1498 τοῦ
334 1462 399 1508 κάαμου
410 1460 477 1499 τούτου.
486 1460 509 1499 Π
519 1469 536 1509 5.

195 1515 226 1562 τὴν
241 1515 260 1551 δὲ
278 1515 336 1553 κακίαν
351 1516 487 1564 καταλείψομεν.
506 1527 535 1552 10.

195 1570 248 1616 μηθέν
272 1570 380 1607 καταλίπωσι
405 1573 435 1608 τοῦ
459 1571 537 1617 σώματός

591 663 623 695 μεν
630 650 715 698 γνώσεως.
727 645 788 685 Olem.
799 646 808 684 I
819 658 851 694 41.
885 645 900 682 εί
908 646 931 693 μὴ

592 702 621 741 οὓς
639 703 659 740 ἃν
676 701 772 749 καταξιώση
791 703 800 738 ὁ
819 702 874 742 Θεάς,Ι
898 707 930 747 50.

592 756 633 794 Ἐάν
650 773 671 805 με
689 757 784 803 καταξιώσρ
798 755 872 802 Ἰησοῦς.
887 753 931 804 Ign.

593 809 642 862 Eph.
659 822 689 849 κο.
718 809 831 856 Καταξιωθεὶς
845 809 879 858 γάρ
893 808 931 846 άνά-
957 819 960 822 ’

591 881 644 913 ματος
660 865 812 914 θεοπρεπεστάτου.
830 862 895 913 Magn.
913 874 931 900 1.

593 920 617 958 είς
628 920 648 956 τὸ
659 916 781 966 καταξιωθῆναί
791 933 812 965 με
823 921 854 956 τοῦ
863 916 930 966 κλήρου.

592 972 648 1012 ΤΓαῙΙ,
671 985 700 1011 12.
738 976 748 1009 ὁ
766 974 809 1011 θεάς
829 972 932 1018 κατηξίωσεν

592 1028 683 1076 εὑρεθῆναι.
694 1026 749 1065 Rom.
765 1038 782 1063 2.
816 1025 834 1065 ὃς
850 1026 932 1072 καταξιω-

592 1081 662 1129 θίμιεται
686 1084 716 1129 τῆς
741 1079 819 1128 τοιαύτης
842 1080 931 1118 διακονίας.
961 1088 963 1090 ’

592 1135 666 1174 Philad.
679 1147 710 1173 10.
739 1135 781 1172 κατὰ
793 1134 858 1183 θέλημα
870 1135 889 1171 δέ
901 1149 931 1171 κα-

591 1191 679 1238 τηξιώθην.
692 1188 770 1241 Smyrn.
786 1200 815 1228 11.
850 1188 931 1234 καταξιω-

591 1245 626 1284 eds
639 1248 670 1282 τοῦ
685 1245 780 1294 προσώπου
794 1258 827 1281 σου
841 1245 872 1280 τοῦ
886 1243 931 1291 ἀμώ-

591 1314 629 1346 μου.
646 1297 709 1350 Polyc.
728 1310 744 1336 1.
774 1301 835 1335 τοῦτον
850 1297 932 1343 καταξιῶ-

592 1368 627 1397 σαι,
644 1353 671 1391 ἵνα
686 1353 775 1401 πορευθείς
789 1352 813 1391 εἶς
829 1351 920 1400 Συρίαν.7.
963 1372 965 1375 v

590 1409 621 1445 τάν
633 1406 719 1455 μέλλοντα
732 1406 852 1452 καταξιοῦσθαι
865 1408 896 1442 τοῦ
907 1406 932 1444 εἷς

592 1462 652 1511 Συρίαν
665 1460 771 1510 πορεύεσθαι.
785 1461 803 1498 8.
839 1461 896 1507 τελεία
910 1463 931 1507 τῇ

591 1518 634 1565 πρός
651 1532 673 1554 σε
689 1515 745 1564 ἀγάπη
764 1517 833 1562 τιμῆσαι
850 1515 931 1561 κατηξίω-

592 1586 629 1608 σας.
640 1570 698 1608 Μακπ.
709 1570 751 1620 Ign.
763 1581 779 1607 α.

196 1639 234 1671 μου,
247 1622 291 1674 Igu.
305 1623 361 1662 Rom.
372 1636 389 1671 4
425 1627 446 1670 τῇ
459 1623 499 1672 ἁγίᾳ
510 1624 536 1660 ε’κ-
565 1628 675 1663 Καταπατεῐν.
703 1622 838 1670 καταπατησαντι
851 1623 881 1659 τὸν
894 1623 930 1659 διά·

196 1678 259 1725 κλησίᾳ
270 1678 409 1727 καταλειφθέντα.
422 1677 481 1717 Mart.
493 1677 535 1728 Ign.

591 1681 650 1723 βολον.
661 1677 718 1716 Mart.
729 1677 771 1729 Igu.
784 1685 803 1726 7.

197 1732 214 1770 6.
243 1733 274 1769 τὸν
288 1734 363 1782 Χριστόν
376 1748 419 1770 ποτε
433 1735 536 1771 καταλιπεῖν.
565 1732 677 1772 Καταπαύειν.
705 1731 930 1780 ζέουσικαίλέγουσικατα-

196 1784 255 1825 Mart.
266 1785 329 1837 Polyc.
342 1793 373 1835 17.

170 1840 268 1878 Καταλύειν.
298 1840 398 1878 καταλύεται
412 1843 422 1878 ὁ
435 1841 494 1890 άρχων
507 1844 538 1878 τοῦ

196 1896 256 1933 αίῶνας
264 1894 332 1932 τούτου.
343 1894 384 1945 Igu.
398 1894 455 1933 Trall.
466 1907 478 1942 4
507 1896 537 1933 τὰς

171 1974 172 1977 =
195 1948 259 1986 τούτων
273 1948 350 1986 καταλύω
364 1950 463 1995 ἐπιβουλάς,
478 1949 536 1988 Mam

196 2002 238 2053 Igu.
251 2014 268 2040 2.

591 1786 651 1825 παύειν
665 1787 695 1824 τὸν
709 1787 766 1834 δῆμον.
783 1784 841 1823 Mart.
856 1784 898 1835 Ign.
912 1785 929 1824 6.

591 1844 693 1890 μελλουσῶν
704 1839 804 1879 καταπαύειν
817 1844 851 1877 τῶν
863 1841 931 1888 φιλοτι-

591 1900 639 1944 μιῶν.
651 1895 677 1934 ib.
705 1895 800 1933 κατέπαυσε
811 1895 841 1931 τὸν
853 1894 930 1943 διωγμόν.

592 1950 649 1989 Mart.
662 1948 725 2000 Polye.
740 1961 757 1987 1.
791 1948 886 1991 κατέπαυσε
901 1949 932 1996 τὴν

591 2004 694 2054 προσευχήν.
706 2005 723 2041 8.
825 2005 828 2009 ’

169 2059 272 2094 Κατάλυσις.
301 2057 329 2093 διὰ
339 2057 359 2093 τά
372 2057 476 2104 μελετᾶσθαι
487 2058 537 2095 θανά·
565 2060 682 2097 Κατάπαυσις.
716 2059 759 2107 ὑπὲρ
771 2059 800 2104 τῆς
812 2059 843 2094 τοῦ
856 2056 931 2106 διωγμοῦ

195 2126 226 2148 ταυ
235 2112 333 2148 κατάλυσιν.
344 2110 386 2160 Ign.
397 2110 446 2161 Eph.
459 2123 489 2161 19.

590 2112 716 2151 καταπαύσεως.
726 2111 785 2150 Mart.
796 2111 839 2161 Ign.
851 2110 870 2148 6.

168 2165 310 2212 Καταμανθάνειν.
345 2166 466 2212 καταμάθωμεν
480 2165 505 2202 ὅτι
519 2166 537 2202 έν
564 2167 669 2204 Καταπίνειν,
689 2167 716 2203 καὶ
729 2167 800 2204 θάνατος
813 2165 890 2202 κατέπιεν
900 2166 930 2202 αὖ·

195 2223 246 2271 γενεῇ
256 2220 283 2256 καὶ
295 2221 349 2268 γενεᾷ,
360 2217 419 2257 Olem.
431 2219 440 2256 I
451 2226 468 2268 7.
501 2226 535 2256 Κα-

591 2219 634 2259 τοάς.
646 2219 705 2259 Olem.
715 2219 727 2257 I
737 2228 768 2268 51.

193 2274 276 2321 παράθετε
296 2274 314 2309 δὲ
332 2273 371 2311 τοὺς
392 2274 536 2321 έτεροδοξοῦνπας.
564 2277 665 2312 Καταπλεῖν.
683 2274 706 2313 εἲς
717 2275 757 2313 τοὺς
768 2273 855 2321 φθαρτοὺς
866 2273 931 2322 ἀγῶνας

195 2327 237 2379 Ign.
256 2326 332 2378 Smyrn.
353 2327 372 2365 6.
409 2328 452 2366 Τοὺς
470 2328 537 2377 καιροὺς

194 2382 313 2430 καταμάνθανε.
325 2381 389 2432 Polyc.
401 2395 420 2431 3.

149 2467 151 2469 .
167 2437 305 2486 Καταναγκάζειν.
339 2436 350 2483 ἢ
366 2435 413 2473 θύειν
428 2436 438 2484 ἢ
457 2438 537 2473 τελευτᾶν

194 2491 321 2539 κατηνάγκαζεν.
332 2489 389 2529 ΜαΓλ.
406 2490 448 2541 Igu.
462 2502 478 2529 2.

591 2328 714 2366 καταπλέουσιν
721 2328 789 2366 πολλοί.
801 2326 860 2365 Olem.
872 2327 920 2376 117.

591 2384 654 2421 πολλοὶ
671 2383 695 2420 εἷς
712 2384 763 2420 αὐτὸν
781 2380 929 2429 καταπλεύσωμεν.

591 2435 617 2475 ib.
651 2436 775 2474 Καταπλεάσας
790 2439 831 2485 γοῦν
849 2436 873 2474 εἰς
892 2436 931 2474 τοὺς

590 2490 658 2538 λιμένας
666 2492 755 2539 Ῥωμαίων.
765 2489 823 2529 Malss.
834 2489 876 2541 Ign.
889 2497 907 2537 5.

167 2547 264 2582 Κατανοείν.
295 2544 536 2593 Κατανοήσωμεν..,πῶ’ςὸ
564 2545 701 2593 Καταπλῆσσιιν.
717 2546 737 2583 οὗ
750 2544 931 2594 καταπέπληγμαιτὴν

193 2600 283 2645 Δεσπότης
301 2600 416 2637 ἐπιδείκνυται.
447 2597 507 2637 Olem.
526 2597 536 2634 I

195 2665 226 2700 24.
257 2651 279 2690 Εἴ
290 2669 316 2692 τις
325 2684 329 2692 .
337 2683 342 2691 .
350 2680 354 2690 .
363 2654 455 2704 εἶλικρινῶς
466 2667 535 2691 κατανο-

194 2706 234 2754 ίηση.
249 2719 279 2755 32.
318 2707 447 2756 κατανοήσωμεν
465 2708 485 2745 τὸ
503 2708 537 2745 πᾶν

591 2600 683 2637 ἐπιείκειαν.
691 2600 732 2650 Ign.
739 2598 812 2637 Philad.
824 2611 839 2636 1.
869 2600 890 2635 Οἱ
900 2628 915 2636 ..
926 2626 930 2635 .

591 2655 785 2702 ε’τεροδιδασκαλοῦντες,
801 2653 824 2701 μή
842 2667 863 2690 σε
880 2667 930 2689 κατα-

590 2709 722 2755 πλησσέτωσαν.
733 2707 796 2757 Polyc.
808 2720 825 2756 3.

193 2762 258 2808 πλῆθος
280 2765 313 2798 τῶν
329 2761 408 2810 ἀγγέλων
424 2763 483 2799 αὐτοῦ.
502 2772 535 2810 34.
564 2763 637 2810 Κατάρα.
653 2763 726 2812 κατάραν
735 2763 771 2801 ἀντὶ
779 2763 856 2811 κατάρας.
865 2758 929 2810 Polyc.

193 2814 323 2863 κατανοήσωμεν
336 2817 376 2854 τοὺς
392 2816 535 2866 στρατευομένους

590 2815 638 2854 Phil.
651 2829 667 2855 2.

193 2873 229 2908 τοῖς
243 2869 404 2918 ἡγουμένοιςὴμῶν.
416 2878 448 2920 37.
486 2885 535 2908 κατα·
562 2873 646 2920 Καταρᾶν.
681 2874 717 2910 τοῖς
729 2869 846 2919 κατηραμένοις
857 2869 891 2907 ὑπὸ
900 2872 930 2905 τοῦ

194 2924 320 2974 νοίησατεπίνες
329 2925 371 2971 ὑμᾶς
381 2925 491 2974 διέστρεψαν.
502 2931 526 2972 47
530 2950 534 2961 .

590 2928 638 2963 θεοῦ.
650 2924 709 2964 Olem.
720 2924 730 2963 I
741 2937 773 2974 30.

167 2981 258 3015 Καταντᾶν.
287 2979 315 3016 ἐπὶ
328 2980 358 3015 τὸν
372 2981 402 3026 τῆς
416 2980 491 3018 πίστεως
503 2978 533 3024 βέ-
562 2982 661 3028 Καταργεῖυ,
690 2978 930 3026 ἐνῇπᾶςπάλεμοςκαταρ-

193 3033 242 3076 βαιον
260 3033 322 3081 δρόμον
340 3032 450 3081 κατήντησαν.
473 3032 532 3072 Olem.

589 3036 647 3083 γεῐται,
658 3034 700 3086 Ign.
711 3033 761 3085 Eph.
774 3044 804 3081 13.
