2061 3403
80 303 110 326 suo
117 292 157 336 deji-

81 348 118 371 cere
125 337 177 370 nefas,

191 152 234 203 164
257 115 259 118 ·
439 153 459 197 S.
475 150 644 202 ,eLuMuurls

191 268 315 339 γήσαντας
333 269 460 337 ἀμέμπτως
479 271 513 342 τῷ
529 268 630 340 ποιμνίῳ
646 272 689 322 τοῦ
704 270 814 335 Χριστοῦ
827 264 891 333 μετὰ

190 355 420 429 ταπεινοφροσύνης,
434 354 531 427 ἡσύχως
549 355 588 409 καὶ
604 352 757 420 ἀβαναύσως,
771 374 889 423 μεμαρτυ-

191 442 304 514 ρημέυους
325 464 351 496 τε
371 447 475 500 πολλοῖς
496 439 589 513 χρόνοις
609 437 655 494 ὑπὸ
671 437 777 506 πάντων,
794 437 892 497 τούτους

192 530 220 583 οὐ
238 529 332 585 δικαίως
351 526 474 597 νομίζομεν
492 526 660 591 ἀποβαλέσθαι
677 529 720 594 τῆς
737 526 891 596 λειτουργίας

192 615 310 685 Ἀμαρτία
328 613 377 685 γὰρ
395 616 423 668 οὐ
441 613 514 684 μικροὶ
529 613 584 681 ἡμῖν
596 613 672 679 ἕσται,
686 611 726 667 ἐὰν
742 612 797 670 τοὺς
815 611 889 680 ἀμέμ-
902 628 914 669 5

192 725 258 760 πτως
276 703 315 755 καὶ
333 701 407 759 ὁσίως
423 698 626 772 προσενεγκόντας
644 698 674 753 τὰ
693 702 767 770 δῶρα,
783 702 825 767 τῆς
841 699 891 754 ε’πι-

193 791 288 856 σκοπῆς
300 786 471 855 ἀποβάλωμεν.
504 784 625 857 Μακάριοι
637 788 659 840 oi
671 784 891 856 προοδοιπορήσαυ-

193 898 230 933 τες
246 873 412 945 πρεσβύτεροι,
427 874 508 931 οἵτινες
526 872 645 943 ἔγκαρπον
657 875 701 927 καὶ
715 871 806 927 τελείαν
820 872 894 944 ἔσχον

193 960 238 1029 τὴν
260 960 385 1015 ἀνάλυσιν·
405 961 433 1014 ού
455 958 503 1030 γὰρ
524 959 680 1024 εὐλαβοῦνται
701 959 735 1028 μή
755 982 790 1017 τις
810 956 894 1016 αὐτούς

194 1046 335 1118 μεταστήσῃ
348 1046 451 1102 ἀπὸτοῦ
464 1046 586 1116 ἱδρυμένου
602 1047 681 1104 αὐτοῖς
692 1044 775 1100 τύπου.
813 1046 892 1116 Ὁρῶ-
905 1071 930 1098 ιο

195 1210 294 1251 Divinitus
306 1223 346 1250 csse
359 1224 370 1249 a
381 1211 429 1259 Deo,
444 1208 531 1250 Ohristo-
559 1221 608 1259 quae
624 1209 693 1249 camini
708 1215 728 1251 et
744 1211 794 1264 ignis
809 1210 895 1251 subsidio

195 1279 232 1319 que
245 1266 287 1318 ipso
299 1278 338 1304 non
351 1278 404 1305 secus
417 1279 440 1304 ac
452 1265 533 1312 ἐξουσίαν
559 1276 617 1315 opera
635 1264 752 1315 conficiunt3
775 1269 832 1318 atque
850 1266 895 1306 inde

194 1319 412 1373 Apostolicumdatcm
428 1318 532 1359 ‘deOleri-
558 1319 583 1357 ad
599 1319 694 1371 quaslibet
708 1320 827 1361 mechanicas
844 1325 895 1361 artes

195 1380 277 1415 ‘corum
294 1388 355 1427 paene
373 1375 459 1415 omnium
478 1373 532 1414 testi·
558 1374 652 1414 translata
666 1379 700 1415 est,
729 1375 787 1416 Unde
800 1376 903 1428 Hierony·.

196 1430 281 1480 ‘monia
291 1435 310 1470 et
322 1430 346 1469 de
360 1428 486 1470 Sacerdotum
498 1442 532 1468 au-
559 1428 699 1478 mus,Icontra
708 1429 825 1482 Pelagianos,
835 1431 855 1482 [ξ
864 1444 895 1481 21,

196 1485 439 1537 ‘tiquorumacbonorum
446 1484 532 1525 virorum
559 1482 573 1522 ii
592 1497 610 1535 p.
628 1493 666 1535 702
687 1485 715 1524 cd.
733 1485 823 1535 Vallem]
845 1490 896 1525 artes

196 1539 296 1592 ‘collegio'
322 1540 401 1579 denotat
423 1552 532 1579 consessum
560 1551 626 1578 omnes
643 1552 757 1590 memorans,
773 1540 896 1580 nominatim-

196 1596 328 1635 Romanorum
342 1595 469 1644 sacerdotum,
485 1607 533 1647 quc·
560 1606 601 1645 que
626 1594 781 1645 Grammaticam,
807 1595 897 1635 Rhetori-

196 1664 240 1690 mm
263 1649 300 1690 fuit
317 1649 434 1702 Episcopum
456 1649 531 1701 eligere,
561 1662 608 1697 cam,
620 1648 763 1702 Philosophiam
776 1650 860 1703 aliasque
873 1650 912 1689 li-,

197 1705 279 1758 fideique
290 1705 331 1757 ejus
343 1704 461 1744 orthodoxae
474 1708 493 1744 et
502 1704 531 1743 in·
561 1704 634 1743 hercles
651 1718 756 1754 recensens,
772 1705 880 1758 praemittit
889 1720 897 1755 ς

198 1760 279 1812 culpatis
292 1759 377 1799 moribus
390 1760 481 1812 praebere
494 1764 533 1800 tes·
562 1759 607 1799 ‘Ut
615 1763 689 1799 taceam
699 1760 722 1799 de
731 1760 761 1799 his
772 1773 819 1813 quas
829 1761 897 1801 Graeci

198 1814 301 1855 timonium
309 1828 315 1863 3
330 1814 408 1866 ‘populi
417 1813 533 1867 suffragium'
562 1816 568 1835 ‘
576 1814 673 1860 tauciacus
680 1819 754 1865 vocant,
762 1829 797 1855 nos
806 1815 831 1855 ad
840 1829 898 1868 opera

198 1870 250 1909 idem
264 1873 298 1918 est,
308 1869 359 1921 quod
373 1869 477 1908 Clementis
492 1885 533 1908 συν·
563 1871 669 1909 ‘manuum
683 1870 779 1922 pertinere
796 1883 898 1922 possumus

199 1927 316 1973 ευδοκησάσης
333 1927 363 1972 τῆς
381 1926 475 1972 ἐκκλησίας.
509 1923 535 1962 In
562 1923 651 1964 ‘dicere'
678 1924 780 1965 Veteribus
789 1930 854 1965 autem
863 1926 898 1964 hu-

199 1979 237 2019 alia
259 1979 346 2031 Epistola
368 1978 463 2030 legimus:
489 1978 533 2030 [Ep.
559 1978 645 2030 jusmodi
661 1979 742 2019 artifices
757 1981 781 2020 ab
793 1980 898 2020 honoribus

199 2033 259 2075 lxviii.
275 2048 294 2085 p.
313 2034 367 2083 αρτ]
380 2034 425 2084 ‘qui
439 2032 535 2084 Episcopo
563 2033 659 2072 secludere
682 2034 759 2074 solenne
782 2039 828 2074 erat.
871 2034 899 2075 At

200 2088 306 2128 ‘Cornelio
313 2087 334 2126 in
344 2087 443 2127 Oatholica
451 2087 537 2127 Ecclesia
564 2088 692 2127 ministerium
706 2088 737 2127 hic
749 2089 898 2139 commendatur,

201 2145 240 2183 ‘de
255 2142 293 2183 Dei
308 2142 388 2195 judicio,
405 2142 428 2182 de
445 2141 497 2181 Olcri
515 2155 537 2181 ac
565 2143 616 2194 quod
627 2156 667 2182 non
680 2143 706 2183 sit
716 2143 825 2196 hujusmodi
838 2144 899 2185 illibe-

202 2197 280 2238 ‘Plebis
289 2197 379 2249 suffragio
389 2196 483 2246 ordinato,
492 2210 537 2248 prc-
564 2198 609 2236 rale.
631 2197 722 2238 OOUST.
751 2198 821 2239 Confer
836 2200 900 2239 locum

201 2257 207 2276 ‘
215 2254 282 2293 fanum
293 2253 353 2292 altare
366 2252 445 2304 erigere,
455 2255 475 2291 et
483 2251 537 2290 adul·
565 2251 620 2290 illum
628 2252 723 2305 insignem
732 2253 836 2295 elementis
842 2253 898 2295 Alex.

202 2312 278 2349 ‘teram
287 2307 401 2347 cathedram·
412 2306 509 2356 collocare,
519 2310 539 2345 ct
566 2306 643 2347 Oohort.
653 2308 678 2347 ad
690 2307 767 2355 Gentes,
778 2310 788 2361 ξ
800 2323 830 2360 10,
844 2323 862 2362 p.
874 2313 899 2361 78

202 2363 308 2415 ‘sacrilega
317 2367 384 2402 contra
392 2375 460 2402 verum
472 2360 537 2402 Sacer-
566 2362 594 2400 ed.
612 2362 683 2403 Pctter.
704 2366 771 2404 Φειδίας
788 2366 834 2414 ὑμῶν
847 2366 900 2403 καὶὸ

201 2420 282 2459 ‘dotem
300 2417 392 2458 sacrificia
411 2416 479 2456 offerre
496 2420 539 2455 ten·
566 2418 680 2458 Πολύκλειτος
698 2419 776 2466 ἡκόντων,
792 2422 901 2471 Πραξιτέλης

202 2473 299 2514 ‘laverit'
329 2472 385 2512 Adeo
400 2484 461 2524 prope
476 2471 501 2510 ad
515 2470 537 2510 Β,
566 2488 584 2509 τε
597 2473 617 2510 ού
632 2475 659 2511 καὶ
671 2474 761 2523 Ἀπελλῆς,
776 2477 803 2513 καὶ
818 2475 857 2514 ὅσοι
870 2477 901 2515 τὰς

202 2529 322 2569 Clementem
337 2526 411 2568 aceedit
426 2525 538 2578 Cyprianus.
566 2527 662 2571 βαναύσους
675 2529 784 2579 μετέρχονται
796 2530 861 2579 τέχνας,
870 2530 901 2581 μ’]

201 2584 282 2624 WOTT.
566 2587 597 2619 ἰ’νοι
606 2585 637 2632 γῆς
646 2584 692 2623 ὄντες
701 2585 774 2635 ἐργάται.

229 2639 254 2679 ib.
269 2639 424 2689 λειτουργήσαντας
440 2632 538 2689 ἀμέμπτως]
594 2634 618 2676 lb.
628 2637 791 2694 μεμαρτυρημένους]
802 2638 848 2679 (lod.
858 2639 899 2680 MS.

130 2714 131 2717 =
202 2695 300 2738 irenaeus,
312 2693 388 2746 Fragm.
399 2692 414 2731 ii
423 2695 472 2731 extr.
488 2707 539 2729 πνευ-
567 2698 796 2734 ΜΕΜΑΡΓΥΡΗΜΕΝΟΙΣ.

202 2754 275 2798 parendo
283 2752 425 2799 λειτουργοῦντες.
445 2747 474 2786 ed.
486 2745 538 2784 Plaff.
595 2748 612 2785 6.
629 2749 651 2785 τὰ
662 2747 716 2803 δῶρα]
733 2748 798 2789 Nimis
811 2749 902 2790 audacter
938 2754 940 2756 ¹

202 2818 220 2856 p,
233 2812 263 2855 27,
567 2802 679 2852 pronuntiat
688 2804 796 2844 Bernartius
806 2805 902 2845 neminem

231 2872 248 2898 2.
270 2858 379 2908 ἀβαναύσως]
403 2858 447 2897 Vox
466 2856 540 2896 Graeca
566 2860 654 2895 veterum
662 2858 690 2897 ita
698 2859 739 2898 sine
748 2860 902 2912 adjectosimpli-

203 2916 289 2958 βάναυσος
302 2914 325 2952 de
339 2912 364 2951 iis
377 2913 451 2952 artibus
463 2911 539 2960 dicitur,
567 2911 615 2951 citer
623 2912 709 2953 locutum
718 2928 763 2955 esse.
784 2915 872 2967 Ignatius
881 2916 902 2954 in
