2017 3420
206 170 249 214 246
433 199 435 205 ,
450 169 471 211 S.
488 166 659 211 OIAEMEN'PIS

207 296 221 321 ‘⁶
234 289 261 342 ori
272 286 416 355 τελευτήσει,
430 288 469 339 καὶ
485 283 513 340 τὸ
529 290 578 355 πῦρ
594 285 672 338 αὐτῶν
685 283 712 336 οὗ
730 280 901 350 σβεσθήσεται,

207 383 222 407 “
234 377 272 429 καὶ
284 374 379 428 ε”σονται
390 376 422 430 εἰς
434 372 518 443 ὅρασιν
530 370 598 442 πάση
611 369 705 440 σαρκί.”

96 485 184 539 poeniten·
246 458 287 515 H'.
300 461 344 518 Ὡς
357 460 398 514 οὖν
409 458 482 527 ἐσμὲν
491 460 528 513 ἐπὶ
540 461 590 528 γῆς,
603 456 793 525 μετανοήσωμεν.
818 454 903 522 Πηλὸς

96 531 199 608 iffiffiiffi
207 546 255 617 γάρ
267 548 338 614 ε’σμεν
350 549 382 603 εἰς
394 544 438 613 τὴν
450 550 515 617 χεῖρα
529 551 570 599 τοῦ
583 543 693 614 τεχνίτοιν
713 543 740 598 ὃν
755 541 844 614 τρόπον
855 541 903 613 γὰρ

96 620 114 652 ³¹¹
121 618 197 652 hami
208 635 221 687 ὁ
233 630 354 703 κεραμεύς,
364 630 404 686 ἐὰν
416 634 472 702 ποιῇ
485 637 575 697 σκεῦος,
586 632 624 684 καὶ
635 631 660 682 ἕν
672 633 722 687 ταῖς
734 630 818 700 χερσὶν
830 630 924 683 αὐτοῦὅ

208 721 355 791 διαστροφή,
378 716 393 786 i)
415 720 540 788 σνντριβή,
563 714 637 771 πάλιν
658 714 716 770 αὐτὸ
737 715 901 769 ἀνατλοίσσει·

207 803 247 858 ἐὰν
268 803 292 857 δὲ
311 802 443 877 προφθάσῃ
464 806 496 861 εὶς
511 801 555 870 τὴν
574 800 671 868 κάμινον
689 806 731 856 τοῦ
751 799 827 871 πυρὸς
845 800 903 855 αὐτὸ

208 895 301 956 βαλεῖν,
316 884 397 945 οὐκέτι
410 889 525 958 βοηθήσει
539 890 610 962 αὐτῷ·
632 889 705 945 οὕτως
717 889 755 942 καὶ
772 888 845 955 ἡμεῖς,
860 888 903 944 ἕως

208 976 280 1045 ε’σμέν
291 978 315 1030 ἐν
327 976 403 1050 τοθτερ
415 978 449 1049 τῷ
461 974 554 1048 κόσμερ,
567 976 591 1028 ἐν
603 976 632 1046 τῇ
651 977 723 1045 σαρκὶ
740 972 757 1028 ἃ
767 972 903 1044 ἐπράξαμεν

208 1061 308 1133 πονηροί,
321 1062 502 1131 μετανοήσωμεν
514 1061 544 1131 ἐξ
556 1062 615 1129 ὅλης
626 1064 668 1128 τῆς
680 1060 785 1132 καρδίας,
800 1060 839 1114 ἵνα
851 1085 901 1114 σω·
913 1085 937 1111 10

208 1152 285 1216 θῶμεν
297 1147 343 1202 ὑπὸ
354 1155 397 1202 τοῦ
411 1147 509 1218 Κυρίου,
522 1147 565 1205 ἕως
583 1146 666 1218 ἔχομεν
678 1146 759 1217 καιρὸν
770 1148 901 1214 μετανοίας.

209 1232 279 1289 Μετὰ
296 1232 344 1304 γὰρ
363 1233 391 1289 τὸ
410 1232 513 1303 ἐξελθεῖν
528 1234 589 1301 ἡμᾶς
607 1236 633 1287 ἐκ
650 1239 693 1288 τοῦ
711 1233 810 1300 κόσμον,
828 1233 904 1287 οὐκέτι

208 1319 325 1387 δυνάμεθα
349 1321 396 1374 ἐκεῖ
420 1318 649 1390 ἐξομολογήσασθαι
675 1317 690 1386 ἢ
717 1323 837 1385 μετανοεῖν
860 1318 900 1372 ἔτι.

204 1396 215 1415 ‘¹
313 1408 319 1424 ν
402 1408 408 1426 ν
475 1405 482 1424 ν
604 1406 611 1422 x
656 1405 664 1424 ι
746 1405 747 1408 ’
771 1411 782 1423 a
874 1405 879 1421 ν

217 1410 292 1472 Ωστε,
306 1408 413 1479 αδελφοι,
428 1429 570 1474 ποιησαντες
588 1430 615 1461 το
635 1410 728 1473 θελημα
740 1429 783 1460 τον
796 1409 900 1475 Πατρος,

209 1495 247 1547 καὶ
265 1490 309 1559 τὴν
327 1492 407 1564 σάρκα
425 1490 501 1562 ἁγνήν
516 1491 669 1562 τηρήσαντες,
686 1493 725 1546 καὶ
743 1491 786 1549 τὰς
805 1490 903 1551 ἐντολὰς
913 1520 937 1560 15

209 1682 223 1721 ii
234 1683 243 1733 ξ
254 1696 272 1733 3,
283 1696 301 1734 p.
309 1695 354 1733 434,
361 1682 395 1721 ubi
403 1684 475 1732 μακάρια
484 1684 542 1732 σφρα-
569 1688 627 1721 erunt
642 1695 701 1733 αςηαε
716 1683 744 1721 αα
757 1683 863 1721 sotietatem
874 1683 903 1721 αι’-

209 1739 237 1788 pis
244 1738 323 1789 ponitur
331 1751 366 1790 pro
373 1737 493 1789 impositione
502 1750 541 1776 mn·
568 1737 630 1776 siccis
643 1737 697 1776 cmm·
707 1738 768 1776 ecferri.
790 1737 858 1776 Versio
868 1737 903 1789 Sy-

209 1806 270 1832 nuum
283 1806 331 1845 quae
342 1792 462 1844 Bnptismum
475 1805 541 1844 seque·
568 1791 904 1835 riscsxlrco'mmicircrtcm'omct

210 1848 271 1887 betur.
300 1848 325 1886 In
342 1847 403 1887 Boisii
420 1847 487 1887 notula
506 1861 541 1899 pro
568 1847 629 1886 ccrci.
644 1846 726 1886 WOTT.

210 1904 280 1949 δικάζων
288 1903 330 1955 lege
339 1904 415 1949 δεκάζων.
444 1902 542 1942 Ruchnius
597 1915 615 1951 3,
629 1899 667 1956 Ὣς]
679 1902 724 1942 Ἕως
737 1902 803 1942 mallei
817 1902 902 1950 Nostius,

210 1962 308 2009 comparat
322 1957 402 1996 Theclae
414 1957 541 2009 Martyrium:
569 1970 626 2008 quem
635 1957 655 1995 in
665 1956 754 1997 Editione
763 1962 832 2011 quarto
841 1958 903 2010 sequi-

211 2015 294 2061 Μακάριοι
307 2015 323 2050 οἶ
336 2014 356 2050 τὸ
368 2015 458 2060 Βάπτισμα
471 2014 543 2062 καθαρὸν
569 2015 602 2050 tur
611 2011 702 2052 Hefelius.

210 2067 318 2117 τηρήσαντες,
327 2067 353 2104 ὅτι
363 2069 411 2105 αὐτοὶ
419 2068 543 2105 ἀναπαήσονται
597 2076 614 2115 5.
625 2068 687 2106 ἐντοῖς
695 2066 764 2122 χερσίν]
776 2068 790 2106 J
790 2068 846 2107 unius
855 2068 902 2106 nlai-

211 2124 254 2171 τρὸς
263 2124 293 2160 τὸν
301 2123 375 2171 Πατέρα,
385 2123 412 2159 καὶ
424 2124 453 2160 τὸν
461 2125 505 2170 rior,
515 2124 542 2160 καὶ
568 2121 596 2161 lec
605 2123 623 2159 ἐν
631 2125 651 2170 τῇ
659 2125 709 2173 χειρί.

210 2180 230 2215 τὸ
245 2177 305 2226 ’Ἀγιον
322 2181 395 2225 Πνεῦμα,
426 2189 455 2228 up.
476 2176 542 2216 Grabii
597 2184 613 2225 7.
629 2178 669 2215 αὐτὸ
683 2176 901 2231 βαλεῖν,]0010111.βάλ-

210 2231 274 2284 spicil.
282 2232 332 2271 Patt.
343 2231 354 2270 i.
365 2245 383 2283 p.
393 2234 423 2282 96.
439 2230 466 2270 Of,
475 2233 541 2282 ἐσφρα-
568 2234 609 2279 λειν,
623 2245 646 2270 ex
660 2232 738 2282 incuria,
747 2238 770 2273 ut
778 2233 861 2281 videtur,
870 2236 900 2284 ty-

209 2288 284 2338 γίσθητε,
295 2286 363 2339 Ephes.
374 2286 394 2326 iv
404 2299 435 2336 3ο.
570 2285 696 2337 pothetorum.

236 2355 254 2394 p.
269 2355 313 2390 244.
327 2355 344 2392 9.
362 2344 371 2379 ὁ
391 2342 461 2388 σκώληξ
477 2339 539 2394 αὐτῶν]
597 2342 615 2380 8.
630 2343 661 2381 ἕως
670 2344 721 2391 ἐσμὲν
730 2343 810 2394 ἐντούτῳ
823 2348 848 2395 τῷ
861 2346 902 2381 κόσ-

210 2396 299 2436 Oitnntur
316 2396 362 2436 haec
381 2410 405 2435 ex
421 2396 476 2434 LXX
494 2394 541 2434 Intt
570 2393 603 2448 pp]
616 2396 648 2435 Ita
657 2396 769 2449 Cyprianus,
779 2398 811 2437 lib.
818 2398 842 2437 de
849 2398 902 2437 Mor-

208 2452 259 2503 apud
276 2465 323 2504 quos
337 2452 383 2492 haee
397 2450 492 2504 iegimus;
505 2449 542 2489 nisi
568 2451 647 2490 tsiitute.
678 2452 770 2501 ‘Qualem
787 2458 808 2493 te
827 2453 902 2493 invenit

209 2507 260 2559 quod
276 2521 311 2558 pro
325 2508 424 2555 τελευτήσει
439 2507 542 2545 habeamus
569 2505 641 2555 ‘Deus
651 2519 695 2545 eum
708 2508 732 2546 cle
745 2507 781 2547 hoc
795 2509 868 2548 mundo
881 2514 901 2548 te

208 2565 284 2610 τελευτᾷ.
320 2562 416 2602 Posterius
434 2561 542 2600 membrum
569 2563 650 2600 ‘evocet
664 2567 684 2601 et
697 2563 780 2607 accersit,
795 2564 853 2602 telem
868 2577 901 2615 pa-

208 2617 272 2668 pcullo
286 2616 342 2656 aliter
354 2617 375 2655 in
385 2617 474 2656 Hebraeo
485 2620 542 2656 textu
570 2615 631 2655 ‘riter
640 2621 659 2655 et
665 2617 751 2668 judicat)
762 2616 787 2672 [p.
797 2621 833 2668 163
843 2619 863 2657 Τ.
870 2620 899 2658 ed.

208 2672 291 2724 legitur:
305 2672 332 2710 Et
341 2678 480 2711 eructuatum
489 2671 542 2710 οοιιιι
569 2670 615 2709 Feli.
632 2671 665 2710 ubi
680 2672 765 2723 legimus,
778 2674 864 2726 ‘qualem
881 2679 901 2714 te

208 2727 269 2766 corni,
278 2727 413 2778 Exposuerunt
419 2732 483 2766 autem
487 2725 541 2765 LXX
569 2728 574 2746 ‘
583 2725 656 2765 invenit
665 2726 759 2768 Dominus
769 2742 829 2780 quum
838 2734 900 2778 vocat,

208 2782 327 2834 interpretes
340 2795 406 2821 vocem
420 2790 479 2830 unm,
489 2795 511 2820 ac
524 2781 540 2820 si
569 2780 653 2830 ‘talem'
668 2782 710 2832 tm]
740 2783 767 2823 Et
782 2784 807 2823 ad
823 2784 899 2824 Demet.

208 2836 315 2876 derivatum
324 2836 390 2877 fuisset
401 2851 413 2876 a
424 2845 465 2878 nst
477 2837 539 2876 circu.-
568 2838 573 2856 ⁴
584 2835 664 2884 Quando
673 2836 725 2877 illino
732 2852 829 2878 excessum
836 2839 900 2888 fuerit,

207 2895 234 2930 καὶ
243 2894 311 2930 ἔσονται
320 2894 343 2931 εἷς
354 2893 414 2943 ὅρασιν
422 2896 469 2940 πάσῃ
483 2894 538 2942 σαρκί.
569 2891 645 2930 ‘nuilus
654 2891 694 2942 jam
706 2893 759 2933 locus
770 2894 901 2946 poenitentiae

208 2947 239 2986 Itu
255 2952 275 2986 et
290 2947 387 2999 Interpres
403 2947 479 2999 Vulgut.
513 2947 540 2985 Ec
568 2950 617 2995 rest,
626 2947 690 2986 nulius
702 2949 835 2989 satisfactionis
847 2949 900 2988 effee-
