2061 3403
191 147 252 193 nvn
361 148 584 193 enormiorem
600 148 724 192 Junrom
768 122 770 124 ’

192 266 316 321 Pearsonus,
331 266 454 320 Gotelerius,
469 265 590 310 Ludovicus
605 266 686 323 Dupin,
701 269 723 309 et
738 264 892 317 tillemontius,

193 336 317 395 caeterique,
328 337 364 395 qui
378 336 405 381 all
419 338 471 381 haec
485 337 566 395 animos
579 352 627 380 suos
639 351 733 393 unquam
743 336 891 380 adverterunt:

193 421 260 464 neque
275 406 336 452 aliter
350 407 448 452 sensisset
462 406 513 464 ipse,
527 406 545 450 si
560 420 594 449 eas
608 405 728 449 accessisset
741 420 818 449 vacuus
832 420 892 463 prae-

190 476 288 533 judiciis,·
304 481 342 521 aut
356 477 435 536 aliquid
450 478 475 521 de
489 476 570 534 lingua,
583 475 666 520 dicendi
677 476 747 529 modo,
759 475 893 533 moribusque

194 546 297 604 Syrorum
306 550 402 591 veterum
411 550 448 590 aut
457 545 605 590 hodiernorum
615 545 771 589 Maronitarum
781 545 881 589 novisset.

223 615 286 659 Quod
296 617 324 660 ad
333 617 461 670 Materiam
476 616 563 675 Ignatio
575 615 654 673 optime
668 615 797 659 conveniunt
809 631 833 658 ea
847 630 892 658 om-

193 685 236 738 nia,
253 701 306 743 quae
325 686 348 730 in
364 687 498 731 Brevioribus
515 685 616 744 Epistolis
635 686 752 738 habentur3
774 685 797 728 in
817 684 893 742 quibus

194 770 237 799 non
249 759 282 799 est
294 757 365 815 aliqua
377 757 477 815 temporis
487 757 580 809 violatio,
590 756 701 813 nullaeque
714 755 737 798 in
750 755 783 808 iis,
794 755 892 798 condem-

194 829 273 869 nantur
296 827 405 880 Haereses,
425 827 467 871 nisi
490 843 540 885 quas
564 842 588 870 eo
610 830 704 883 tempore
727 824 840 868 invaluisse
859 826 893 869 vel

194 895 269 939 saltem
287 901 343 941 ortas
360 898 424 941 fuisse
442 901 498 941 certo
517 897 621 950 novimus,
639 896 709 953 qualia
726 896 811 938 fuerunt
828 894 893 952 impia

195 966 355 1011 Judaizantium
377 983 401 1011 ao
420 972 460 1011 τῶν
479 972 574 1023 Δοκητῶν
593 966 693 1024 dogmata
700 982 707 1019 3
732 980 776 1008 non
795 964 847 1007 alius
868 963 893 1007 de

194 1036 303 1080 Doctrinis
324 1036 383 1080 Fidei
403 1036 534 1080 Christianae
554 1036 637 1080 dicendi
656 1051 701 1079 mos
721 1034 835 1088 inducitur,
852 1034 893 1077 nisi

195 1106 232 1165 qui
248 1106 339 1150 invaluit
356 1106 379 1149 in
394 1105 462 1149 initio.
493 1106 524 1150 At
541 1105 564 1149 in
581 1105 717 1162 Interpolatis
736 1104 813 1161 ubique
832 1102 894 1147 nobis
927 1127 929 1129 >

195 1179 307 1220 occurrunt
321 1176 378 1219 haud
392 1176 534 1219 immanifesta
547 1176 645 1219 falsitatis
661 1175 744 1219 indicia.
775 1174 808 1217 Ut
822 1177 894 1217 autem

194 1245 248 1289 illud
265 1245 441 1302 praetermittam,
459 1246 514 1302 quod
528 1245 550 1288 in
570 1245 596 1288 iis
611 1245 704 1288 citantur
720 1243 893 1296 constitutiones,

195 1330 246 1372 quas
261 1330 285 1358 eo
300 1318 394 1372 tempore
408 1330 451 1358 non
466 1314 571 1358 exstitisse
586 1318 642 1359 certo
657 1318 752 1367 constat3
767 1314 818 1357 adeo
830 1329 894 1371 prope

194 1384 305 1437 accedunt,
318 1385 374 1442 quod
387 1385 414 1428 all
427 1384 508 1441 stylum
522 1400 546 1428 ac
558 1384 668 1429 materiam
682 1384 706 1427 in
720 1385 746 1427 iis
761 1399 813 1441 quae
828 1384 893 1427 inter-

193 1453 266 1510 polata
279 1454 387 1510 leguntur,
399 1455 427 1497 ad
440 1454 553 1511 Epistolas,
566 1470 618 1511 quae
633 1454 682 1498 licet
695 1454 781 1511 Ignatio
796 1453 893 1497 tribuun-

194 1526 237 1576 tur,
248 1522 330 1580 Ignatii
344 1526 417 1567 tamen
431 1539 474 1567 non
489 1526 546 1576 sunt,
556 1523 597 1568 viz.
612 1523 681 1581 Epist.
695 1523 722 1566 ad
737 1523 851 1575 Heronem,
867 1522 894 1565 ad

195 1592 347 1650 Philippenses,
368 1597 390 1637 et
407 1593 434 1637 ad
453 1593 613 1646 Antiochenses,
635 1597 660 1636 ut
677 1593 767 1636 eundem
784 1593 894 1635 authorem

195 1662 307 1705 videantur
322 1663 404 1706 referre.
435 1662 477 1706 His
497 1679 546 1706 sane
564 1663 640 1706 desunt
654 1666 701 1706 tum
715 1662 795 1706 interni
809 1663 893 1706 charae·
952 1705 954 1707 .

195 1735 257 1785 teres,
270 1731 322 1775 dum
336 1747 361 1775 ea
374 1732 398 1775 in
411 1732 437 1776 iis
452 1733 559 1789 leguntur,
572 1748 624 1790 quae
639 1748 706 1789 neque
721 1733 815 1790 Ignatio‚
828 1747 894 1789 neque

195 1799 277 1843 saeculo
288 1800 314 1853 ei,
325 1815 366 1858 quo
376 1815 410 1843 ees
420 1800 525 1858 scripsisse
535 1800 619 1854 dicitur,
630 1801 745 1844 ullomodo
756 1801 893 1852 conveniunt3

195 1873 243 1912 tum
261 1871 348 1913 externa
366 1870 494 1923 testimonia,
514 1886 580 1928 quum
599 1886 661 1914 nemo
680 1871 783 1914 Veterum
803 1871 838 1924 sit,
858 1870 895 1928 qui

196 1954 230 1982 eas
248 1939 282 1982 vel
302 1940 354 1983 citat
368 1940 403 1983 vel
422 1944 531 1994 memorat,
549 1943 586 1983 aut
606 1941 633 1983 ad
652 1940 698 1984 illas
718 1940 781 1984 semel
801 1940 893 1984 alludat:

196 2008 253 2065 quod
267 2023 335 2050 unum
349 2008 427 2052 sufficit
441 2009 467 2052 ad
482 2009 603 2053 elevandam
618 2025 689 2054 earum
705 2010 855 2053 authoritatem
871 2025 894 2052 ac

195 2077 334 2120 authentiam.

227 2146 290 2190 Quod
304 2146 331 2189 ad
345 2147 443 2191 Intcrnos
457 2148 600 2204 Epistolarum
613 2150 639 2192 Β.
651 2149 732 2207 Ignatii
746 2150 881 2192 Characteres
888 2167 894 2200 3

196 2215 304 2273 Epistolae
314 2215 423 2260 Breviores
438 2216 515 2274 ubique
529 2218 644 2276 loquuntur
657 2220 759 2263 Sanctum
769 2219 895 2276 Martyrem,

196 2285 284 2341 plenum
297 2284 383 2341 pietate,
397 2301 421 2328 ac
436 2285 479 2328 zelo
493 2302 541 2329 vere
556 2287 676 2332 Christiano
692 2289 840 2332 exuberantem
848 2305 854 2339 ;
871 2303 895 2330 ao

196 2355 220 2397 in
237 2354 336 2397 omnibus
351 2355 402 2398 satis
417 2356 544 2412 respondent
558 2360 606 2400 tum
621 2358 751 2401 Eusebianae
768 2360 816 2400 tum
832 2358 894 2415 Poly-

197 2425 306 2481 carpianae
320 2439 391 2467 earum
405 2425 545 2482 descriptioni.
574 2427 606 2470 At
616 2428 683 2471 multo
695 2428 756 2471 aliter
766 2443 815 2471 cum
825 2428 895 2471 Inter-

196 2493 273 2552 polatis
284 2498 427 2551 comparatum
437 2494 486 2547 fuit,
496 2494 537 2538 nisi
546 2495 572 2538 iis
582 2495 605 2538 in
614 2496 672 2549 locis,
682 2496 719 2539 ubi
730 2512 774 2539 non
786 2497 896 2539 discedunt

197 2566 224 2609 ab
243 2564 345 2621 Epistolis
365 2565 507 2609 Brevioribus.
543 2566 653 2609 Praeterea
672 2566 690 2609 si
708 2569 777 2610 totam
797 2566 897 2610 orationis

197 2634 272 2678 seriem
285 2651 309 2678 ao
319 2638 426 2679 texturam
440 2636 515 2678 harum
525 2635 667 2692 Epistolarum
682 2640 777 2680 accurate
791 2636 896 2680 examine-

196 2720 251 2758 mus,
261 2705 321 2749 facile
331 2706 446 2750 sentiemus
456 2705 565 2749 Breviores
575 2721 648 2749 verum
659 2721 703 2748 esse
713 2706 786 2749 Sancti
793 2706 897 2763 Martyris

196 2775 291 2820 foetum:
308 2777 348 2820 hae
362 2777 419 2820 enim
434 2776 488 2819 nihil
503 2775 582 2819 habent
597 2790 645 2818 cum
658 2776 756 2832 Epitome
771 2791 881 2821 commuue
889 2796 896 2830 3

197 2846 248 2888 dum
263 2847 333 2891 omnia
347 2847 369 2890 in
384 2847 410 2890 iis
424 2846 489 2905 probe
504 2846 634 2899 cohaereant,
649 2846 762 2903 eademque
776 2846 805 2889 sit
819 2848 896 2905 ubique

196 2930 233 2971 per
247 2919 304 2960 totas
317 2917 424 2974 Epistulas
442 2917 504 2961 facies
522 2915 635 2961 orationis:
658 2916 681 2959 in
696 2916 832 2974 Interpolatis
847 2934 896 2962 vero
