1975 3455
330 221 370 264 DE
385 217 531 262 EPISTULA
545 217 577 260 II.
760 215 803 257 22'5

101 334 186 394 quoda
201 330 274 376 multis
291 328 399 373 evidenter
412 325 454 369 fuit
471 324 592 382 probatum,
606 338 653 367 eam
669 322 737 365 multo
754 323 803 377 post

102 406 224 467 Apostoliea
239 408 335 460 tempora
349 401 418 445 lucem
434 399 517 443 vidisse.
547 395 652 441 Nonnulli
667 409 717 438 saue
736 394 759 436 in
779 409 803 437 ea

101 498 174 528 versus
180 481 288 538 leguntur,
295 481 364 522 aare
371 475 495 534 posteriores
505 472 589 530 seriptis
599 472 688 515 Patrum
699 468 804 526 Sibyllina

101 557 192 601 Oraoula
203 547 317 599 eitantibus
325 543 333 596 :v
346 552 418 610 quales
429 551 452 594 hi
464 550 513 603 duo,

159 679 232 722 Οὐκέτι
241 679 279 733 γὰρ
289 679 342 732 παρὰ
352 681 397 720 σεῖο
407 676 429 719 τὸ
439 678 473 729 τῆς
482 673 640 730 φιλοθρέμμονος
649 673 698 726 ὕλης

159 748 280 804 Παρθενικαὶ
290 751 357 802 κοῦραι
367 750 405 801 τῦρ
415 746 485 790 ἔνθεον
495 745 618 800 εὑρήσουσιν.

100 865 123 907 in
138 861 241 921 Ῥαψῳδία
256 865 335 915 nostra,
350 861 387 905 lib.
405 877 420 905 r
436 865 485 918 post
500 859 594 903 medium
614 859 673 917 [395,
690 857 729 914 6];
750 858 801 898 sunt

100 938 157 982 enim
166 937 193 980 de
202 936 287 980 incenso
293 937 371 980 Vestae
380 936 459 992 templo
469 935 509 979 sub
518 934 583 977 finem
592 932 675 990 imperii
681 930 800 983 Commodi,

100 1011 228 1069 proindeque
238 1025 303 1069 quum
309 1012 354 1068 jam
365 1009 469 1062 lustinus,
476 1009 631 1065 Athenagoras,
641 1011 663 1051 et
672 1005 800 1062 Theophilus

21 1118 23 1121 ψ
100 1085 245 1129 Antiochenus
256 1084 361 1142 Sibyllina
375 1085 398 1127 in
412 1082 558 1127 testimonium
572 1098 609 1140 pro
624 1081 665 1126 fide
679 1080 800 1124 Christiana

99 1161 242 1204 advocassent.
281 1161 314 1204 Αο
335 1159 457 1217 Origeniani
481 1158 589 1216 eujusdam
608 1173 694 1201 manum
718 1156 799 1200 redolet

100 1233 160 1277 Libri
169 1234 185 1277 ii
199 1234 254 1288 finis,
269 1235 327 1293 [ὅρα
342 1236 383 1291 sq]
402 1233 428 1276 erl
446 1248 508 1290 quem
520 1232 646 1276 scholiastes
661 1231 753 1275 Graecus
768 1230 798 1273 sic

98 1311 226 1354 annotabat:

184 1411 248 1468 ψεύδῃ
258 1410 369 1466 προφὰνως·
386 1411 431 1454 οὐδὲ
441 1412 479 1465 γὰρ
489 1409 545 1463 λήξει
554 1411 603 1453 ποτὲ

183 1479 206 1521 τὸ
216 1484 253 1534 τῦρ
264 1479 348 1532 κολάζον
357 1479 402 1525 τοὺς
413 1479 592 1534 κατακεκριμένους.

184 1549 237 1602 κάγὼ
247 1551 285 1604 γὰρ
295 1548 320 1591 br
331 1549 406 1601 εὕξαιμι
416 1547 470 1590 τοῦθ’
482 1549 542 1593 οὕτως
552 1547 613 1604 ἔχειν,

182 1617 250 1662 οὐλαῖς
259 1618 362 1671 μεγίσταις
372 1616 496 1672 σφαλμάτων
507 1615 628 1672 ἐστιγμένος,

182 1687 202 1728 αἱ
211 1687 299 1738 μείζονος
309 1683 402 1740 χρῄζουσι
413 1687 567 1740 φιλανθρωπίας.

182 1753 227 1797 ἀλλ’
239 1754 364 1810 αἰσχυνέσθω
374 1759 487 1810 φληναφῶν
495 1754 608 1811 Ὠριγένης,

181 1824 240 1878 πέρας
249 1823 344 1878 γενέσθαι
353 1827 393 1867 τῶν
403 1823 506 1867 κολάσεων
517 1824 588 1880 λέγων,

96 1932 201 1988 Reoteque
216 1932 364 1989 observat-qui
378 1935 451 1976 nostra
468 1935 536 1976 aetate
551 1933 653 1989 plurimos
666 1932 746 1990 judicio
761 1948 795 1976 su-

60 2013 62 2016 ’
95 2005 184 2062 perurit,
201 2005 307 2049 (isnardus
322 2006 417 2060 Vossius,
433 2007 459 2049 de
475 2007 547 2050 Poetis
562 2006 648 2050 Graeeis
663 2022 707 2063 eap.
723 2007 737 2059 i,
753 2022 796 2050 non

95 2079 201 2123 exstitisse
215 2080 345 2136 tempon'bus
361 2081 442 2123 Justini
456 2081 567 2138 Martyris,
577 2080 667 2134 Tatiani,
681 2081 795 2124 Clementis

95 2154 240 2208 Alexandrini,
253 2156 345 2209 Eusebii,
361 2155 490 2214 aliorumque
504 2158 627 2210 multorum,
637 2172 708 2200 versus
724 2157 794 2214 Sibyl-

94 2229 150 2273 linae
156 2228 290 2274 collectionis
300 2231 351 2274 libi
362 2232 399 2289 [29
401 2233 423 2290 5]
434 2235 456 2275 et
465 2233 502 2275 lib.
509 2233 532 2275 iii
542 2233 603 2290 [760]
614 2233 639 2276 de
648 2233 728 2290 Sibylla
734 2233 794 2276 Noae

94 2309 205 2349 coaetanea
210 2324 217 2359 3
233 2307 402 2364 quandoquidem
418 2323 444 2351 ex
460 2308 543 2351 illorum
556 2309 643 2351 Patrum
659 2308 793 2365 professione,
840 2318 842 2322 ⁴

93 2380 152 2423 nulla
166 2396 178 2423 e
191 2380 278 2438 Sibyllis
291 2382 374 2425 Mosem
389 2383 515 2440 antiquitate
527 2382 638 2439 superavit.
668 2384 702 2426 Ex
716 2384 793 2439 quibus

92 2454 228 2512 intelligitur,
243 2472 287 2500 non
302 2473 369 2501 unum
381 2458 469 2501 Poetam
485 2457 588 2515 Sibyllam
605 2473 627 2500 se
643 2473 686 2500 esse
699 2458 791 2510 finxisse,

92 2529 129 2572 sed
140 2530 217 2586 plures,
228 2531 309 2575 diverso
319 2536 420 2589 tempore,
430 2548 519 2590 quorum
528 2547 600 2575 versus
615 2532 710 2589 disjeetos
723 2547 791 2575 unum

91 2603 114 2646 in
129 2620 204 2662 eorpus
221 2607 376 2651 consarcinator
389 2607 481 2651 ineertus
496 2606 563 2649 multo
575 2609 623 2662 post
635 2606 721 2649 (leuatus
731 2608 789 2662 Apo-

91 2678 156 2721 stolos
171 2681 306 2738 compegerit.

121 2753 184 2798 Quod
199 2759 269 2799 autem
285 2772 297 2799 a
311 2756 406 2814 pluribus
421 2756 559 2807 existimatur,
577 2754 644 2811 primo
665 2755 745 2798 saeeulo
766 2771 790 2799 aa

90 2824 193 2882 prineipio
203 2829 295 2882 secundi,
307 2829 410 2887 Sibyllam
420 2845 432 2872 a
442 2827 567 2872 Christianis
579 2827 718 2884 Seriptoribus
729 2829 790 2872 eitari

91 2900 216 2955 nequivisse,
232 2903 254 2946 id
269 2918 318 2946 vero
333 2919 372 2961 ego
387 2903 474 2955 inficior,
490 2901 604 2945 rationibus
624 2902 727 2946 adductus
747 2919 790 2947 non

88 2975 167 3028 paneis.
199 2977 314 3031 Quoniam,
325 2979 411 3031 soilioet,
422 2979 488 3035 gratis
498 2993 522 3021 aa
534 2978 579 3021 siue
589 2978 726 3023 fundamento
736 2980 790 3024 illud

120 3062 167 3092 voa.
178 3064 194 3093 ι.
519 3065 558 3110 ag
