2061 3403
92 377 176 421 Legitima

91 422 153 457 electos
160 436 180 459 ac
209 452 215 468 ,
235 451 241 469 ,

91 471 136 502 reete
144 470 166 503 ri-

90 517 149 547 ventes
156 514 177 548 de

90 569 160 593 munere

204 160 247 204 162
449 162 470 206 S.
487 161 653 206 estuantis

204 281 357 346 κοιμηθῶσιν,
365 277 517 350 διαδέξονται
529 279 602 350 ἕτεροι
614 277 807 346 δεδοκιμασμένοι
819 277 901 348 ἄνδρες

203 362 247 431 τὴν
268 364 416 436 λειτουργίαν
437 367 523 420 αὐτῶν.
563 363 626 423 Τοὺς
646 365 688 418 οὖν
709 363 901 421 κατασταθέντας

203 474 236 505 υπ
254 451 354 516 ἐκείνων,
368 449 383 519 ἢ
396 449 487 521 μεταξὺ
500 452 540 523 ὑφ’
553 449 636 521 ἑτέρων
647 449 784 519 ἐλλογίμων
797 452 899 521 ἀνδρῶν,

201 535 414 605 συνευδοιοησάσηο
432 541 475 605 τῆς
493 537 620 606 ἐκκλησίας
635 536 726 605 πάσης,
740 539 779 591 καὶ
793 545 899 607 λειτουρ-

201 690 255 731 hibet
272 697 392 731 ΕΔΩΚΑΣΙΝ.
427 691 539 744 Legendum
566 689 663 731 stituendo
679 705 786 732 successore
802 691 901 730 inlocum

201 745 251 786 forte
260 747 328 785 ἔδωκαν,
565 746 578 786 J
579 746 628 786 udae
634 746 738 796 traditoris,
745 759 805 799 quum
810 745 900 798 Apostoli

231 815 247 841 1.
262 800 380 856 κοιμηθῶοιι,]
393 801 538 842 Beatedeiuuc·
566 801 614 841 duos
631 801 780 851 constituissent,
794 801 860 841 fideles
875 815 901 841 ex

201 861 233 897 tos
250 855 333 908 Spiritus
346 856 384 896 Dei
399 857 470 908 passim
482 858 539 896 'vocat
566 870 632 896 corum
650 857 741 896 mandato
758 856 864 908 inquirunt,
881 860 900 896 et

201 913 332 961 κεκοιμημένονς.
349 911 431 952 &Mart
441 911 496 952 xxvii
506 919 537 961 52,
564 913 666 960 Ἐπισκοιιῇ
682 912 764 964 quadam
783 911 900 963 Episcopum

202 965 245 1006 Act.
262 966 290 1006 vii
306 968 338 1014 60,
359 967 370 1005 I
387 966 431 1006 001¹.
446 980 472 1006 xv
489 968 506 1016 6,
526 964 538 1004 Ῑ
565 966 671 1019 designant,
689 968 819 1007 ἐπιοκέιιτοντες
839 967 901 1017 ἄνδρας

202 1021 266 1061 Thess.
282 1021 306 1061 iv.
320 1035 349 1071 13,
363 1030 392 1072 15.
427 1021 455 1061 df.
472 1021 537 1073 ignat.
564 1023 724 1073 μεμαρτυρημένοις.
736 1021 834 1074 Cujusrei,
840 1034 900 1072 quum

201 1077 227 1115 ad
244 1077 300 1116 Rom.
320 1076 330 1127 ξ
348 1089 365 1125 4.
399 1076 431 1116 Sic
449 1076 538 1123 Hermas,
565 1076 627 1116 obiter
635 1077 752 1117 mentionem
762 1076 842 1121 fecisset,
851 1075 900 1116 hanc

202 1131 275 1171 Pastor.
286 1131 327 1170 Iiii
336 1143 353 1180 5,
364 1131 448 1171 ‘Electis
457 1131 495 1170 Dei
504 1130 538 1183 qui
564 1144 641 1171 causam
655 1132 739 1184 assignat
753 1132 777 1173 D.
793 1130 900 1183 Cyprianus

201 1186 348 1226 ‘dormierunt'
385 1185 426 1225 Vix
448 1185 537 1225 dubitant
564 1186 622 1226 modo
631 1187 732 1227 laudatus:
752 1186 856 1226 ‘Hootam
870 1186 899 1225 di-

201 1240 343 1294 Hilgenfcldius
362 1250 381 1281 et
395 1240 472 1293 Lipsius
491 1240 538 1293 quin
566 1240 661 1293 ‘ligenter
681 1246 701 1282 et
719 1246 774 1282 caute
797 1245 900 1281 convocata

200 1297 303 1345 κοιμηθιῖισιν
317 1296 342 1335 ad
355 1298 395 1335 τοὺς
407 1297 538 1346 προειρημένους
565 1298 621 1336 ‘tota
634 1296 690 1349 plebe
703 1297 809 1349 gerebatur,
819 1309 843 1335 ne
857 1296 899 1348 quis

200 1351 302 1403 pertineat,
311 1364 350 1390 non
359 1352 383 1390 ad
392 1349 501 1403 Apostolos.
565 1354 570 1372 ‘
579 1351 604 1389 ad
613 1351 678 1391 altaris
688 1351 821 1401 ministerium,
830 1351 861 1391 vel
875 1351 900 1390 ad

227 1406 252 1446 ib.
263 1407 401 1455 δεδοκιμασμένοι
410 1403 477 1459 ἄνδρες]
490 1418 537 1457 pro·
564 1406 715 1446 ‘sacerdotalem
729 1406 793 1446 locum
809 1405 899 1457 indignus

201 1460 246 1510 buti,
255 1461 333 1510 scilieet,
342 1461 373 1501 uti
381 1460 463 1509 videtur,
473 1474 485 1499 a
494 1459 537 1513 spi·
564 1464 569 1483 ‘
579 1461 691 1513 obreperet'
719 1461 752 1501 Ita
761 1465 780 1501 et
787 1460 900 1500 Timotheus

200 1516 240 1555 ritu
254 1516 329 1556 Sancto.
358 1515 408 1556 Vide
421 1529 479 1568 supra
489 1516 498 1567 ξ
509 1528 534 1563 42
563 1530 575 1555 a
590 1515 612 1556 Β,
625 1516 685 1555 Paulo
699 1516 828 1565 ordinabatur,
841 1515 899 1568 siqui-

200 1573 320 1620 δοκιμάσαντες
330 1575 354 1623 τῷ
363 1571 453 1620 Πνεύματι.
563 1571 607 1610 dem
620 1572 728 1621 ἐμαρτυρεῖτο
741 1574 775 1610 ὑπὸ
787 1576 820 1609 τῶν
833 1572 851 1608 ἐν
864 1571 898 1609 Λύ-

229 1640 245 1666 2.
258 1623 481 1679 κατοσταθένταοιι.τ.λ.]
499 1625 536 1664 Lo·
563 1642 622 1676 (τι-μοις
631 1628 658 1665 καὶ
666 1627 729 1678 Ἰκονίῳ
740 1627 826 1676 ἀδελφῶν.
854 1623 898 1665 Act.

200 1694 238 1730 cus,
248 1680 264 1721 si
273 1682 316 1733 quis
325 1681 379 1730 alius,
387 1681 473 1733 apprime
482 1679 536 1720 utilis
563 1680 601 1720 xvi.
626 1680 691 1721 Verba
705 1680 800 1733 Origenis,
809 1681 845 1720 hac
858 1680 899 1732 ipsa

200 1736 225 1774 ad
240 1736 387 1789 intelligendum
401 1749 450 1787 quae
465 1735 537 1774 fuerint
563 1736 584 1775 in
597 1750 623 1786 re,
633 1735 692 1775 Hom.
703 1735 723 1775 vi
735 1736 755 1774 in
765 1735 825 1775 Levit.
839 1735 898 1787 [Opp.

200 1794 265 1843 partes
278 1791 330 1831 Cleri
344 1795 363 1831 et
377 1790 476 1840 Plebis,in
488 1789 535 1842 Epi·
562 1791 577 1830 ii
592 1804 611 1843 p.
629 1792 667 1829 216
686 1791 714 1830 ed.
731 1788 813 1844 Bened]
831 1790 900 1842 legisse

200 1859 302 1898 scaporum
319 1845 444 1885 ordinatione.
478 1847 534 1883 Κοτά-
562 1845 643 1885 minime
657 1846 737 1898 pigebit,
756 1845 789 1898 qui
804 1845 837 1894 ait,
854 1848 899 1884 ‘re-

201 1917 263 1940 οτοσις
276 1901 301 1940 ad
311 1900 414 1952 Apostolos
428 1905 447 1940 et
456 1900 535 1951 Episco-

200 1969 241 2009 pos,
265 1957 384 2003 ουνεοδόκηοιο
411 1956 435 1994 ad
458 1955 536 1994 Plebem

201 2010 304 2062 spectabat,
336 2010 384 2049 Rem
399 2010 471 2061 optime
485 2010 537 2048 illus-

200 2069 241 2105 trat
250 2064 272 2104 B.
283 2064 396 2117 Cyprianus,
405 2065 467 2116 Epist.
476 2063 536 2112 lxviii,

204 2118 266 2174 [lxvii
279 2133 298 2171 p.
310 2128 346 2169 172
362 2118 390 2158 ed.
401 2119 495 2168 .Ἐό11,]-ζ
502 2118 537 2156 Di-

201 2175 298 2227 ‘ligenter
312 2174 336 2213 de
345 2174 456 2214 Traditione
467 2173 538 2213 Divina

201 2226 236 2270 ‘et
258 2228 373 2282 Apostolica
400 2228 538 2268 Observatione

200 2285 331 2325 ‘servandum
347 2288 376 2324 est
392 2288 411 2323 et
427 2283 537 2331 tenendum,

564 1901 630 1952 ‘quiri
645 1900 666 1939 in
681 1901 787 1940 ordinando
802 1900 900 1939 sacerdote

564 1955 705 2007 ‘praesentiam
718 1955 791 2008 populi,
802 1959 825 1995 ut
838 1955 900 1995 sciant

579 2023 645 2050 omnes
659 2015 679 2049 et
690 2011 738 2050 certi
752 2011 795 2059 sint,
808 2009 853 2061 quia
866 2010 900 2061 qui

564 2065 707 2116 ‘praestantior
721 2069 749 2104 est
761 2078 785 2104 ex
799 2064 851 2103 omni
864 2078 899 2116 po·

565 2123 570 2141 ‘
579 2120 630 2171 pulo,
638 2120 672 2171 qui
681 2119 760 2169 doctior,
769 2119 802 2171 qui
811 2119 899 2169 sanctior,

565 2174 612 2225 ‘qui
628 2175 649 2213 in
662 2174 715 2214 omni
728 2175 800 2215 virtute
815 2173 899 2214 eminen-
949 2174 951 2178 '

565 2229 623 2278 ίοἱον,
636 2229 669 2268 ille
683 2229 760 2282 eligitur
775 2229 800 2268 ad
813 2229 899 2281 sacerdo-

566 2287 571 2306 ‘
580 2284 629 2323 tium
636 2298 642 2334 3
652 2289 671 2324 et
680 2285 716 2324 hoc
725 2285 813 2325 adstante
821 2284 898 2336 populo,

200 2343 205 2362 ‘
215 2340 267 2393 quod
276 2340 328 2393 apud
336 2353 372 2379 uos
381 2351 457 2391 quoqne
470 2342 489 2377 et
498 2338 537 2378 iere
566 2346 570 2362 ‘
580 2352 604 2378 ne
613 2353 650 2391 qua
658 2340 781 2392 postmodum
787 2339 899 2379 retractatio

201 2398 206 2417 ‘
215 2410 249 2448 per
258 2396 356 2435 universas
367 2393 474 2447 provincias
483 2397 536 2433 tene·
566 2397 571 2416 ‘
580 2394 667 2446 cuipiam,
677 2409 701 2434 ne
711 2395 753 2447 quis
762 2395 862 2447 scrupulus
870 2408 899 2434 re·-

201 2454 252 2500 ‘tur,
268 2455 291 2491 ut
309 2450 334 2490 acl
352 2449 482 2489 ordinationes
500 2447 537 2487 rite
566 2449 661 2489 ‘sideret’
676 2450 717 2490 Iste
726 2455 791 2490 autem
799 2449 860 2502 plebis
870 2454 899 2490 est

201 2506 343 2554 ‘celebrandas
358 2505 383 2544 ad
401 2518 444 2543 eam
461 2503 537 2555 plebem
565 2517 656 2554 assensus,
666 2519 723 2557 quam
733 2505 865 2545 Theodoretus
878 2505 899 2543 in

200 2562 246 2600 ‘cui
252 2561 372 2613 praepositus
380 2559 485 2607 ordinatur,
491 2557 537 2610 Epi·
565 2572 620 2598 eausa
635 2560 692 2609 Petri,
711 2560 823 2600 successoris
838 2559 899 2599 Atha-

201 2620 205 2638 ‘
215 2616 267 2669 scopi
277 2616 362 2668 ejusdem
373 2614 483 2668 provinciae
492 2626 536 2665 pro·
564 2614 617 2663 nasii,
631 2615 651 2653 iv
663 2628 694 2665 ao,
707 2615 803 2664 describit,
812 2615 864 2667 quod
877 2615 898 2654 in

201 2671 343 2724 ‘ximiquique
352 2670 472 2713 conveniant,
481 2674 500 2708 et
510 2668 535 2707 E·
564 2669 597 2708 illo
616 2673 625 2707 ὁ
643 2672 684 2710 λαὸς
698 2673 742 2710 ἅπας
757 2674 793 2709 τοῖς
809 2670 898 2721 εὐφημίαις

201 2726 303 2778 ‘piscopus
313 2726 408 2778 deligatur
416 2725 472 2778 plebe
481 2736 535 2776 prae·
564 2724 746 2774 ἐδηλουντὴνὴδονὴν.
774 2725 799 2763 In
813 2724 898 2764 Ecclesia

201 2785 205 2803 ‘
215 2785 274 2830 sente,
284 2795 333 2833 quac
346 2781 466 2834 singulorum
476 2780 537 2819 vitam
563 2783 629 2818 nostra
637 2780 742 2820 etiamnum
751 2780 868 2832 requiritur3
878 2784 898 2819 et

200 2836 323 2888 ‘plenissime
337 2837 397 2880 novit,
412 2841 432 2876 et
447 2835 536 2874 uniuscu-
563 2837 609 2874 ante
621 2834 699 2875 collatos
709 2836 854 2887 Presbyteratus
867 2848 897 2873 or·

200 2892 282 2944 ‘jusque
291 2896 356 2931 actum
368 2893 392 2931 de
403 2892 444 2944 ejus
458 2904 536 2930 conver·
563 2889 617 2929 dines
634 2890 655 2928 in
673 2891 746 2931 solenni
762 2890 836 2938 Officio,
851 2889 897 2928 allo-

200 2946 407 3000 ‘sationeperspexit’
421 2946 535 2987 Itainsub-
563 2944 615 2984 cutio
624 2944 648 2984 ad
657 2945 732 2997 plebem
741 2946 827 2985 habetur.
855 2944 898 2983 Nec
