2061 3403
198 156 226 198 lo
428 154 450 197 S.
464 152 637 198 OLEMEN'PIS

197 277 212 302 ‘⁶
224 269 263 322 καὶ
273 267 547 340 μελαυῶτεραισαίκκου,
561 273 599 324 καὶ
615 269 776 340 έπιοτραφῆτε
791 265 896 338 πρόςμε

197 363 212 389 “
223 354 253 426 ἐξ
270 354 329 423 ὅλης
346 358 390 423 τῆς
405 358 510 426 καρδίας,
528 357 567 410 καὶ
584 355 671 424 ε’ίπητε,
687 353 775 426 Πότερ,
792 353 894 409 ἐπακού-

198 450 212 476 “
224 465 298 511 σομαι
311 444 386 510 ὑμῶν,
400 445 432 501 ὡς
444 449 506 497 λαοῦ
518 443 612 513 ἁγίου.”
652 444 700 498 Καὶ
712 445 737 496 ἐν
748 440 817 514 ἑτέρη
829 439 896 513 τόπερ

196 528 261 597 λέγει
280 528 360 595 οὕτως,
375 527 533 583 ((Λοόσασθε
549 531 587 583 καὶ
603 529 702 598 καθαροὶ
717 525 821 596 γένεσθε,
836 525 894 599 αἰφέ-

197 623 212 647 “
224 618 297 669 λεσθε
308 613 351 673 τὰς
363 615 478 685 πονηρίας
490 614 538 670 ἀπὸ
551 620 598 669 τῶν
608 619 695 688 φυχῶν
705 616 776 680 ὑμῶν,
784 611 895 668 ἀπέναντι
905 625 917 667 5

198 709 212 734 “
223 707 271 755 τῶν
283 703 418 775 ὀφθαλμῶν
430 719 484 770 μου·
502 700 631 778 παύσασθε
649 701 697 756 ἀπὸ
715 705 763 755 τῶν
778 703 897 770 πονηριῶν

198 796 212 819 “
225 789 300 854 ὑμῶν,
314 789 400 855 μάθετε
412 787 489 843 καλὸν
500 794 583 852 ποιεῖν,
596 787 737 857 ε’κζητήσατε
749 787 837 857 κρίσιν,
851 784 894 858 ῥό-

198 882 212 907 “
224 879 304 929 σασθε
322 875 484 943 ἀδικούμενον,
499 876 591 946 κρίνατε
608 877 714 947 ὀρφανῷ,
729 876 784 946 [dal
801 871 894 927 δικαιῶ-

198 969 212 993 “
225 984 285 1015 σατε
300 961 371 1033 χήρᾳ,
386 963 424 1016 καὶ
442 964 506 1015 δεῦτε
522 964 562 1015 καὶ
573 961 805 1034 γ[[δι]ελεχθῶμεν)η,
820 958 893 1028 λέγει·

199 1057 212 1081 “
226 1051 264 1103 καὶ
288 1046 329 1102 ε’διν
350 1047 411 1102 ῶσιν
431 1050 471 1120 [αἱ]
492 1049 603 1118 ἁμαρτίαι
628 1050 693 1115 ὑμῶν
713 1049 744 1105 ῶς
765 1051 894 1119 φοινικοῦν,
907 1071 931 1098 10

200 1143 214 1168 ‘⁶
227 1137 275 1207 [ὡς]
288 1134 357 1207 χιόνα
375 1139 491 1188 λευκανῶ·
510 1133 552 1188 ε’διυ
566 1133 591 1188 δὲ
606 1132 667 1189 ῶσιν
681 1137 713 1191 ὡς
732 1132 849 1199 κόκκινον,
864 1134 905 1211 ὡς

200 1222 289 1292 ιίέριον
307 1224 421 1275 λευκανῶ
447 1222 485 1273 καὶ
505 1218 546 1274 ἐὰν
565 1219 656 1288 θέλητε,
679 1221 718 1274 καὶ
741 1218 900 1288 εἶσακοθσητέ

200 1316 214 1340 “
225 1331 280 1375 μου,
292 1305 322 1361 τὰ
334 1305 413 1375 οἷγοθδι
426 1308 469 1373 τῆς
480 1309 524 1374 γῆς
537 1304 653 1378 φοίγεσθε·
669 1305 710 1359 ε’διν
723 1305 746 1359 δὲ
758 1304 791 1374 μὴ
804 1305 895 1374 θέλητε,

198 1402 214 1427 “
224 1391 283 1462 μηδὲ
294 1391 453 1460 εὶσακοόσητέ
463 1415 517 1460 μου,
531 1390 637 1463 μάχαιρα
649 1393 710 1459 ὑμᾶς
721 1391 848 1446 κατέδεται·
868 1390 897 1446 τὸ

199 1488 213 1512 “
225 1479 273 1551 γὰρ
283 1477 363 1546 στόμα
377 1478 467 1549 Κυρίου
479 1477 600 1546 ἐλάλησεν
611 1476 707 1532 ταῦτα.”
745 1475 843 1535 Πάντας
855 1477 897 1531 οὖν
908 1497 932 1538 15

198 1564 253 1624 τοὺς
272 1563 410 1635 ἁγαπητοδς
429 1566 501 1619 αὑτοῦ
521 1564 668 1632 βουλόμενος
687 1563 812 1632 μετανοίας
826 1587 897 1631 μετα-

126 1717 127 1720 ¹
198 1658 274 1726 σχεῖν,
283 1650 393 1724 ἐστήριξε
402 1654 436 1725 τῷ
448 1653 655 1724 παντοκρατορικῲ
667 1649 803 1720 βουλήματι
815 1651 896 1705 αὑτοῦ.

199 1821 287 1862 Olemens
300 1826 366 1861 autem
375 1821 430 1862 Alex.
443 1822 533 1874 [Peedeg.
561 1821 618 1869 mine,
635 1821 687 1874 quod
702 1820 724 1869 is,
740 1820 825 1873 Joeepho
841 1825 896 1870 teste,

198 1876 248 1926 110,
263 1890 282 1928 p.
295 1885 331 1926 151
344 1877 374 1917 ed.
390 1877 471 1927 Poetae]
487 1877 534 1916 ciheh
562 1875 638 1928 [Aneiq.
648 1890 662 1915 x
672 1877 699 1926 5‚]
714 1876 821 1928 seripseneh,
836 1876 896 1928 quod-

198 1931 245 1971 heec
262 1931 305 1984 ipse
322 1932 381 1972 verbe
399 1945 424 1971 ex
438 1931 534 1984 Propheta
561 1944 598 1983 que
613 1931 664 1971 inter
678 1930 794 1983 Apocryphe
811 1935 897 1971 recenset

198 1986 267 2026 Enech.
277 1991 301 2035 Τῇ
311 1988 330 2025 δὲ
338 1988 435 2037 παραμυθίᾳ
443 1990 537 2037 παρηγορεῖ
563 1985 897 2038 SynopsieAthenoeiene,velpohius

197 2044 219 2080 τὰ
233 2042 347 2091 ἁμαρτήματα·
362 2046 413 2091 μειῶν
421 2043 452 2091 μὲν
460 2043 490 2090 τὴν
499 2043 534 2080 ἐπι·
562 2041 675 2080 Eusehiene.
702 2040 734 2080 Sic
749 2041 822 2080 Esdree
833 2041 897 2080 locum

198 2098 264 2145 θυμίαν,
274 2098 309 2145 ἅμα
318 2099 336 2135 δὲ
350 2099 378 2135 καὶ
390 2098 452 2135 ἐλπίδα
463 2097 536 2136 ἐνδιδοὺς
563 2095 628 2135 laudae
641 2095 730 2135 Jusllnus
742 2095 769 2136 M.
781 2095 802 2135 in
814 2096 897 2148 Dialogo

198 2154 223 2191 εἷς
239 2154 328 2202 σωτηρίαν·
343 2153 389 2202 φησὶ
402 2153 435 2201 γὰρ
446 2152 474 2189 διὰ
486 2152 535 2198 'lese
563 2163 607 2189 cum
621 2150 728 2203 lephone,
746 2151 797 2203 apud
815 2151 897 2191 Lactan-

198 2209 242 2254 κίηλ·
265 2206 307 2245 Ἐὰν
323 2207 441 2257 ἐπιστραφῆτε
459 2207 479 2253 ἐξ
496 2206 536 2254 όλης
563 2205 612 2244 ilum
635 2206 704 2245 Latine
724 2219 806 2255 versum,
826 2206 846 2246 lv
866 2209 897 2256 18,

198 2265 228 2310 τῆς
246 2262 321 2312 καρδίας,
341 2263 368 2300 καὶ
391 2260 452 2309 εἴπητε,
471 2262 534 2311 Πάτερ,
563 2273 620 2312 quem
636 2260 656 2299 in
672 2260 731 2301 Godd.
747 2261 818 2301 nostris
835 2261 896 2301 incas·

198 2316 293 2364 ἀκούσομαι
315 2318 361 2365 ὑμῶν
379 2318 402 2355 ὡς
419 2319 463 2353 λαοῦ
481 2317 535 2366 ἁγίου.
563 2328 606 2355 eum
621 2329 705 2367 quaeres.
733 2315 799 2356 Alium
814 2316 861 2356 citae
873 2330 898 2356 ex

198 2372 220 2412 Si
234 2370 276 2423 quis
290 2370 351 2424 igitur
359 2370 407 2410 velih
417 2370 463 2409 haee
475 2370 536 2422 petilo
563 2369 660 2422 Sophonie
669 2371 757 2411 Clemens
762 2371 817 2411 Alex.
825 2371 896 2411 Senem.

197 2426 256 2466 luisse
280 2440 305 2466 ex
327 2425 445 2478 Apoerypho
472 2424 536 2477 aliquo
563 2438 580 2474 v,
593 2426 642 2476 [he.
653 2426 673 2464 ni
686 2426 747 2475 fallor,
756 2426 818 2476 iii12,
828 2440 846 2478 p.
858 2436 898 2476 550

198 2480 304 2521 Ezechielis
318 2481 374 2531 libro,
391 2481 453 2520 nullae
470 2485 536 2520 contre
563 2480 592 2519 ed.
600 2480 682 2531 Pohlen]
690 2481 724 2533 qui
733 2482 754 2520 in
761 2482 802 2534 ejus
807 2481 898 2521 vaticinio

198 2537 253 2576 illum
269 2537 313 2576 lites
327 2536 414 2585 movebo,
427 2548 489 2588 quum
502 2535 536 2574 du·
563 2548 601 2573 non
610 2541 713 2587 comperet.
740 2536 799 2575 Hunc
808 2537 897 2589 desump-

199 2592 246 2631 ‹lum
253 2592 359 2631 observenie
366 2590 453 2639 Phellos,
461 2591 488 2629 ὅτι
493 2590 536 2640 ῥητά
563 2593 605 2628 eum
615 2603 655 2630 esse
664 2590 750 2642 suspicor
759 2604 783 2630 ex
791 2591 898 2643 Sophoniee

198 2663 235 2685 τινα
244 2649 266 2687 ὡς
275 2648 309 2686 ἀπὸ
317 2651 347 2695 τῆς
356 2648 402 2685 θείας
412 2648 482 2697 γραφῆς
491 2646 535 2692 ξἐνί-
564 2644 672 2697 Prophetia,
677 2646 709 2685 vel
717 2645 838 2698 Apocalypsi,
848 2647 899 2686 luter

199 2705 248 2749 ζοντα
257 2705 362 2753 παρεισάγει·
377 2704 401 2741 ὢν
409 2702 449 2740 οὐδὲ
458 2702 468 2749 ἡ
477 2702 536 2750 πρώτη
564 2699 632 2739 Libros
647 2698 773 2753 Apocryphos
787 2706 898 2752 memorate,

199 2757 298 2805 ἀπήλλακτο
325 2760 418 2796 παντελῶς.
452 2753 534 2795 WOTT.
563 2753 584 2793 in
598 2753 675 2795 Oenone
689 2754 898 2808 ScripturerunnNiee-

199 2811 262 2851 Locus
275 2812 308 2851 ille
322 2812 427 2851 Ezechielis
438 2811 469 2851 vel
483 2810 536 2849 deest
564 2809 624 2862 phere
644 2810 764 2851 Petrienehee
788 2812 844 2852 OPol.
864 2812 899 2853 tri-

199 2866 283 2906 inlibris
294 2867 369 2916 nostris,
379 2867 410 2908 vel
424 2867 536 2918 desumptus
563 2865 616 2910 bulo,
634 2869 654 2905 eh
669 2865 689 2904 in
708 2865 752 2906 MS.
769 2866 900 2908 Bibliothecae

199 2926 229 2962 est
243 2936 268 2963 ex
284 2922 344 2963 altero
359 2921 466 2963 Ezechielis
481 2921 535 2961 volu·
564 2920 695 2961 Beroceienee.
717 2921 815 2963 00LOM.
853 2922 900 2964 Non
