1975 3455
326 214 471 280 uersuum
486 236 518 291 11,
529 237 550 279 u.
750 238 793 281 eeu

129 356 163 407 ΙΙ,
181 356 288 406 Laetare
304 353 402 412 sterilis,
417 370 480 419 qaae
497 370 546 402 aaa
558 351 642 419 paris,
654 369 755 419 erumpe
772 363 793 404 et
802 366 897 420 nauum.

95 435 183 493 clama,
191 450 254 499 quae
262 449 311 481 auu
319 431 452 498 parturis:
466 430 527 496 qaia
535 430 669 496 maltifib'r'
677 430 793 491 desertae,
802 410 839 444 (Μ’
848 422 865 444 w
873 420 898 453 η’

95 510 177 578 mapis
188 528 264 577 quara
275 510 326 577 ejas
342 527 406 576 qaae
420 509 490 559 tabet
507 508 596 559 ciram.
631 508 705 571 Quod
722 508 793 568 diunt,

94 591 201 641 Laetare
212 587 304 639 sterilis
315 604 378 654 qaae
389 606 439 638 noa
451 586 535 653 parte,
546 605 591 637 nos
605 586 685 647 dixit5
704 586 793 637 sterilis

94 668 185 736 quippe
197 673 251 717 erat
261 666 370 717 Ecclesia
387 672 476 726 nostru,
488 672 546 716 unte
560 684 635 733 quum
646 665 700 716 dati
711 672 793 716 essent

94 747 116 796 ei
127 745 202 796 liberi.
238 745 310 808 Quod
321 762 379 795 vero
392 745 463 804 dixit,
477 744 573 804 Glaeba,
586 762 649 811 quae
666 762 715 794 nou
728 763 792 812 par-

94 824 163 884 turis,
181 825 226 875 hoc
245 823 312 883 dicit,
332 830 361 873 ut
383 842 466 891 preces
483 830 580 874 nostrus
600 823 743 890 simpliciter
761 821 793 874 ad

95 903 177 953 Deum
196 902 352 969 perferamus,
371 921 458 970 neque,
475 909 506 952 ut
520 902 686 969 parturientes
706 902 791 962 solent,

93 980 258 1031 vociferemur.
293 981 365 1043 Quod
382 987 465 1031 autem
482 981 552 1040 dixit,
570 979 638 1042 Quia
654 981 727 1031 malti
735 980 793 1048 flat

93 1058 209 1118 desertae,
218 1059 299 1125 trapis
311 1076 386 1126 quara
398 1060 448 1127 aas
460 1077 523 1126 qaae
533 1060 604 1110 habet
612 1059 702 1119 utram,
714 1079 790 1127 quan-

92 1137 224 1204 doquidem
240 1138 345 1206 populus
363 1145 446 1189 noster
463 1139 575 1189 desertus
592 1157 645 1189 esse
660 1138 790 1190 videbatur

93 1223 118 1266 et
126 1217 179 1267 Deo
191 1217 306 1278 orbutus;
318 1236 383 1267 nunc
391 1236 449 1268 vero
460 1235 537 1284 quum
547 1218 700 1276 credidimus,
707 1218 789 1284 plures

91 1294 150 1345 facti
161 1312 246 1345 sumus
256 1295 286 1345 iis
298 1296 340 1363 qui
349 1296 430 1346 Deum
441 1296 529 1351 habere
540 1296 707 1346 censebantur.
731 1296 788 1346 Alie

93 1470 189 1510 ‘clamere
204 1471 344 1523 praecipimur3
358 1472 426 1511 deinde
456 1481 499 1523 195,
513 1472 539 1511 vii
551 1480 594 1522 195,
608 1472 661 1523 qaod
674 1471 748 1510 adtinet
761 1472 789 1511 ad

94 1526 160 1577 ‘quod
169 1525 272 1565 antithesin
281 1540 314 1566 sen
324 1526 426 1579 oppositio·
452 1528 521 1567 Deura.
535 1526 578 1565 Vid.
585 1525 675 1566 Abresch.
682 1525 786 1565 Animudv.

93 1584 152 1619 ‘nem
171 1580 260 1631 instituit,
277 1594 333 1634 quum
352 1582 427 1622 diverse
453 1582 473 1621 in
482 1581 604 1633 Aeschylum,
613 1593 631 1633 p:
643 1582 688 1631 613.

93 1635 225 1675 ‘constructio
243 1637 345 1675 verborum
363 1638 426 1687 ἆναφέ-
482 1638 599 1676 rametam
613 1638 702 1687 ἐγενόμεθα
716 1641 749 1673 τῶν
758 1638 787 1674 δα·

93 1692 143 1739 ‘perr
152 1694 172 1730 et
184 1693 277 1739 ἒκκακῶμεν
285 1705 318 1731 seu
332 1694 426 1742 ἐνκακῶμεν
452 1692 532 1742 rosinae]
553 1691 585 1731 Ita
602 1691 682 1743 loquens
698 1703 718 1730 se
735 1690 786 1730 Gen·

93 1746 147 1784 ‘non
162 1745 247 1797 patitur.⁵
275 1746 347 1786 Locum
363 1746 425 1798 Hcsy-
451 1746 506 1786 tilem
526 1745 604 1794 indicat,
627 1759 666 1784 non
683 1745 785 1785 Judaeum.

92 1798 182 1839 chienum
195 1813 207 1839 a
221 1801 313 1841 Wottcno
329 1801 425 1853 prolatum
452 1800 543 1841 OOUST.
571 1799 609 1855 [of.
619 1813 677 1852 supra
685 1804 753 1840 notatu
762 1801 786 1840 cd

93 1858 202 1907 suspectum
211 1855 269 1895 hahet
277 1855 382 1905 Albutius,
392 1856 425 1908 qui
452 1855 559 1908 Epistolum
572 1856 662 1908 priorem,
677 1855 716 1906 ὃν,
730 1869 749 1907 p.
761 1869 786 1894 20

93 1908 211 1949 Clementem
229 1915 316 1950 nostrum
334 1925 358 1950 ex
381 1925 425 1951 con·
452 1910 464 1949 l.
477 1912 518 1961 13,]
547 1910 578 1949 Ex
592 1910 621 1949 his
634 1910 698 1950 verbis
712 1910 786 1962 colligit

89 1963 165 2015 jecturu
184 1978 252 2017 parum
274 1965 324 2005 felici
347 1966 425 2018 corrigit
452 1965 786 2005 Hrenemaauaoremeodemum

92 2020 191 2068 ἐκκαλῶμεν.
221 2019 274 2060 Sicut
289 2025 308 2060 et
323 2021 375 2072 apud
389 2020 425 2060 Po·
452 2025 538 2073 tempore
551 2020 627 2069 vixisse,
641 2034 679 2072 quo
694 2019 787 2060 Christic-

91 2073 170 2124 lybium,
185 2074 215 2113 IV
230 2075 265 2114 xix
280 2089 309 2125 10,
323 2076 425 2128 legendum
452 2075 525 2115 nismus
541 2076 592 2116 inter
608 2075 680 2115 Gentes
697 2088 786 2115 numero-

91 2133 155 2168 censet
165 2129 265 2170 Ernestins
279 2132 381 2180 ἐξεκὰκησαν
388 2144 424 2183 pro
451 2130 537 2170 sissimus
555 2135 596 2170 emt
613 2144 671 2182 supra
687 2130 771 2169 ludaeos
779 2144 784 2178 ;

91 2184 196 2233 ἐνεκάκησαν.
243 2200 246 2207 ’
451 2186 503 2237 quod
525 2185 609 2238 quidem,
627 2185 696 2237 inquit.
715 2186 786 2224 rectius

120 2251 150 2278 11.
161 2241 197 2278 ἐπεὶ
206 2242 266 2290 ἕρημος
275 2238 336 2294 ἐδόκει]
350 2240 425 2280 Boisius
452 2251 510 2292 quam
523 2241 543 2280 in
556 2240 665 2289 Clementis,
675 2240 756 2292 quadret
764 2241 785 2278 in

91 2292 196 2346 interponit
212 2299 262 2334 τοῦτο
278 2298 330 2346 λέγει,
342 2299 364 2334 ut
380 2308 425 2334 con·
452 2295 528 2347 Trajuni
541 2300 560 2335 et
569 2295 690 2347 sequentium
699 2294 784 2347 Impera-

91 2348 148 2388 nexio
167 2349 230 2401 aptior
248 2349 287 2399 sit3
307 2355 328 2389 at
344 2350 424 2389 Photius
451 2355 516 2389 torum
525 2355 616 2402 temporo,
624 2350 693 2402 quibus
700 2349 784 2388 Ecclesia

91 2403 157 2443 multis
170 2404 239 2443 abhinc
248 2406 327 2445 saeculis
337 2406 424 2445 observa·
452 2405 544 2445 (lentium
557 2406 613 2456 longe
627 2406 702 2456 lateque
714 2417 782 2455 propu-

90 2457 123 2507 vie,
133 2460 186 2510 quod
198 2459 269 2500 frustm
279 2460 300 2499 in
308 2460 338 2499 his
348 2460 425 2512 Episto-
450 2465 496 2512 gnte
505 2465 538 2499 est.
554 2459 605 2509 Quid
614 2459 679 2498 multis
688 2472 736 2510 opus
743 2460 782 2498 estl

90 2512 114 2551 lis
123 2527 198 2566 semper
209 2519 274 2566 aptam
286 2516 424 2555 connexionem
451 2515 521 2555 Nonne
543 2514 613 2553 Puulus
639 2514 664 2552 cd
687 2513 783 2552 Romanos

90 2569 198 2618 quaesieris,
216 2583 276 2621 quum
293 2573 314 2608 τὰ
332 2573 350 2608 ἐν
366 2573 423 2610 αὐτοῖς
449 2570 538 2618 scribens,
556 2570 627 2621 gr'utius
646 2568 688 2606 Deo
708 2568 781 2619 egebat,

90 2624 163 2671 νοήματα
185 2626 274 2674 ἐρριμμένα
292 2642 333 2673 πως,
353 2628 380 2664 καὶ
402 2627 423 2663 οὗ
449 2625 500 2677 quod
516 2624 562 2662 fides
577 2636 643 2662 eorum
657 2623 782 2662 annuntiaba-

90 2682 153 2728 συνεχῆ
167 2681 197 2728 τὴν
205 2680 306 2718 ἀκολουθίαν
314 2683 380 2730 ὑπῆρχε
388 2683 423 2730 φα·
449 2684 481 2719 tur
490 2680 513 2718 ta
521 2679 610 2718 aniverso
619 2677 692 2716 maudo
701 2679 709 2716 l
723 2675 738 2731 [i
751 2675 778 2732 8.]

88 2734 176 2774 λείποντα,
188 2734 269 2775 WOTT.
299 2735 336 2774 Pro
345 2737 379 2774 ἀπό
387 2735 422 2774 Jn-
449 2735 519 2774 Nonne
533 2733 607 2773 dicebat
620 2733 643 2771 ire
656 2745 731 2771 araneae
745 2739 781 2771 ter-

89 2786 268 2841 niuseconjectura
274 2790 356 2843 margini
363 2804 422 2842 eppo·
448 2803 492 2828 rara
510 2788 577 2827 exiisse
595 2800 662 2826 sonum
678 2785 780 2838 Apostolo-

87 2841 117 2882 nit
128 2845 173 2882 ἄνευ.
200 2844 228 2885 At
241 2845 288 2884 nihil
302 2846 420 2885 mutandum.
449 2857 497 2892 rum,
514 2848 534 2883 et
549 2843 569 2881 in
583 2842 635 2893 fiaes
651 2841 701 2880 orbeis
720 2848 781 2881 terrae

89 2896 306 2950 Praepositioenmdem
314 2900 354 2940 rim
367 2901 422 2940 forsi-
449 2899 507 2938 verba
515 2897 628 2946 eorumt[x
640 2898 680 2946 18.]
709 2896 781 2936 Nonne

88 2955 120 2994 tan
135 2953 172 2992 hcc
186 2954 228 2994 loco
244 2955 301 2995 habet
315 2969 353 3007 que
368 2955 420 2994 inve·
449 2954 512 2993 Deum
520 2952 698 3004 glorificuhstquod
708 2957 780 3004 myste-

88 3007 140 3046 nitur
154 3009 205 3061 apud
219 3010 345 3060 Herodotum,
359 3010 419 3060 iv13,
448 3009 498 3048 rium
507 3007 625 3060 temporibus
639 3006 721 3046 aeternis
734 3009 780 3048 tuci-

114 3085 160 3115 ron.
172 3086 187 3115 1.
479 3086 495 3115 u
505 3072 520 3115 h
