2017 3420
169 214 197 257 26

165 332 216 383 ’Άρτι
225 332 343 381 διαδεξαμένου
353 334 384 382 τήν
392 333 477 384 Ῥωμαίων
485 334 539 384 ἀρχήν

196 386 308 439 Mart.Ign.
322 399 337 426 1.

164 441 233 493 Ἀρτος.
248 445 332 491 λαμβάνει
340 444 370 482 τὸν
380 443 432 493 ἄρτον
440 448 471 482 ταῦ
482 445 537 494 έρηου.

196 497 256 537 Olem.
270 497 281 536 I
293 511 325 548 34.
345 499 441 549 ῦστερεῑται
449 502 480 537 τοῦ
487 499 539 548 ἀρτου

196 557 226 591 τοῦ
236 557 285 592 Θεοῦ.
296 552 339 605 Ign.
347 552 396 605 Eph.
405 562 423 603 5.
451 554 480 592 ἕνα
489 555 540 604 άρτον

196 611 273 648 κλῶντες.
290 620 320 648 20.
354 608 381 646 ’ίνα
399 606 471 659 καθαρὸς
488 609 539 658 ἀρτος

195 665 258 714 εὑρεθῶ
267 668 298 702 τοῦ
306 667 386 713 Χριστοῦ.
397 663 479 713 3111114.
494 663 538 713 Ἀρ·
551 663 553 669 ’

196 734 226 756 τον
250 723 294 757 θεοῦ
318 719 370 763 θέλω,
388 719 440 767 ἀρτον
456 720 538 768 οὐράνιον,

196 775 248 824 ἀρτον
257 776 304 822 ζωῆς.
316 781 333 822 7.
356 775 390 813 -ὡς
399 775 450 823 άρτος
460 775 536 822 ὀπτώμε-

197 845 229 867 νος.
241 828 298 867 Mart.
310 827 373 879 Polyo.
386 837 415 877 15.

169 883 263 933 Ἀρχαίκάς.
295 882 383 931 -Κλήμης
409 884 537 933 ἀρχαίκὼτερος.

196 936 385 989 Olem.Fragm.vii.
453 954 454 957 ¹

168 994 252 1042 Ἀρχαῖος.
275 992 302 1031 ἵνα
310 997 343 1030 τῶν
351 993 427 1042 ἀρχαίων
435 993 537 1042 ῦποδειγμά-

195 1063 229 1086 των
238 1048 347 1097 παυσώμεθα.
362 1047 421 1086 Olem.
435 1046 474 1097 15.
508 1048 538 1094 τήν

195 1132 199 1141 .
211 1132 215 1141 .
227 1104 311 1153 ,ἀρχαίαν
332 1102 424 1153 Κορινθίων
441 1103 536 1150 ἐκκλησίαν.

197 1167 229 1207 47.
258 1158 317 1205 ε’ἀνμή
327 1159 345 1195 έν
353 1160 389 1197 ταῖς
400 1158 477 1207 ἀρχαίοις
487 1156 536 1207 εὕρω.

195 1212 237 1265 Igu⁴
249 1211 321 1251 Philad.
330 1214 349 1251 8.
387 1212 406 1259 ἐξ
415 1213 490 1262 ἀρχαίων
499 1228 537 1250 κατ-

194 1268 311 1318 αγγελλομένη
321 1269 392 1318 χρόνων.
412 1266 481 1319 Polye.
488 1266 536 1306 Phil.

203 1335 218 1361 Ῑ.

163 1378 235 1427 Ἅρχειν.
269 1379 296 1415 καί
310 1378 446 1427 ἀρχειν.εάυτῶν
464 1378 486 1426 μὴ
502 1379 538 1416 ε’πι-

194 1432 288 1481 σταμένοις.
303 1432 344 1484 Ign.
358 1431 434 1483 Fragm.
445 1431 470 1471 iv.
503 1435 539 1471 τοῖς

195 1487 229 1525 κατ’
240 1487 333 1536 ἐπιστήμην
341 1487 429 1536 ἀρχουσιν.
438 1486 464 1526 ib.

166 1543 249 1592 Ἀρχεῖον.
277 1542 326 1591 Ἐμοὶ
339 1543 358 1580 δέ
372 1543 432 1590 ἀρχεῖά
445 1543 493 1580 ε’στιν
505 1543 536 1590 Ἰη-

194 1601 237 1637 σοῦς
250 1599 329 1647 Χριστὸς,
343 1598 364 1634 τὰ
380 1597 439 1635 ἀθικτα
452 1598 513 1647 ἀρχεῖα
528 1601 537 1635 ο’

194 1654 269 1701 σταυρὸς
277 1654 335 1690 αὐτοῦ.
345 1651 388 1703 Ign.
400 1652 472 1691 Philad.
484 1654 501 1691 δ.

166 1707 265 1757 Ἀρχέσθαι.
279 1708 299 1756 ἧς
305 1706 381 1757 ἠρξάμην
387 1708 484 1755 οἰκονομίας.
493 1708 535 1759 Igu.

194 1762 243 1814 Eph.
260 1774 290 1801 20.
328 1766 357 1800 νῦν
372 1763 445 1812 ἀρχομαι
463 1763 537 1810 μαθητής

194 1816 240 1855 εἶναι.
257 1816 312 1856 Rom.
324 1826 341 1866 5.
376 1821 435 1855 τοῦτον
453 1818 537 1867 ἄρξωνται

193 1873 282 1917 σέβεσθαι.
293 1872 349 1912 Mart.
361 1871 424 1923 Polyc.
437 1881 466 1921 17.

166 1927 225 1976 Ἀρχή.
259 1929 289 1965 τὸν
302 1928 321 1973 έξ
334 1928 388 1976 ἀρχῆς
403 1928 537 1977 παραδεδομένον

194 1983 233 2030 ἡμῖν
246 1984 275 2029 τής
288 1982 352 2031 εἰρήνης
368 1984 437 2020 σκότον.
452 1981 511 2021 Olem.
524 1981 535 2020 I

197 2049 226 2087 19.
262 2037 387 2084 ἀνατυλίξωμεν
402 2038 423 2074 τὰ
438 2037 467 2075 ἀπ’
483 2037 536 2086 ἀρχῆς

192 2094 278 2142 γενόμενα.
290 2104 320 2142 31.
355 2093 373 2129 έν
383 2091 427 2141 ἀρχῇ
438 2095 468 2129 τοῦ
479 2093 535 2141 Εὔαγ-

192 2149 257 2196 γελίυυ.
273 2155 305 2196 47.
340 2149 376 2183 Νῦν
389 2148 422 2195 γάρ
435 2147 490 2196 ἀρχὴν
501 2148 535 2195 έχω

192 2205 223 2239 τοῦ
234 2200 365 2249 μαθητεῦεσθαι.
399 2200 440 2252 Ign.
454 2200 503 2252 Eph.
517 2214 534 2250 3.

192 2258 227 2304 ἥτις
239 2258 287 2294 ἐστίν
295 2256 340 2305 ἀρχή
350 2258 392 2303 ζωῆς
401 2256 428 2294 καί
436 2256 491 2294 τέλος.
505 2269 534 2303 14.

191 2313 236 2362 ἀρχὴ
251 2312 282 2360 μὲν
297 2312 360 2350 πίστις.
376 2310 400 2349 ib.
438 2310 502 2360 Ἀρχὴν
517 2312 535 2347 δέ

192 2369 289 2412 ἐλάμβανεν
303 2368 323 2404 τά
339 2367 385 2415 παρὰ
399 2368 437 2417 θεῷ
453 2366 535 2415 ἀπηρτισ-

191 2423 245 2469 μένον.
262 2434 291 2471 19.
320 2422 338 2458 έν
351 2421 397 2470 ἀρχή
411 2421 438 2458 καί
451 2421 469 2458 έν
482 2420 533 2458 τελει.

191 2477 256 2529 Magn.
270 2490 299 2527 13.
328 2477 343 2524 ἡ
357 2477 389 2524 μέν
401 2476 494 2525 γὰρ-ἀρχή
508 2476 534 2512 εὐ-

192 2535 299 2581 οικονόμητός
310 2532 362 2570 ἔστιν.
373 2530 429 2569 Rssm.
443 2543 458 2568 1.
492 2531 535 2569 Ταῦς

169 2631 170 2635 ¹
192 2590 210 2626 δὲ
228 2588 321 2637 μερισμοὺς
341 2586 421 2636 φεῦγετε,
440 2587 463 2624 ὣς
481 2585 535 2633 ἀρχὴν

192 2647 251 2681 κακῶν.
266 2642 370 2694 8111711118.
398 2641 453 2690 Ἀρχή
464 2640 482 2677 δέ
493 2642 534 2678 πάν-

190 2713 224 2735 των
233 2700 318 2746 χαλεπῶν.
328 2696 392 2747 Polyc.
403 2695 451 2735 Phil.
463 2709 481 2743 4.
505 2695 535 2732 τὸν

191 2754 210 2800 ἐξ
219 2753 273 2801 ἀρχῆς
282 2753 320 2801 ήμῖν
324 2752 439 2800 παραδοθέντα
448 2753 505 2801 λόγον.
515 2758 532 2798 7.

190 2809 220 2856 τήν
228 2808 314 2853 Ῥωμαίων
322 2805 450 2856 ἀρχήν.Μο.1·11.
461 2806 503 2856 Ign.
517 2816 532 2842 1.

190 2864 251 2912 ἀρχαῖς
264 2864 291 2900 καί
304 2863 389 2908 ἐξουσίαις
402 2863 435 2899 ῦττά
447 2865 478 2899 τοῦ
489 2863 533 2897 θεοῦ

190 2916 302 2967 τεταγμέναις.
340 2915 397 2955 Mart.
417 2916 480 2971 Polyc.
502 2927 530 2953 10.

190 2974 220 3021 τὴν
235 2972 263 3010 ἀπ’
282 2973 336 3022 ἀρχῆς
353 2968 467 3019 ἀνεπίληπτον
484 2974 534 3009 ιταλι-

178 3029 239 3066 ιτείαν.
253 3034 281 3076 17.

163 3084 252 3132 Ἀρχηγός.
280 3084 359 3131 μυσαροῦ
373 3080 434 3128 ζήλους
446 3082 531 3131 ἀρχηγοῖς.

404 212 501 257 INDEX
519 213 691 257 VERBORUM

594 332 653 373 olem.
665 333 717 381 144.
749 331 809 372 οἵτινες
822 332 896 383 ἀρχηγοὶ
908 335 939 381 τῆς

594 391 696 428 στάσεως
707 418 710 427 .
720 388 868 438 ἐγενήθησαν51.
910 406 912 410 ’

566 443 669 494 Ιλρχιερεάς.
696 445 727 481 τὸν
739 443 819 493 ἀρχιερέα
833 447 867 481 τῶν
882 459 938 493 προσ-

593 502 658 549 φορῶν.
671 498 731 538 Olem.
741 497 752 535 Ῑ
763 498 794 548 36.
823 501 850 549 Τῷ
862 499 897 548 γάρ
908 498 938 547 ἀρ·

571 585 573 587 .
593 557 647 603 χιερεῖ
656 553 696 592 ἴδιαι
706 553 815 604 λειτουργίαι.
825 565 857 601 40.
871 569 939 602 ’μωρο-

594 610 679 657 σκοπηθέν
687 625 707 647 το
719 610 862 659 προσφερόμενον
871 608 899 646 διὰ
907 612 938 646 τοῦ

593 665 691 715 ἀρχιερέως.
702 676 733 712 41.
764 665 792 701 διὰ
804 666 834 701 τοῦ
846 663 938 713 ἀρχιερέως

593 720 620 757 καὶ
629 720 727 769 προστάτου
736 718 782 766 ἡμῶν
790 718 848 766 Ἰησοῦ
855 722 936 767 Χριστοῦ.

572 806 573 809 ,
594 775 626 822 58.
651 777 732 824 κρεῖσσον
740 774 778 811 δέὸ
790 772 882 823 ἀρχιερεῦς.
893 773 936 825 Igu.

593 827 666 867 Philad.
678 843 695 879 9.
731 830 758 866 έπί
772 828 864 878 ἀρχιερέως
877 829 938 867 Φιλίπ-

592 899 630 922 που.
646 883 703 922 Mart.
715 883 779 935 Polyc.
791 895 821 921 21.

565 938 677 987 Ἀρχοντικός.
705 940 735 978 τὰς
751 940 846 977 συστάσεις
861 939 892 977 τάς
907 938 937 988 ἀρ-

590 994 674 1042 χοντικάς.
689 992 731 1044 Ign.
741 992 797 1031 Trall.
809 1002 826 1042 5.

560 1045 636 1097 Ἀρχων.
659 1049 679 1095 ἐξ
688 1049 739 1086 αὐτοῦ
748 1050 828 1092 βασιλεῖς
837 1050 865 1086 καὶ
873 1049 937 1098 ἀρχου-

592 1118 624 1141 τες.
634 1101 703 1141 Olem.
715 1102 727 1141 Ι
738 1114 770 1152 32.
810 1105 840 1150 τῆς
856 1104 936 1141 διδασκα-
993 1104 994 1107 ’

592 1158 630 1197 λίσς
643 1161 674 1196 τοῦ
687 1158 769 1207 ἄρχοντος
782 1161 813 1195 τοῦ
825 1158 885 1197 αἰῶνος
896 1158 936 1196 τοί-

591 1228 627 1251 του.
645 1212 688 1264 Igu.
701 1211 750 1264 Eph.
764 1219 795 1261 17.
831 1213 895 1250 ἔλαθεν
907 1215 937 1252 τὸν

592 1268 667 1318 ἄρχοντα
680 1271 710 1306 τοῦ
724 1268 789 1307 αίῶνος.
804 1279 834 1318 19.
862 1269 893 1315 τήν
906 1269 936 1307 ε’π·

592 1322 649 1373 ήρειαν
669 1326 700 1360 τοῦ
723 1324 806 1372 ἄρχοντος
824 1325 854 1360 τοῦ
877 1324 937 1363 αίῶνος

591 1377 658 1416 τοῦτου.
675 1376 741 1429 Magn.
754 1389 770 1416 1.
807 1380 817 1414 ὁ
831 1377 889 1427 ἀρχων
905 1383 936 1417 τοῦ

592 1433 651 1472 αἰῶνος
658 1432 723 1471 τοῦτου.
732 1431 789 1470 Trall.
796 1445 816 1480 4.
824 1436 844 1472 θλ
849 1432 907 1472 Rom.
917 1442 935 1483 7.

592 1488 659 1538 ἐνέδρας
677 1490 708 1525 τοῦ
728 1487 811 1536 ἄρχοντος
828 1490 859 1525 τοῦ
876 1490 936 1528 αίῶνος

591 1541 657 1580 τοῦτον.
674 1541 747 1581 Philad.
763 1542 780 1580 6.
822 1544 839 1579 οί
854 1543 936 1592 ἄρχοντες

591 1598 650 1647 ὀρατοί
663 1614 682 1635 τε
698 1599 724 1635 καὶ
736 1597 809 1647 ἀόρατοι.
825 1595 901 1650 Smyrn.
916 1600 943 1647 6.

592 1653 667 1702 ἐντυχεῖν
677 1655 701 1703 τῷ
710 1653 784 1702 ἀρχοντι.
799 1651 857 1691 Mart.
870 1652 934 1705 Polyc.

594 1714 623 1756 17.
661 1708 817 1757 καταγωνισάμενος
833 1710 863 1745 τάν
878 1708 935 1746 ἀδικον

590 1763 669 1812 ἀρχοντα.
682 1775 711 1812 19.

559 1816 636 1866 Ἂρωμα.
674 1816 756 1866 σμύρνης,
774 1818 801 1854 καὶ
819 1821 853 1856 τῶν
870 1820 935 1856 λοιπῶν

590 1873 689 1921 ἀρωμάτων,
703 1870 825 1920 019111Ι15.
857 1872 867 1921 ἢ
879 1874 934 1911 ἀλλον

590 1928 634 1966 τινάς
646 1931 680 1964 τῶν
691 1928 750 1975 τιμίων
762 1927 859 1977 ἀρωμάτων.
875 1926 937 1967 Μειΐδ.4

590 1981 654 2033 Polyc.
668 1991 697 2031 15.

563 2036 672 2075 Ἀσάλεοτος.
684 2038 711 2075 ε’πὶ
721 2039 745 2086 τῷ
753 2038 783 2084 τῆς
792 2037 882 2084 ἐκκλησίας
890 2038 934 2076 ἀσα-

589 2090 649 2142 λεῦτῳ.
664 2090 805 2142 Mart.Ign.1.
839 2092 935 2131 ἀσάλευτον

590 2148 671 2193 ἐπιμεῖναι
676 2150 696 2195 τῇ
703 2149 754 2194 πυρᾷ,
762 2144 820 2185 Mart.
829 2145 892 2197 Polyc.
902 2160 932 2197 13.

558 2199 665 2246 ’Άσβεστος
691 2202 714 2239 είς
728 2202 748 2238 τά
760 2204 795 2250 πῦρ
809 2202 829 2238 τδ
844 2202 934 2247 ἀσβεστον

589 2255 670 2305 χωρήσει.
680 2255 723 2307 Ign.
733 2255 783 2307 Eph.
795 2257 826 2293 16.
884 2294 885 2297 ,

562 2310 648 2355 Ἀσέβεια.
674 2312 700 2348 καὶ
711 2310 793 2360 φάγωμεν
804 2312 834 2358 τήν
846 2311 931 2355 ἀσέβειαν.

590 2364 650 2404 olem.
661 2365 683 2404 Π
695 2378 723 2404 10.
753 2369 762 2403 ὁ
774 2368 804 2414 τῆς
815 2366 897 2411 ἀσεβείας
909 2368 933 2405 δι-

589 2421 681 2460 δάσκαλος.
691 2419 749 2460 Μοτί.
760 2420 823 2472 Polyc.
836 2434 865 2459 12.

563 2474 642 2523 Ἀσεβής.
653 2477 704 2524 ζῆλον
713 2508 717 2516 ,
726 2508 730 2515 ,
738 2505 742 2513 .
750 2477 807 2524 ἀσεβῆ
812 2477 931 2526 ἀνειληφότας.

590 2529 698 2581 01811113.
734 2534 769 2570 τοῖς
782 2532 856 2577 ἀσεβέσι
870 2532 932 2582 τηροῦ-

588 2600 638 2633 μενον
646 2589 686 2635 πῦρ.
697 2585 755 2625 Mart.
767 2586 831 2638 Polyc.
844 2599 874 2625 11.

561 2639 653 2679 Ἀσθένεια.
677 2643 707 2679 τὸν
716 2671 719 2679 .
727 2672 731 2680 ,
740 2670 744 2679 .
753 2643 817 2688 βοηθὸν
831 2644 861 2690 τῆς
878 2643 932 2681 ἀσθε-

589 2696 632 2734 νείας
642 2697 694 2743 ἡμῶν.
705 2695 766 2735 Olem.
776 2696 787 2734 Ῑ
797 2698 828 2746 36.

561 2748 646 2798 Ἀσθενής.
689 2753 707 2789 αἱ
722 2752 799 2791 ἀσθενεῖς
816 2755 840 2803 τῷ
859 2753 934 2800 σάματι.

589 2803 647 2845 Olem.
657 2805 667 2843 I
676 2807 693 2845 6.
714 2808 813 2856 συγγένειαν
818 2807 887 2854 ἀσθενῆ.
901 2820 930 2854 1ο.

588 2862 617 2897 τδν
625 2860 695 2909 ἀσθενῆ,
705 2864 715 2898 ὁ
726 2862 744 2899 δέ
756 2862 828 2910 ἀσθενὴς
839 2862 938 2911 ε’ντρεπέτω

587 2916 617 2952 τδν
632 2916 708 2966 ίσχυράν.
724 2918 754 2966 38.
783 2918 932 2964 ,ἐπισκεπτόμενοι

588 2971 651 3010 πάντας
666 2972 747 3010 ἀσθενεῖς.
773 2971 836 3023 Polyc.
850 2971 898 3011 Phil.
907 2973 930 3010 ¹6.

587 3027 719 3074 πληροφορήσαι
733 3028 772 3066 τοὺς
790 3028 868 3066 ἀσθενεῖς
881 3027 930 3074 ἡμᾶς.

588 3078 644 3119 Mart.
656 3080 697 3132 Ign.
709 3090 726 3131 7.
