2061 3403
197 153 240 195 182
443 156 464 199 S.
481 156 652 201 CLEMENTIS

196 270 310 340 διακρίσει
328 271 416 341 λόγων,
429 272 478 341 ἤτω
493 271 566 343 ἁγνὸς
582 275 606 328 ἕν
618 273 703 346 ἔργοις
723 270 832 346 τοσούτῳ
847 273 895 344 γὰρ

195 361 294 422 μᾶλλον
314 362 506 433 ταπεινοφρονεΐν
527 361 623 434 ὀφείλει,
644 359 696 433 irrep
717 361 781 429 δοκεῖ
796 364 895 428 μᾶλλον

194 443 280 513 μείζων
291 443 356 513 εἶναι,
368 448 407 500 καὶ
423 445 497 516 ζητεῖν
509 446 537 503 τὸ
554 445 694 520 κοινωφελὲς
709 451 792 514 πᾶσιν,
804 448 843 501 καὶ
860 445 894 516 μὴ

194 530 222 585 τὸ
237 532 329 586 ἑαυτοῦ.

82 631 174 684 euastatis
233 614 302 671 ΜΘ.
322 618 354 672 Ὁ
373 617 434 690 ἔχων
451 620 547 689 ἀγάπην
559 622 583 674 ⁶⁵²²
595 622 704 693 Χριστῷ)
720 618 848 689 ”limam
863 619 913 680 T⁰l5

82 686 181 711 amomum
193 709 236 758 τοῦ
248 707 359 774 Χριστοῦ
375 706 575 776 παραγγέλματα.
614 707 664 761 Τὸν
676 704 766 774 δεσμὸν
777 709 819 774 τῆς
831 705 891 775 ἀγοί-

193 814 240 858 πης
258 797 301 845 τοῦ
321 796 383 846 Θεοῦ
400 793 436 863 τίς
453 793 549 849 δύναται
567 792 735 864 ἐξηγήσασθαι
744 816 752 860 ;
773 793 801 847 τὸ
817 816 891 862 μεγα-

193 881 258 931 λεῖον
276 880 318 945 τῆς
337 883 458 946 καλλονῆς
473 882 545 935 αὐτοῦ
560 881 595 938 τίς
611 882 681 951 ἀρκεῖ,
694 882 726 937 ὡς
742 878 791 946 ἔδει,
804 883 874 934 εἰπεῖν
880 903 889 948 ς

192 962 221 1017 τὸ
240 964 310 1036 ὕψος,
322 968 354 1022 εὶς
373 964 386 1019 ir
401 964 482 1035 ἀνάγει
496 967 510 1034 ἡ
530 966 618 1036 ἀγάπη,
636 965 802 1036 ἀνεκδιήγητόν
815 967 889 1022 ἐστιν.

193 1120 269 1160 ιοιίνιοο,
319 1121 434 1174 Herzogius,
457 1124 484 1163 aei
510 1138 530 1164 er
557 1124 578 1163 in
593 1124 629 1163 hac
644 1127 699 1177 parte
715 1123 767 1164 Msci
782 1128 824 1165 tam
837 1123 890 1174 trita,

192 1175 276 1227 νοοοίιίιρ
285 1176 309 1215 irc
317 1175 435 1228 Αιιςίοριιινρ.
556 1183 597 1219 tam
611 1179 748 1219 commaculata
759 1183 793 1229 est,
802 1183 890 1220 utnemo

219 1230 244 1270 ih.
261 1233 280 1269 ἐν
293 1229 384 1285 διακρίσει]
401 1232 456 1272 Libb.
472 1232 527 1286 impr.
556 1247 646 1274 sanorum
655 1248 690 1286 pro
699 1238 751 1274 certo
759 1234 832 1274 hcevel
842 1233 890 1273 illud

192 1298 259 1325 omnes
275 1285 347 1325 habent
359 1288 377 1324 ἐν
391 1288 445 1336 δικαίᾳ
461 1289 528 1338 κρίσεις
556 1293 640 1329 statuere
649 1289 723 1329 audeat.

192 1354 232 1380 non
247 1340 295 1379 adeo
308 1346 365 1380 recte.
395 1341 462 1381 Codex
476 1343 528 1382 enim
585 1342 672 1398 Ῑ.λόγον]
682 1343 889 1395 Διάκρισιολόγωνὶᾰοια

192 1395 261 1435 MStus
284 1395 362 1436 exhibet
385 1404 526 1437 ΔΙΑΚΡΙΣΙΝ.
555 1403 584 1438 est
603 1403 661 1451 atque
684 1401 767 1449 διάκρισις
785 1401 888 1448 πνευμάτων,

192 1450 245 1503 Lego
269 1455 335 1490 autem
362 1465 405 1490 cum
428 1451 528 1492 Clemente
555 1453 619 1493 ICor.
635 1454 663 1492 xii
674 1467 712 1503 103
726 1453 809 1505 pertinet
823 1458 892 1502 autem-

191 1504 247 1545 Alex.
258 1507 355 1555 διακρίσει;
369 1506 397 1546 ita
406 1506 457 1546 enim
468 1508 492 1547 ab
504 1521 526 1547 eo
554 1508 578 1547 ad
592 1509 688 1548 crationes
701 1508 722 1547 in
735 1508 888 1548 Christianorum

192 1560 294 1600 exhibetur
307 1561 328 1599 in
340 1565 422 1614 utroque
431 1562 479 1611 loeo,
489 1563 524 1603 viz.
553 1563 677 1603 concionibus
691 1563 765 1604 habitas
783 1563 888 1615 dijudican-

192 1614 262 1655 Strom.
273 1616 280 1654 i
289 1616 342 1667 prius
352 1617 416 1665 citato,
427 1621 446 1656 et
455 1617 525 1657 Strom.
553 1619 592 1668 das,
602 1623 674 1658 etcum
687 1618 795 1658 Christiana
806 1619 888 1659 veritate

190 1670 216 1709 vi.
236 1670 295 1710 Forte
304 1671 380 1723 scripsit
389 1671 477 1712 Clemens
487 1673 525 1712 Ro·
553 1678 605 1713 recte
627 1673 724 1713 intellecta
746 1674 886 1725 comparandas

192 1738 259 1764 manus
266 1727 371 1776 διακρίσεσιν
375 1740 381 1775 ;
391 1740 454 1766 errore
462 1733 526 1767 autem
553 1728 665 1769 LIPSIUS.

191 1780 243 1819 facili
251 1780 345 1830 librarius,
352 1781 410 1833 lapsis
418 1782 480 1822 literis
490 1800 498 1820 ε
508 1800 525 1832 σ,
580 1783 604 1823 ib.
616 1787 650 1833 tiro
659 1785 710 1834 ἁγνὸς
719 1785 749 1823 ἐν.
761 1813 765 1822 .
777 1780 790 1836 .]
804 1782 887 1834 Ccnjici-

191 1836 256 1886 posuit
269 1838 356 1886 διάκρισιν.
373 1836 453 1876 WOTT.
482 1837 526 1876 Mil·
553 1838 597 1878 ebat
611 1838 717 1878 Cotelerins
729 1841 781 1890 [post
794 1836 883 1892 Junium]

192 1889 229 1929 lius
242 1903 317 1942 quoque
331 1895 351 1930 et
360 1891 450 1931 Davisius
464 1894 482 1930 ἐν
491 1895 526 1930 διο-
554 1907 578 1932 ex
585 1894 645 1934 altero
651 1893 750 1933 Clemente
756 1893 887 1945 reponendum

191 1946 247 1994 κρίσει
261 1958 271 1983 ο
286 1944 384 1985 Clemente
395 1945 526 1986 Alexandrino
554 1962 593 1987 esse
608 1952 642 1997 ἤτω
655 1951 718 1998 γοργὸς
729 1950 746 1987 ἐν
760 1950 819 1998 ἔργοις.
848 1948 886 1987 Sed

191 2000 314 2051 reponebant,
334 2000 364 2039 cui
382 2001 460 2040 lectioni
475 2002 527 2042 iavet
554 2003 601 2042 nihil
610 2017 645 2042 nos
654 2003 705 2055 cogit
714 2007 736 2042 ut
745 2003 786 2042 MS.
798 2003 885 2042 emende-

191 2067 237 2093 usus
251 2054 306 2093 verbi
322 2056 410 2105 διακρίνειν
423 2056 443 2094 in
458 2056 469 2094 I
482 2056 525 2096 Cor.
554 2071 596 2096 mus
606 2071 630 2096 ex
639 2057 782 2106 Alexandrino;
793 2057 831 2109 qui,
840 2058 886 2097 alio-

191 2109 230 2158 xiv,
242 2122 273 2159 ορ,
283 2112 374 2159 Προφῆτοι
388 2112 406 2147 δὲ
419 2111 448 2148 δίο
461 2112 471 2159 ἢ
482 2115 527 2161 τρεῖς
553 2125 597 2150 rum
615 2112 686 2163 scripta
702 2126 810 2164 excerpens,
826 2112 885 2159 addit,

190 2166 304 2209 λαλείτωσαν,
314 2167 341 2202 καὶ
354 2168 370 2202 οἱ
383 2166 434 2202 ι’ίλλοι
446 2168 526 2215 διακρινέ-
553 2166 642 2216 detrahit,
656 2167 740 2216 invertit,
752 2172 775 2207 ul
783 2167 830 2206 Vlrls
844 2181 886 2207 eru-

190 2235 254 2257 τωσαν.
270 2218 298 2258 Cf.
306 2221 398 2269 διακρίσεις
405 2222 526 2270 διαλογισμῶν,
553 2221 598 2261 (litis
610 2226 732 2273 compertum.
750 2221 884 2263 CALLAND.

190 2273 246 2313 Rom.
264 2273 299 2313 xiv
315 2284 335 2323 1,'
347 2276 439 2324 διακρίσεις
453 2278 526 2323 arsapi-
553 2275 640 2315 Clemens
655 2276 710 2316 Alex.
726 2276 795 2317 Strom,
811 2277 818 2316 i
834 2286 844 2327 7
865 2292 883 2330 p.

189 2345 228 2377 των,
243 2329 254 2367 Ι
267 2328 310 2369 Cor.
325 2329 353 2367 xii
367 2342 396 2368 10.
424 2329 466 2381 Ego
484 2329 525 2381 qui·
554 2344 592 2381 339
603 2332 630 2371 ed.
640 2331 711 2372 Potter.
719 2332 776 2372 habet
785 2336 818 2381 ἤτω
828 2336 885 2383 σοφὸς

189 2384 239 2433 dem,
250 2398 310 2436 quum
320 2383 411 2423 Codleem
422 2398 484 2423 acrlus
495 2399 525 2423 ln-
553 2403 571 2424 εν
580 2389 660 2437 διακρισει
674 2390 736 2438 λογων·
749 2391 783 2437 ἤτω
795 2390 858 2438 γοργὸς
867 2390 885 2426 ἐν

188 2439 287 2491 spicerem,
311 2446 374 2477 AIAK
389 2470 393 2478 .
409 2446 525 2477 ΙΑΚΡΙΣΙΝ
553 2443 612 2491 ἔργοις,
627 2441 885 2495 οδτὶ8,ρ.773,ἤτωσοφδς

188 2508 265 2534 eernere
281 2494 333 2534 visus
347 2508 395 2543 sum,
410 2494 525 2533 verisimilli-
553 2497 570 2533 ἐν
579 2498 660 2546 διακρίσει
673 2500 734 2548 λόγον,
744 2503 778 2546 ἧσο
791 2501 854 2548 γοργὸς
867 2500 885 2537 ἐν

188 2563 280 2602 mumque
289 2550 336 2589 duxi
346 2550 394 2589 duas
404 2549 478 2601 priores
488 2550 525 2601 syl·
552 2552 612 2601 ἔργοις,
621 2555 655 2601 ἤτω
669 2555 723 2603 ἁγνός.
747 2567 805 2605 quam
818 2553 884 2592 lectio-

187 2605 240 2644 labas
252 2605 344 2656 repetitas
354 2605 418 2654 fuisse,
427 2618 462 2656 per
475 2618 525 2643 eam·
551 2619 601 2651 nem,
617 2611 639 2646 ut
653 2607 764 2659 pleniorem,
779 2608 807 2647 sic
822 2608 883 2647 verio-

115 2669 116 2674 ’
187 2660 233 2699 dem
244 2657 386 2700 festinationem
401 2664 420 2700 et
431 2659 525 2698 incuriam
551 2673 592 2699 rem
613 2661 723 2703 existimant
746 2662 840 2712 Potterus,
864 2667 883 2703 et

188 2715 257 2767 quibus
280 2715 371 2755 debemus
394 2715 524 2754 accusativum
552 2714 662 2756 Crahiusin
672 2718 881 2770 Spieilegio,ip.263.

187 2783 223 2821 pro
238 2770 303 2809 dativo
317 2784 374 2823 quem
388 2784 454 2810 sensus
466 2770 523 2822 plane
578 2770 602 2809 ib.
618 2773 694 2824 τοσούτῳ
708 2775 741 2824 γὰρ
755 2770 829 2826 μᾶλλον]
851 2773 883 2812 Ita

187 2825 277 2876 postulat.
296 2825 523 2876 Librarioindoctopco-
550 2838 594 2863 cum
608 2825 654 2866 Cod.
669 2827 795 2868 MStchtt.
807 2828 880 2867 Russel.

187 2897 216 2917 σιν
229 2880 317 2932 proxime
330 2881 445 2933 praecedens
460 2879 522 2919 fraudi
551 2879 636 2921 Calland.
646 2882 882 2923 Hor·nem.Helel.Reitl1-

186 2935 266 2974 forsitan
282 2935 323 2975 fuit.
353 2936 391 2975 Sec
406 2949 522 2988 pergamena
549 2949 607 2987 mayr.
618 2936 730 2984 Dresselius,
740 2952 814 2978 necnon
822 2937 880 2978 Clem.
