<?xml version="1.0" encoding="UTF-8"?>
<!DOCTYPE html PUBLIC "-//W3C//DTD XHTML 1.0 Transitional//EN"
    "http://www.w3.org/TR/xhtml1/DTD/xhtml1-transitional.dtd">
<html xmlns="http://www.w3.org/1999/xhtml" xml:lang="en" lang="en">
 <head>
  <title>
</title>
<meta http-equiv="Content-Type" content="text/html;charset=utf-8" />
  <meta name='ocr-system' content='tesseract 3.04.00' />
  <meta name='ocr-capabilities' content='ocr_page ocr_carea ocr_par ocr_line ocrx_word'/>
</head>
<body>
  <div class='ocr_page' id='page_1' title='image "./MN41360ucmf_0/MN41360ucmf_0_0497.png"; bbox 0 0 1931 3420; ppageno 0'>
   <div class='ocr_carea' id='block_1_1' title="bbox 299 235 819 283">
    <p class='ocr_par' dir='ltr' id='par_1_1' title="bbox 299 235 819 283">
     <span class='ocr_line' id='line_1_1' title="bbox 299 235 819 283; baseline 0 0"><span class='ocrx_word' id='word_1_1' title='bbox 299 239 336 283; x_wconf 76' lang='lat' dir='ltr'>uu</span> <span class='ocrx_word' id='word_1_2' title='bbox 350 235 577 282; x_wconf 75' lang='lat' dir='ltr'>FORMULARUM.</span> <span class='ocrx_word' id='word_1_3' title='bbox 774 241 819 283; x_wconf 72' lang='lat' dir='ltr'>v115</span> 
     </span>
    </p>
   </div>
   <div class='ocr_carea' id='block_1_2' title="bbox 81 350 819 404">
    <p class='ocr_par' dir='ltr' id='par_1_2' title="bbox 81 350 819 404">
     <span class='ocr_line' id='line_1_2' title="bbox 81 350 819 404; baseline 0.004 -16"><span class='ocrx_word' id='word_1_4' title='bbox 81 352 166 391; x_wconf 84' lang='grc' dir='ltr'>τωθῶσιν.</span> <span class='ocrx_word' id='word_1_5' title='bbox 177 350 300 393; x_wconf 72' lang='lat' dir='ltr'>Olem.I12.</span> <span class='ocrx_word' id='word_1_6' title='bbox 329 354 362 404; x_wconf 80' lang='grc' dir='ltr'>πρὸ</span> <span class='ocrx_word' id='word_1_7' title='bbox 373 356 423 402; x_wconf 82' lang='grc' dir='ltr'>τριῶν</span> <span class='ocrx_word' id='word_1_8' title='bbox 450 356 556 403; x_wconf 81' lang='grc' dir='ltr'>Συμφσγεῖν,</span> <span class='ocrx_word' id='word_1_9' title='bbox 581 353 664 391; x_wconf 75' lang='grc' dir='ltr'>Μετάδὲ</span> <span class='ocrx_word' id='word_1_10' title='bbox 679 354 710 402; x_wconf 83' lang='grc' dir='ltr'>τὴν</span> <span class='ocrx_word' id='word_1_11' title='bbox 725 354 819 392; x_wconf 72' lang='grc' dir='ltr'>ἀνάστασιν</span> 
     </span>
    </p>
   </div>
   <div class='ocr_carea' id='block_1_3' title="bbox 81 406 421 458">
    <p class='ocr_par' dir='ltr' id='par_1_3' title="bbox 81 406 421 458">
     <span class='ocr_line' id='line_1_3' title="bbox 81 406 421 458; baseline 0.006 -14"><span class='ocrx_word' id='word_1_12' title='bbox 81 406 149 455; x_wconf 73' lang='grc' dir='ltr'>ἡμερῶν</span> <span class='ocrx_word' id='word_1_13' title='bbox 172 411 203 445; x_wconf 83' lang='grc' dir='ltr'>τοῦ</span> <span class='ocrx_word' id='word_1_14' title='bbox 225 408 346 458; x_wconf 75' lang='grc' dir='ltr'>συλληφθῆναι</span> <span class='ocrx_word' id='word_1_15' title='bbox 365 408 421 446; x_wconf 72' lang='grc' dir='ltr'>αὐτόν.</span> 
     </span>
    </p>
   </div>
   <div class='ocr_carea' id='block_1_4' title="bbox 478 406 818 460">
    <p class='ocr_par' dir='ltr' id='par_1_4' title="bbox 478 406 818 460">
     <span class='ocr_line' id='line_1_4' title="bbox 478 406 818 460; baseline 0.006 -14"><span class='ocrx_word' id='word_1_16' title='bbox 478 408 576 458; x_wconf 73' lang='grc' dir='ltr'>συνέφαγεν</span> <span class='ocrx_word' id='word_1_17' title='bbox 584 409 646 448; x_wconf 75' lang='grc' dir='ltr'>αὐτοῖς,</span> <span class='ocrx_word' id='word_1_18' title='bbox 660 407 702 460; x_wconf 85' lang='lat' dir='ltr'>Igu.</span> <span class='ocrx_word' id='word_1_19' title='bbox 713 406 788 460; x_wconf 80' lang='lat' dir='ltr'>Smyru.</span> <span class='ocrx_word' id='word_1_20' title='bbox 799 420 818 458; x_wconf 79' lang='lat'>3.</span> 
     </span>
    </p>
   </div>
   <div class='ocr_carea' id='block_1_5' title="bbox 81 458 818 514">
    <p class='ocr_par' dir='ltr' id='par_1_5' title="bbox 81 458 818 514">
     <span class='ocr_line' id='line_1_5' title="bbox 81 458 818 514; baseline 0.003 -15"><span class='ocrx_word' id='word_1_21' title='bbox 81 458 140 501; x_wconf 69' lang='lat' dir='ltr'>Mart.</span> <span class='ocrx_word' id='word_1_22' title='bbox 166 461 230 514; x_wconf 83' lang='lat' dir='ltr'>Polyc.</span> <span class='ocrx_word' id='word_1_23' title='bbox 255 471 272 512; x_wconf 86' lang='lat'>5.</span> <span class='ocrx_word' id='word_1_24' title='bbox 308 465 422 508; x_wconf 81' lang='grc' dir='ltr'>συνελάβοντο</span> <span class='ocrx_word' id='word_1_25' title='bbox 450 463 552 513; x_wconf 80' lang='grc' dir='ltr'>Συμφέρειν,</span> <span class='ocrx_word' id='word_1_26' title='bbox 575 463 593 501; x_wconf 83' lang='grc' dir='ltr'>τί</span> <span class='ocrx_word' id='word_1_27' title='bbox 605 478 634 511; x_wconf 82' lang='grc' dir='ltr'>μοι</span> <span class='ocrx_word' id='word_1_28' title='bbox 648 464 732 513; x_wconf 75' lang='grc' dir='ltr'>συμφέρει</span> <span class='ocrx_word' id='word_1_29' title='bbox 746 465 779 513; x_wconf 80' lang='grc' dir='ltr'>ἐγὼ</span> <span class='ocrx_word' id='word_1_30' title='bbox 790 479 818 513; x_wconf 88' lang='grc' dir='ltr'>γι-</span> 
     </span>
    </p>
   </div>
   <div class='ocr_carea' id='block_1_6' title="bbox 80 516 422 677">
    <p class='ocr_par' dir='ltr' id='par_1_6' title="bbox 80 516 422 677">
     <span class='ocr_line' id='line_1_6' title="bbox 80 516 421 567; baseline 0.006 -14"><span class='ocrx_word' id='word_1_31' title='bbox 80 516 163 567; x_wconf 78' lang='grc' dir='ltr'>παιδάριιι</span> <span class='ocrx_word' id='word_1_32' title='bbox 179 517 214 556; x_wconf 78' lang='grc' dir='ltr'>δύο.</span> <span class='ocrx_word' id='word_1_33' title='bbox 233 518 250 556; x_wconf 87' lang='grc'>6.</span> <span class='ocrx_word' id='word_1_34' title='bbox 274 520 304 555; x_wconf 81' lang='grc' dir='ltr'>τοῦ</span> <span class='ocrx_word' id='word_1_35' title='bbox 320 518 421 567; x_wconf 74' lang='grc' dir='ltr'>συλληφθῆ-</span> 
     </span>
     <span class='ocr_line' id='line_1_7' title="bbox 80 571 420 622; baseline 0.009 -14"><span class='ocrx_word' id='word_1_36' title='bbox 80 586 107 609; x_wconf 86' lang='grc' dir='ltr'>ναι</span> <span class='ocrx_word' id='word_1_37' title='bbox 122 575 200 610; x_wconf 85' lang='grc' dir='ltr'>τοιοῦτον</span> <span class='ocrx_word' id='word_1_38' title='bbox 213 571 313 622; x_wconf 66' lang='grc' dir='ltr'>πρεσβύτην</span> <span class='ocrx_word' id='word_1_39' title='bbox 326 573 382 622; x_wconf 73' lang='grc' dir='ltr'>ἄνδρα.</span> <span class='ocrx_word' id='word_1_40' title='bbox 403 581 420 622; x_wconf 82' lang='grc'>7.</span> 
     </span>
     <span class='ocr_line' id='line_1_8' title="bbox 80 626 422 677; baseline 0.009 -14"><span class='ocrx_word' id='word_1_41' title='bbox 80 626 196 670; x_wconf 81' lang='grc' dir='ltr'>ἀκουσάντων,</span> <span class='ocrx_word' id='word_1_42' title='bbox 206 626 232 665; x_wconf 81' lang='grc' dir='ltr'>ὅτι</span> <span class='ocrx_word' id='word_1_43' title='bbox 243 626 355 677; x_wconf 78' lang='grc' dir='ltr'>Πολύκαρπος</span> <span class='ocrx_word' id='word_1_44' title='bbox 367 628 422 666; x_wconf 89' lang='grc' dir='ltr'>συνεί·</span> 
     </span>
    </p>
   </div>
   <div class='ocr_carea' id='block_1_7' title="bbox 477 517 820 622">
    <p class='ocr_par' dir='ltr' id='par_1_7' title="bbox 477 517 820 622">
     <span class='ocr_line' id='line_1_9' title="bbox 477 517 820 570; baseline -0.003 -13"><span class='ocrx_word' id='word_1_45' title='bbox 477 520 544 557; x_wconf 81' lang='grc' dir='ltr'>νώσκω,</span> <span class='ocrx_word' id='word_1_46' title='bbox 566 517 609 570; x_wconf 80' lang='lat' dir='ltr'>Igu.</span> <span class='ocrx_word' id='word_1_47' title='bbox 619 517 674 557; x_wconf 85' lang='lat' dir='ltr'>Rom.</span> <span class='ocrx_word' id='word_1_48' title='bbox 684 525 702 566; x_wconf 85' lang='lat'>5.</span> <span class='ocrx_word' id='word_1_49' title='bbox 726 518 820 568; x_wconf 84' lang='grc' dir='ltr'>Συνέφερεν</span> 
     </span>
     <span class='ocr_line' id='line_1_10' title="bbox 478 572 820 622; baseline 0.003 -12"><span class='ocrx_word' id='word_1_50' title='bbox 478 573 497 610; x_wconf 79' lang='grc' dir='ltr'>δὲ</span> <span class='ocrx_word' id='word_1_51' title='bbox 510 574 568 611; x_wconf 71' lang='grc' dir='ltr'>αὐτοῖς</span> <span class='ocrx_word' id='word_1_52' title='bbox 581 573 654 622; x_wconf 82' lang='grc' dir='ltr'>άγαπᾶν,</span> <span class='ocrx_word' id='word_1_53' title='bbox 664 572 690 611; x_wconf 87' lang='grc' dir='ltr'>’ίνα</span> <span class='ocrx_word' id='word_1_54' title='bbox 704 574 730 611; x_wconf 79' lang='grc' dir='ltr'>καὶ</span> <span class='ocrx_word' id='word_1_55' title='bbox 743 574 820 611; x_wconf 83' lang='grc' dir='ltr'>άναστῶ-</span> 
     </span>
    </p>
   </div>
   <div class='ocr_carea' id='block_1_8' title="bbox 478 626 632 679">
    <p class='ocr_par' dir='ltr' id='par_1_8' title="bbox 478 626 632 679">
     <span class='ocr_line' id='line_1_11' title="bbox 478 626 632 679; baseline 0.006 -14"><span class='ocrx_word' id='word_1_56' title='bbox 478 643 512 665; x_wconf 88' lang='grc' dir='ltr'>σιν.</span> <span class='ocrx_word' id='word_1_57' title='bbox 527 626 604 679; x_wconf 75' lang='lat' dir='ltr'>Smyru.</span> <span class='ocrx_word' id='word_1_58' title='bbox 615 634 632 677; x_wconf 79' lang='grc'>7.</span> 
     </span>
    </p>
   </div>
   <div class='ocr_carea' id='block_1_9' title="bbox 80 681 818 733">
    <p class='ocr_par' dir='ltr' id='par_1_9' title="bbox 80 681 818 733">
     <span class='ocr_line' id='line_1_12' title="bbox 80 681 818 733; baseline 0.007 -15"><span class='ocrx_word' id='word_1_59' title='bbox 80 682 150 729; x_wconf 89' lang='grc' dir='ltr'>ληπται.</span> <span class='ocrx_word' id='word_1_60' title='bbox 174 694 192 731; x_wconf 87' lang='grc'>9.</span> <span class='ocrx_word' id='word_1_61' title='bbox 230 681 335 733; x_wconf 77' lang='grc' dir='ltr'>Συνειληφθη</span> <span class='ocrx_word' id='word_1_62' title='bbox 353 683 371 720; x_wconf 79' lang='grc' dir='ltr'>δὲ</span> <span class='ocrx_word' id='word_1_63' title='bbox 389 683 421 721; x_wconf 74' lang='grc' dir='ltr'>ὑπὸ</span> <span class='ocrx_word' id='word_1_64' title='bbox 449 684 538 732; x_wconf 83' lang='grc' dir='ltr'>Σομφορά,</span> <span class='ocrx_word' id='word_1_65' title='bbox 559 683 651 732; x_wconf 76' lang='grc' dir='ltr'>συμφοράς</span> <span class='ocrx_word' id='word_1_66' title='bbox 664 682 818 732; x_wconf 77' lang='grc' dir='ltr'>καλπεριπτάσεις.</span> 
     </span>
    </p>
   </div>
   <div class='ocr_carea' id='block_1_10' title="bbox 80 735 213 786">
    <p class='ocr_par' dir='ltr' id='par_1_10' title="bbox 80 735 213 786">
     <span class='ocr_line' id='line_1_13' title="bbox 80 735 213 786; baseline 0.015 -13"><span class='ocrx_word' id='word_1_67' title='bbox 80 735 164 786; x_wconf 79' lang='grc' dir='ltr'>Ἡρώδου.</span> <span class='ocrx_word' id='word_1_68' title='bbox 182 748 213 775; x_wconf 84' lang='lat'>21.</span> 
     </span>
    </p>
   </div>
   <div class='ocr_carea' id='block_1_11' title="bbox 478 735 588 776">
    <p class='ocr_par' dir='ltr' id='par_1_11' title="bbox 478 735 588 776">
     <span class='ocr_line' id='line_1_14' title="bbox 478 735 588 776; baseline -0.009 0"><span class='ocrx_word' id='word_1_69' title='bbox 478 736 538 776; x_wconf 80' lang='lat' dir='ltr'>Olem.</span> <span class='ocrx_word' id='word_1_70' title='bbox 548 735 561 775; x_wconf 87' lang='lat' dir='ltr'>I</span> <span class='ocrx_word' id='word_1_71' title='bbox 573 750 588 776; x_wconf 90' lang='lat'>1.</span> 
     </span>
    </p>
   </div>
   <div class='ocr_carea' id='block_1_12' title="bbox 53 790 819 843">
    <p class='ocr_par' dir='ltr' id='par_1_12' title="bbox 53 790 819 843">
     <span class='ocr_line' id='line_1_15' title="bbox 53 790 819 843; baseline 0.003 -16"><span class='ocrx_word' id='word_1_72' title='bbox 53 791 139 841; x_wconf 79' lang='grc' dir='ltr'>Συλλογίμ</span> <span class='ocrx_word' id='word_1_73' title='bbox 168 792 196 829; x_wconf 77' lang='grc' dir='ltr'>διὰ</span> <span class='ocrx_word' id='word_1_74' title='bbox 204 794 234 840; x_wconf 77' lang='grc' dir='ltr'>τῆς</span> <span class='ocrx_word' id='word_1_75' title='bbox 245 794 332 843; x_wconf 78' lang='grc' dir='ltr'>συλλογῆς</span> <span class='ocrx_word' id='word_1_76' title='bbox 343 795 373 830; x_wconf 82' lang='grc' dir='ltr'>τοῦ</span> <span class='ocrx_word' id='word_1_77' title='bbox 385 795 419 830; x_wconf 91' lang='grc' dir='ltr'>λει-</span> <span class='ocrx_word' id='word_1_78' title='bbox 450 791 550 841; x_wconf 79' lang='grc' dir='ltr'>Σίμφωνοε,</span> <span class='ocrx_word' id='word_1_79' title='bbox 569 790 819 841; x_wconf 75' lang='grc' dir='ltr'>ε’ντῇάμονοίηῦμῶνκαῖσάμ·</span> 
     </span>
    </p>
   </div>
   <div class='ocr_carea' id='block_1_13' title="bbox 79 845 302 899">
    <p class='ocr_par' dir='ltr' id='par_1_13' title="bbox 79 845 302 899">
     <span class='ocr_line' id='line_1_16' title="bbox 79 845 302 899; baseline 0.013 -16"><span class='ocrx_word' id='word_1_80' title='bbox 79 846 146 896; x_wconf 74' lang='grc' dir='ltr'>φαίνου.</span> <span class='ocrx_word' id='word_1_81' title='bbox 161 845 218 885; x_wconf 63' lang='lat' dir='ltr'>Maru.</span> <span class='ocrx_word' id='word_1_82' title='bbox 229 847 271 899; x_wconf 88' lang='lat' dir='ltr'>Igu.</span> <span class='ocrx_word' id='word_1_83' title='bbox 283 848 302 886; x_wconf 89' lang='lat'>6.</span> 
     </span>
    </p>
   </div>
   <div class='ocr_carea' id='block_1_14' title="bbox 53 901 421 1009">
    <p class='ocr_par' dir='ltr' id='par_1_14' title="bbox 53 901 421 1009">
     <span class='ocr_line' id='line_1_17' title="bbox 53 901 421 952; baseline 0.005 -14"><span class='ocrx_word' id='word_1_84' title='bbox 53 901 158 948; x_wconf 84' lang='grc' dir='ltr'>Συμβαίνειν.</span> <span class='ocrx_word' id='word_1_85' title='bbox 178 903 232 941; x_wconf 74' lang='grc' dir='ltr'>καθὼς</span> <span class='ocrx_word' id='word_1_86' title='bbox 240 906 334 952; x_wconf 82' lang='grc' dir='ltr'>φρονοῦσιν</span> <span class='ocrx_word' id='word_1_87' title='bbox 343 903 370 940; x_wconf 81' lang='grc' dir='ltr'>καὶ</span> <span class='ocrx_word' id='word_1_88' title='bbox 378 918 421 951; x_wconf 91' lang='grc' dir='ltr'>συμ-</span> 
     </span>
     <span class='ocr_line' id='line_1_18' title="bbox 79 955 419 1009; baseline 0.009 -16"><span class='ocrx_word' id='word_1_89' title='bbox 79 955 154 1004; x_wconf 81' lang='grc' dir='ltr'>βίησεται</span> <span class='ocrx_word' id='word_1_90' title='bbox 170 957 232 996; x_wconf 73' lang='grc' dir='ltr'>αὐτοῖς,</span> <span class='ocrx_word' id='word_1_91' title='bbox 254 957 300 1009; x_wconf 84' lang='lat' dir='ltr'>Igu.</span> <span class='ocrx_word' id='word_1_92' title='bbox 311 957 385 1009; x_wconf 81' lang='lat' dir='ltr'>Smyru.</span> <span class='ocrx_word' id='word_1_93' title='bbox 401 970 419 996; x_wconf 83' lang='lat'>2.</span> 
     </span>
    </p>
   </div>
   <div class='ocr_carea' id='block_1_15' title="bbox 477 846 821 1008">
    <p class='ocr_par' dir='ltr' id='par_1_15' title="bbox 477 846 821 1008">
     <span class='ocr_line' id='line_1_19' title="bbox 478 846 820 899; baseline 0.003 -15"><span class='ocrx_word' id='word_1_94' title='bbox 478 847 604 898; x_wconf 80' lang='grc' dir='ltr'>φάνῳάγάπη.</span> <span class='ocrx_word' id='word_1_95' title='bbox 621 847 663 899; x_wconf 83' lang='lat' dir='ltr'>Igu.</span> <span class='ocrx_word' id='word_1_96' title='bbox 673 846 722 898; x_wconf 78' lang='lat' dir='ltr'>Eph.</span> <span class='ocrx_word' id='word_1_97' title='bbox 732 859 751 894; x_wconf 87' lang='lat'>4.</span> <span class='ocrx_word' id='word_1_98' title='bbox 775 846 820 895; x_wconf 75' lang='grc' dir='ltr'>σίμ-</span> 
     </span>
     <span class='ocr_line' id='line_1_20' title="bbox 477 900 821 951; baseline 0 -12"><span class='ocrx_word' id='word_1_99' title='bbox 477 904 534 951; x_wconf 89' lang='grc' dir='ltr'>φωνοι</span> <span class='ocrx_word' id='word_1_100' title='bbox 553 902 599 941; x_wconf 72' lang='grc' dir='ltr'>ὄντες</span> <span class='ocrx_word' id='word_1_101' title='bbox 614 903 632 940; x_wconf 80' lang='grc' dir='ltr'>ἐν</span> <span class='ocrx_word' id='word_1_102' title='bbox 648 903 721 951; x_wconf 78' lang='grc' dir='ltr'>ὁμονοίᾳ,</span> <span class='ocrx_word' id='word_1_103' title='bbox 739 900 765 940; x_wconf 82' lang='lat' dir='ltr'>ib.</span> <span class='ocrx_word' id='word_1_104' title='bbox 793 900 821 940; x_wconf 78' lang='grc' dir='ltr'>ἵνα</span> 
     </span>
     <span class='ocr_line' id='line_1_21' title="bbox 477 955 786 1008; baseline 0.006 -14"><span class='ocrx_word' id='word_1_105' title='bbox 477 959 533 995; x_wconf 87' lang='grc' dir='ltr'>πάντα</span> <span class='ocrx_word' id='word_1_106' title='bbox 542 957 560 995; x_wconf 77' lang='grc' dir='ltr'>έν</span> <span class='ocrx_word' id='word_1_107' title='bbox 569 959 633 1006; x_wconf 84' lang='grc' dir='ltr'>ἑνότητι</span> <span class='ocrx_word' id='word_1_108' title='bbox 643 956 728 1008; x_wconf 80' lang='grc' dir='ltr'>σύμφωνα</span> <span class='ocrx_word' id='word_1_109' title='bbox 736 955 753 1006; x_wconf 77' lang='grc' dir='ltr'>ᾖ.</span> <span class='ocrx_word' id='word_1_110' title='bbox 769 965 786 1005; x_wconf 88' lang='grc'>5.</span> 
     </span>
    </p>
   </div>
   <div class='ocr_carea' id='block_1_16' title="bbox 80 1012 819 1065">
    <p class='ocr_par' dir='ltr' id='par_1_16' title="bbox 80 1012 819 1065">
     <span class='ocr_line' id='line_1_22' title="bbox 80 1012 819 1065; baseline 0.003 -18"><span class='ocrx_word' id='word_1_111' title='bbox 80 1015 115 1048; x_wconf 83' lang='grc' dir='ltr'>τῶν</span> <span class='ocrx_word' id='word_1_112' title='bbox 131 1013 201 1050; x_wconf 83' lang='grc' dir='ltr'>πώποτε</span> <span class='ocrx_word' id='word_1_113' title='bbox 220 1015 353 1061; x_wconf 77' lang='grc' dir='ltr'>συμβεβηκότων</span> <span class='ocrx_word' id='word_1_114' title='bbox 369 1014 419 1065; x_wconf 74' lang='grc' dir='ltr'>αὐτῷ.</span> <span class='ocrx_word' id='word_1_115' title='bbox 450 1014 535 1062; x_wconf 87' lang='grc' dir='ltr'>Συνάγειν.</span> <span class='ocrx_word' id='word_1_116' title='bbox 568 1013 586 1050; x_wconf 78' lang='grc' dir='ltr'>ἐν</span> <span class='ocrx_word' id='word_1_117' title='bbox 603 1013 671 1061; x_wconf 77' lang='grc' dir='ltr'>ὁμονοίᾳ</span> <span class='ocrx_word' id='word_1_118' title='bbox 692 1013 720 1051; x_wconf 80' lang='grc' dir='ltr'>ἐπὶ</span> <span class='ocrx_word' id='word_1_119' title='bbox 740 1013 759 1050; x_wconf 82' lang='grc' dir='ltr'>τά</span> <span class='ocrx_word' id='word_1_120' title='bbox 777 1012 819 1049; x_wconf 78' lang='grc' dir='ltr'>αὐτὸ</span> 
     </span>
    </p>
   </div>
   <div class='ocr_carea' id='block_1_17' title="bbox 54 1064 422 1554">
    <p class='ocr_par' dir='ltr' id='par_1_17' title="bbox 81 1064 245 1118">
     <span class='ocr_line' id='line_1_23' title="bbox 81 1064 245 1118; baseline 0.012 -15"><span class='ocrx_word' id='word_1_121' title='bbox 81 1064 140 1105; x_wconf 77' lang='lat' dir='ltr'>Mart.</span> <span class='ocrx_word' id='word_1_122' title='bbox 152 1065 216 1118; x_wconf 76' lang='lat' dir='ltr'>Polyo.</span> <span class='ocrx_word' id='word_1_123' title='bbox 228 1069 245 1105; x_wconf 91' lang='lat'>8.</span> 
     </span>
    </p>

    <p class='ocr_par' dir='ltr' id='par_1_18' title="bbox 54 1121 421 1337">
     <span class='ocr_line' id='line_1_24' title="bbox 54 1121 420 1174; baseline 0.005 -16"><span class='ocrx_word' id='word_1_124' title='bbox 54 1122 167 1169; x_wconf 84' lang='grc' dir='ltr'>Συμβάλλειν.</span> <span class='ocrx_word' id='word_1_125' title='bbox 185 1124 283 1169; x_wconf 85' lang='grc' dir='ltr'>συμβάλετε</span> <span class='ocrx_word' id='word_1_126' title='bbox 292 1122 360 1161; x_wconf 74' lang='grc' dir='ltr'>ἑαυτοὺς</span> <span class='ocrx_word' id='word_1_127' title='bbox 368 1121 420 1174; x_wconf 63' lang='grc' dir='ltr'>ἑάλω.</span> 
     </span>
     <span class='ocr_line' id='line_1_25' title="bbox 81 1174 421 1226; baseline 0 -12"><span class='ocrx_word' id='word_1_128' title='bbox 81 1174 143 1214; x_wconf 83' lang='lat' dir='ltr'>Olem.</span> <span class='ocrx_word' id='word_1_129' title='bbox 157 1176 166 1214; x_wconf 94' lang='grc' dir='ltr'>Ι</span> <span class='ocrx_word' id='word_1_130' title='bbox 181 1188 212 1226; x_wconf 85' lang='lat'>23,</span> <span class='ocrx_word' id='word_1_131' title='bbox 225 1181 245 1216; x_wconf 77' lang='grc' dir='ltr'>οί</span> <span class='ocrx_word' id='word_1_132' title='bbox 259 1176 281 1215; x_wconf 91' lang='grc' dir='ltr'>Π</span> <span class='ocrx_word' id='word_1_133' title='bbox 297 1188 327 1215; x_wconf 89' lang='lat'>11.</span> <span class='ocrx_word' id='word_1_134' title='bbox 355 1179 421 1225; x_wconf 79' lang='grc' dir='ltr'>σομβα·</span> 
     </span>
     <span class='ocr_line' id='line_1_26' title="bbox 80 1231 420 1282; baseline 0.006 -15"><span class='ocrx_word' id='word_1_135' title='bbox 80 1232 141 1270; x_wconf 78' lang='grc' dir='ltr'>λάντες</span> <span class='ocrx_word' id='word_1_136' title='bbox 158 1231 189 1270; x_wconf 73' lang='grc' dir='ltr'>τάν</span> <span class='ocrx_word' id='word_1_137' title='bbox 207 1231 258 1281; x_wconf 75' lang='grc' dir='ltr'>ίφειο</span> <span class='ocrx_word' id='word_1_138' title='bbox 275 1235 309 1269; x_wconf 85' lang='grc' dir='ltr'>τῶν</span> <span class='ocrx_word' id='word_1_139' title='bbox 328 1232 420 1282; x_wconf 83' lang='grc' dir='ltr'>ὀνειράτων.</span> 
     </span>
     <span class='ocr_line' id='line_1_27' title="bbox 81 1284 223 1337; baseline 0.007 -14"><span class='ocrx_word' id='word_1_140' title='bbox 81 1284 140 1325; x_wconf 78' lang='lat' dir='ltr'>Mart.</span> <span class='ocrx_word' id='word_1_141' title='bbox 151 1285 193 1337; x_wconf 84' lang='lat' dir='ltr'>Igu.</span> <span class='ocrx_word' id='word_1_142' title='bbox 205 1293 223 1335; x_wconf 82' lang='lat'>7.</span> 
     </span>
    </p>

    <p class='ocr_par' dir='ltr' id='par_1_19' title="bbox 54 1339 422 1500">
     <span class='ocr_line' id='line_1_28' title="bbox 54 1339 422 1389; baseline 0.003 -12"><span class='ocrx_word' id='word_1_143' title='bbox 54 1339 134 1389; x_wconf 79' lang='grc' dir='ltr'>Σίμβιοτ.</span> <span class='ocrx_word' id='word_1_144' title='bbox 176 1344 212 1380; x_wconf 78' lang='grc' dir='ltr'>τοῖς</span> <span class='ocrx_word' id='word_1_145' title='bbox 234 1341 314 1389; x_wconf 80' lang='grc' dir='ltr'>συμβίοις</span> <span class='ocrx_word' id='word_1_146' title='bbox 335 1342 422 1389; x_wconf 76' lang='grc' dir='ltr'>ἀρκεῖσθαι</span> 
     </span>
     <span class='ocr_line' id='line_1_29' title="bbox 81 1394 419 1448; baseline 0.006 -15"><span class='ocrx_word' id='word_1_147' title='bbox 81 1397 133 1445; x_wconf 85' lang='grc' dir='ltr'>σαρκὶ</span> <span class='ocrx_word' id='word_1_148' title='bbox 142 1397 169 1433; x_wconf 78' lang='grc' dir='ltr'>καὶ</span> <span class='ocrx_word' id='word_1_149' title='bbox 178 1394 263 1444; x_wconf 72' lang='grc' dir='ltr'>πνεύματι.</span> <span class='ocrx_word' id='word_1_150' title='bbox 278 1395 319 1447; x_wconf 88' lang='lat' dir='ltr'>Igu.</span> <span class='ocrx_word' id='word_1_151' title='bbox 331 1396 394 1448; x_wconf 80' lang='lat' dir='ltr'>Polyc.</span> <span class='ocrx_word' id='word_1_152' title='bbox 403 1405 419 1445; x_wconf 87' lang='lat'>5.</span> 
     </span>
     <span class='ocr_line' id='line_1_30' title="bbox 80 1450 322 1500; baseline 0.008 -13"><span class='ocrx_word' id='word_1_153' title='bbox 80 1451 149 1500; x_wconf 84' lang='grc' dir='ltr'>άγαπῖιν</span> <span class='ocrx_word' id='word_1_154' title='bbox 157 1452 283 1499; x_wconf 81' lang='grc' dir='ltr'>τάτσυμβίους.</span> <span class='ocrx_word' id='word_1_155' title='bbox 297 1450 322 1489; x_wconf 88' lang='lat' dir='ltr'>ib.</span> 
     </span>
    </p>

    <p class='ocr_par' dir='ltr' id='par_1_20' title="bbox 54 1504 421 1554">
     <span class='ocr_line' id='line_1_31' title="bbox 54 1504 421 1554; baseline 0 -12"><span class='ocrx_word' id='word_1_156' title='bbox 54 1504 186 1553; x_wconf 81' lang='grc' dir='ltr'>Συμβουλεάειν.</span> <span class='ocrx_word' id='word_1_157' title='bbox 222 1507 247 1543; x_wconf 77' lang='grc' dir='ltr'>Οὐ</span> <span class='ocrx_word' id='word_1_158' title='bbox 264 1505 323 1554; x_wconf 85' lang='grc' dir='ltr'>μέλλω</span> <span class='ocrx_word' id='word_1_159' title='bbox 340 1508 394 1545; x_wconf 83' lang='grc' dir='ltr'>ποιεῖν</span> <span class='ocrx_word' id='word_1_160' title='bbox 411 1504 421 1542; x_wconf 80' lang='grc' dir='ltr'>ά</span> 
     </span>
    </p>
   </div>
   <div class='ocr_carea' id='block_1_18' title="bbox 475 1066 819 1556">
    <p class='ocr_par' dir='ltr' id='par_1_21' title="bbox 475 1066 819 1556">
     <span class='ocr_line' id='line_1_32' title="bbox 477 1066 819 1116; baseline 0.006 -13"><span class='ocrx_word' id='word_1_161' title='bbox 477 1067 594 1116; x_wconf 75' lang='grc' dir='ltr'>συναχθέντες.</span> <span class='ocrx_word' id='word_1_162' title='bbox 619 1066 678 1107; x_wconf 76' lang='lat' dir='ltr'>Olem.</span> <span class='ocrx_word' id='word_1_163' title='bbox 698 1066 712 1105; x_wconf 83' lang='lat' dir='ltr'>I·</span> <span class='ocrx_word' id='word_1_164' title='bbox 730 1079 761 1116; x_wconf 84' lang='lat'>34.</span> <span class='ocrx_word' id='word_1_165' title='bbox 796 1068 819 1105; x_wconf 72' lang='lat' dir='ltr'>Iu</span> 
     </span>
     <span class='ocr_line' id='line_1_33' title="bbox 476 1122 819 1172; baseline -0.003 -12"><span class='ocrx_word' id='word_1_166' title='bbox 476 1123 526 1160; x_wconf 78' lang='grc' dir='ltr'>πάσα</span> <span class='ocrx_word' id='word_1_167' title='bbox 538 1123 613 1172; x_wconf 82' lang='grc' dir='ltr'>γλῶσσα</span> <span class='ocrx_word' id='word_1_168' title='bbox 624 1122 734 1161; x_wconf 75' lang='grc' dir='ltr'>πιστεύσασα</span> <span class='ocrx_word' id='word_1_169' title='bbox 742 1122 766 1160; x_wconf 76' lang='grc' dir='ltr'>εἰς</span> <span class='ocrx_word' id='word_1_170' title='bbox 775 1123 819 1159; x_wconf 84' lang='grc' dir='ltr'>θεὸν</span> 
     </span>
     <span class='ocr_line' id='line_1_34' title="bbox 476 1175 819 1229; baseline 0 -16"><span class='ocrx_word' id='word_1_171' title='bbox 476 1175 559 1225; x_wconf 72' lang='grc' dir='ltr'>συνήχθη.</span> <span class='ocrx_word' id='word_1_172' title='bbox 579 1176 621 1229; x_wconf 84' lang='lat' dir='ltr'>Igu.</span> <span class='ocrx_word' id='word_1_173' title='bbox 638 1176 702 1229; x_wconf 77' lang='lat' dir='ltr'>Magn.</span> <span class='ocrx_word' id='word_1_174' title='bbox 722 1190 751 1216; x_wconf 88' lang='grc' dir='ltr'>ιο.</span> <span class='ocrx_word' id='word_1_175' title='bbox 777 1177 819 1214; x_wconf 83' lang='grc' dir='ltr'>κατὰ</span> 
     </span>
     <span class='ocr_line' id='line_1_35' title="bbox 476 1232 818 1282; baseline -0.003 -13"><span class='ocrx_word' id='word_1_176' title='bbox 476 1232 506 1269; x_wconf 78' lang='grc' dir='ltr'>τὸν</span> <span class='ocrx_word' id='word_1_177' title='bbox 520 1233 578 1280; x_wconf 81' lang='grc' dir='ltr'>καιρὸν</span> <span class='ocrx_word' id='word_1_178' title='bbox 592 1235 623 1269; x_wconf 81' lang='grc' dir='ltr'>τοῦ</span> <span class='ocrx_word' id='word_1_179' title='bbox 638 1232 729 1282; x_wconf 84' lang='grc' dir='ltr'>μαρτυρίου</span> <span class='ocrx_word' id='word_1_180' title='bbox 745 1233 818 1280; x_wconf 85' lang='grc' dir='ltr'>συναγό-</span> 
     </span>
     <span class='ocr_line' id='line_1_36' title="bbox 475 1285 817 1338; baseline 0 -15"><span class='ocrx_word' id='word_1_181' title='bbox 475 1301 528 1335; x_wconf 87' lang='grc' dir='ltr'>μενσι.</span> <span class='ocrx_word' id='word_1_182' title='bbox 546 1285 604 1325; x_wconf 75' lang='lat' dir='ltr'>Mart.</span> <span class='ocrx_word' id='word_1_183' title='bbox 618 1286 660 1338; x_wconf 87' lang='lat' dir='ltr'>Igu.</span> <span class='ocrx_word' id='word_1_184' title='bbox 672 1298 689 1336; x_wconf 85' lang='lat'>7.</span> <span class='ocrx_word' id='word_1_185' title='bbox 713 1288 817 1336; x_wconf 87' lang='grc' dir='ltr'>συναγαγόν-</span> 
     </span>
     <span class='ocr_line' id='line_1_37' title="bbox 475 1340 817 1392; baseline 0 -13"><span class='ocrx_word' id='word_1_186' title='bbox 475 1356 510 1379; x_wconf 84' lang='grc' dir='ltr'>πων</span> <span class='ocrx_word' id='word_1_187' title='bbox 519 1342 537 1378; x_wconf 79' lang='grc' dir='ltr'>έκ</span> <span class='ocrx_word' id='word_1_188' title='bbox 549 1356 567 1378; x_wconf 86' lang='grc' dir='ltr'>τε</span> <span class='ocrx_word' id='word_1_189' title='bbox 579 1346 613 1379; x_wconf 82' lang='grc' dir='ltr'>τῶν</span> <span class='ocrx_word' id='word_1_190' title='bbox 623 1342 742 1392; x_wconf 79' lang='grc' dir='ltr'>ἐργαστηρίων.</span> <span class='ocrx_word' id='word_1_191' title='bbox 758 1340 817 1380; x_wconf 72' lang='lat' dir='ltr'>Mart.</span> 
     </span>
     <span class='ocr_line' id='line_1_38' title="bbox 476 1395 817 1446; baseline -0.003 -12"><span class='ocrx_word' id='word_1_192' title='bbox 476 1395 541 1446; x_wconf 81' lang='lat' dir='ltr'>Polyc.</span> <span class='ocrx_word' id='word_1_193' title='bbox 554 1408 584 1445; x_wconf 81' lang='lat'>13.</span> <span class='ocrx_word' id='word_1_194' title='bbox 608 1399 631 1436; x_wconf 78' lang='grc' dir='ltr'>ὧς</span> <span class='ocrx_word' id='word_1_195' title='bbox 640 1398 710 1434; x_wconf 83' lang='grc' dir='ltr'>δυνατὸν</span> <span class='ocrx_word' id='word_1_196' title='bbox 718 1396 756 1444; x_wconf 81' lang='grc' dir='ltr'>ἡμῖν</span> <span class='ocrx_word' id='word_1_197' title='bbox 765 1411 817 1434; x_wconf 91' lang='grc' dir='ltr'>συνα-</span> 
     </span>
     <span class='ocr_line' id='line_1_39' title="bbox 475 1451 818 1502; baseline 0.009 -16"><span class='ocrx_word' id='word_1_198' title='bbox 475 1452 559 1500; x_wconf 69' lang='grc' dir='ltr'>γομένοις.</span> <span class='ocrx_word' id='word_1_199' title='bbox 570 1453 600 1489; x_wconf 86' lang='lat'>18.</span> <span class='ocrx_word' id='word_1_200' title='bbox 624 1453 724 1502; x_wconf 80' lang='grc' dir='ltr'>συναγαγὼν</span> <span class='ocrx_word' id='word_1_201' title='bbox 732 1451 790 1495; x_wconf 72' lang='grc' dir='ltr'>αὐτὰ,Ι</span> <span class='ocrx_word' id='word_1_202' title='bbox 799 1480 803 1489; x_wconf 96' lang='grc'>.</span> <span class='ocrx_word' id='word_1_203' title='bbox 813 1479 818 1489; x_wconf 93' lang='grc'>.</span> 
     </span>
     <span class='ocr_line' id='line_1_40' title="bbox 476 1503 791 1556; baseline 0.003 -14"><span class='ocrx_word' id='word_1_204' title='bbox 476 1503 503 1543; x_wconf 86' lang='grc' dir='ltr'>ἵνα</span> <span class='ocrx_word' id='word_1_205' title='bbox 512 1505 553 1553; x_wconf 81' lang='grc' dir='ltr'>κάμὲ</span> <span class='ocrx_word' id='word_1_206' title='bbox 563 1507 650 1556; x_wconf 88' lang='grc' dir='ltr'>συναγάγη</span> <span class='ocrx_word' id='word_1_207' title='bbox 660 1508 669 1543; x_wconf 83' lang='grc' dir='ltr'>ά</span> <span class='ocrx_word' id='word_1_208' title='bbox 679 1505 745 1556; x_wconf 71' lang='grc' dir='ltr'>Κύριος.</span> <span class='ocrx_word' id='word_1_209' title='bbox 761 1518 791 1543; x_wconf 75' lang='lat'>22.</span> 
     </span>
    </p>
   </div>
   <div class='ocr_carea' id='block_1_19' title="bbox 16 1559 854 1723">
    <p class='ocr_par' dir='ltr' id='par_1_22' title="bbox 16 1559 854 1723">
     <span class='ocr_line' id='line_1_41' title="bbox 81 1559 854 1612; baseline 0.003 -15"><span class='ocrx_word' id='word_1_210' title='bbox 81 1559 211 1609; x_wconf 71' lang='grc' dir='ltr'>συμβουλεύετέ</span> <span class='ocrx_word' id='word_1_211' title='bbox 218 1576 251 1609; x_wconf 92' lang='grc' dir='ltr'>μοι.</span> <span class='ocrx_word' id='word_1_212' title='bbox 264 1559 322 1599; x_wconf 75' lang='lat' dir='ltr'>MurI.</span> <span class='ocrx_word' id='word_1_213' title='bbox 330 1560 393 1612; x_wconf 81' lang='lat' dir='ltr'>Polyc.</span> <span class='ocrx_word' id='word_1_214' title='bbox 402 1563 420 1600; x_wconf 88' lang='lat'>8.</span> <span class='ocrx_word' id='word_1_215' title='bbox 449 1560 546 1610; x_wconf 74' lang='grc' dir='ltr'>Συναγωγή.</span> <span class='ocrx_word' id='word_1_216' title='bbox 566 1561 818 1609; x_wconf 74' lang='grc' dir='ltr'>Τὸκίτοττῆς,..θαλάσσηε</span> <span class='ocrx_word' id='word_1_217' title='bbox 852 1571 854 1574; x_wconf 80' lang='grc'><strong>“</strong></span> 
     </span>
     <span class='ocr_line' id='line_1_42' title="bbox 53 1615 421 1666; baseline 0.005 -15"><span class='ocrx_word' id='word_1_218' title='bbox 53 1615 165 1662; x_wconf 73' lang='grc' dir='ltr'>Συμβοάλιον.</span> <span class='ocrx_word' id='word_1_219' title='bbox 186 1615 292 1663; x_wconf 71' lang='grc' dir='ltr'>συμβούλιον</span> <span class='ocrx_word' id='word_1_220' title='bbox 304 1616 372 1666; x_wconf 76' lang='grc' dir='ltr'>ἀγαγεῖν</span> <span class='ocrx_word' id='word_1_221' title='bbox 384 1616 421 1653; x_wconf 87' lang='grc' dir='ltr'>θεο-</span> 
     </span>
     <span class='ocr_line' id='line_1_43' title="bbox 16 1669 362 1723; baseline 0.003 -15"><span class='ocrx_word' id='word_1_222' title='bbox 16 1675 18 1679; x_wconf 78' lang='grc'>’</span> <span class='ocrx_word' id='word_1_223' title='bbox 80 1670 205 1720; x_wconf 83' lang='grc' dir='ltr'>πρεπέστατον.</span> <span class='ocrx_word' id='word_1_224' title='bbox 220 1670 262 1723; x_wconf 82' lang='lat' dir='ltr'>Igu.</span> <span class='ocrx_word' id='word_1_225' title='bbox 271 1669 334 1722; x_wconf 82' lang='lat' dir='ltr'>Polyc.</span> <span class='ocrx_word' id='word_1_226' title='bbox 345 1677 362 1719; x_wconf 84' lang='lat'>7.</span> 
     </span>
    </p>
   </div>
   <div class='ocr_carea' id='block_1_20' title="bbox 54 1724 420 1775">
    <p class='ocr_par' dir='ltr' id='par_1_23' title="bbox 54 1724 420 1775">
     <span class='ocr_line' id='line_1_44' title="bbox 54 1724 420 1775; baseline 0.005 -14"><span class='ocrx_word' id='word_1_227' title='bbox 54 1724 169 1773; x_wconf 78' lang='grc' dir='ltr'>Συμμαθητίης.</span> <span class='ocrx_word' id='word_1_228' title='bbox 191 1726 215 1763; x_wconf 72' lang='lat' dir='ltr'>(Im</span> <span class='ocrx_word' id='word_1_229' title='bbox 225 1725 291 1775; x_wconf 82' lang='grc' dir='ltr'>γένοιτο</span> <span class='ocrx_word' id='word_1_230' title='bbox 303 1727 329 1763; x_wconf 89' lang='grc' dir='ltr'>καὶ</span> <span class='ocrx_word' id='word_1_231' title='bbox 339 1725 381 1773; x_wconf 73' lang='grc' dir='ltr'>ἡμᾶς</span> <span class='ocrx_word' id='word_1_232' title='bbox 390 1753 394 1762; x_wconf 88' lang='grc'>.</span> <span class='ocrx_word' id='word_1_233' title='bbox 403 1754 420 1763; x_wconf 97' lang='grc'>..</span> 
     </span>
    </p>
   </div>
   <div class='ocr_carea' id='block_1_21' title="bbox 476 1615 817 1776">
    <p class='ocr_par' dir='ltr' id='par_1_24' title="bbox 476 1615 817 1776">
     <span class='ocr_line' id='line_1_45' title="bbox 480 1615 817 1666; baseline 0 -13"><span class='ocrx_word' id='word_1_234' title='bbox 480 1615 607 1653; x_wconf 76' lang='grc' dir='ltr'>...συσταθὲν</span> <span class='ocrx_word' id='word_1_235' title='bbox 624 1617 648 1655; x_wconf 75' lang='grc' dir='ltr'>εἷς</span> <span class='ocrx_word' id='word_1_236' title='bbox 666 1617 696 1654; x_wconf 70' lang='grc' dir='ltr'>τὰς</span> <span class='ocrx_word' id='word_1_237' title='bbox 711 1617 817 1666; x_wconf 74' lang='grc' dir='ltr'>συναγωγάς.</span> 
     </span>
     <span class='ocr_line' id='line_1_46' title="bbox 478 1668 816 1720; baseline 0 -12"><span class='ocrx_word' id='word_1_238' title='bbox 478 1668 538 1709; x_wconf 76' lang='lat' dir='ltr'>Ulem.</span> <span class='ocrx_word' id='word_1_239' title='bbox 555 1669 566 1707; x_wconf 89' lang='lat' dir='ltr'>I</span> <span class='ocrx_word' id='word_1_240' title='bbox 583 1682 614 1709; x_wconf 84' lang='lat'>20.</span> <span class='ocrx_word' id='word_1_241' title='bbox 642 1672 747 1720; x_wconf 84' lang='grc' dir='ltr'>Πυκνότερον</span> <span class='ocrx_word' id='word_1_242' title='bbox 764 1686 816 1708; x_wconf 88' lang='grc' dir='ltr'>συνα-</span> 
     </span>
     <span class='ocr_line' id='line_1_47' title="bbox 476 1723 807 1776; baseline 0.006 -15"><span class='ocrx_word' id='word_1_243' title='bbox 476 1725 532 1775; x_wconf 80' lang='grc' dir='ltr'>γωγαὶ</span> <span class='ocrx_word' id='word_1_244' title='bbox 540 1725 653 1774; x_wconf 90' lang='grc' dir='ltr'>γινέσθωσον.</span> <span class='ocrx_word' id='word_1_245' title='bbox 667 1724 710 1776; x_wconf 81' lang='lat' dir='ltr'>Igu.</span> <span class='ocrx_word' id='word_1_246' title='bbox 717 1723 778 1775; x_wconf 80' lang='lat' dir='ltr'>Polyc.</span> <span class='ocrx_word' id='word_1_247' title='bbox 788 1738 807 1773; x_wconf 82' lang='lat'>4.</span> 
     </span>
    </p>
   </div>
   <div class='ocr_carea' id='block_1_22' title="bbox 81 1778 817 1830">
    <p class='ocr_par' dir='ltr' id='par_1_25' title="bbox 81 1778 817 1830">
     <span class='ocr_line' id='line_1_48' title="bbox 81 1778 817 1830; baseline 0.001 -13"><span class='ocrx_word' id='word_1_248' title='bbox 81 1780 193 1828; x_wconf 74' lang='grc' dir='ltr'>συμμαθητάς</span> <span class='ocrx_word' id='word_1_249' title='bbox 207 1780 292 1830; x_wconf 79' lang='grc' dir='ltr'>γενέσθαι.</span> <span class='ocrx_word' id='word_1_250' title='bbox 312 1779 371 1820; x_wconf 69' lang='lat' dir='ltr'>Mart.</span> <span class='ocrx_word' id='word_1_251' title='bbox 385 1779 421 1820; x_wconf 88' lang='lat' dir='ltr'>Po·</span> <span class='ocrx_word' id='word_1_252' title='bbox 449 1781 547 1817; x_wconf 81' lang='grc' dir='ltr'>Συναθλεῖν.</span> <span class='ocrx_word' id='word_1_253' title='bbox 567 1778 817 1829; x_wconf 76' lang='grc' dir='ltr'>Συγκοπιᾶτεάλλὴλοις,συν-</span> 
     </span>
    </p>
   </div>
   <div class='ocr_carea' id='block_1_23' title="bbox 54 1833 420 1995">
    <p class='ocr_par' dir='ltr' id='par_1_26' title="bbox 54 1833 420 1995">
     <span class='ocr_line' id='line_1_49' title="bbox 54 1833 420 1939; baseline 0.003 -13"><span class='ocrx_word' id='word_1_254' title='bbox 54 1833 162 1938; x_wconf 56' lang='lat' dir='ltr'>261IIIX69I</span> <span class='ocrx_word' id='word_1_255' title='bbox 176 1887 202 1929; x_wconf 74' lang='grc' dir='ltr'>οἶς</span> <span class='ocrx_word' id='word_1_256' title='bbox 217 1891 244 1927; x_wconf 80' lang='grc' dir='ltr'>καὶ</span> <span class='ocrx_word' id='word_1_257' title='bbox 259 1890 339 1939; x_wconf 78' lang='grc' dir='ltr'>χρώμεθα</span> <span class='ocrx_word' id='word_1_258' title='bbox 354 1892 420 1938; x_wconf 89' lang='grc' dir='ltr'>συμμά-</span> 
     </span>
     <span class='ocr_line' id='line_1_50' title="bbox 80 1943 284 1995; baseline 0.005 -14"><span class='ocrx_word' id='word_1_259' title='bbox 80 1960 130 1993; x_wconf 74' lang='grc' dir='ltr'>χοιες</span> <span class='ocrx_word' id='word_1_260' title='bbox 144 1943 202 1983; x_wconf 73' lang='lat' dir='ltr'>Mart.</span> <span class='ocrx_word' id='word_1_261' title='bbox 212 1944 254 1995; x_wconf 83' lang='lat' dir='ltr'>Igu.</span> <span class='ocrx_word' id='word_1_262' title='bbox 266 1957 284 1982; x_wconf 77' lang='grc' dir='ltr'>ο.</span> 
     </span>
    </p>
   </div>
   <div class='ocr_carea' id='block_1_24' title="bbox 476 1833 817 1939">
    <p class='ocr_par' dir='ltr' id='par_1_27' title="bbox 476 1833 817 1939">
     <span class='ocr_line' id='line_1_51' title="bbox 476 1833 817 1885; baseline 0.003 -14"><span class='ocrx_word' id='word_1_263' title='bbox 476 1835 549 1873; x_wconf 87' lang='grc' dir='ltr'>αθλεῖτε,</span> <span class='ocrx_word' id='word_1_264' title='bbox 574 1834 616 1885; x_wconf 88' lang='lat' dir='ltr'>Igu.</span> <span class='ocrx_word' id='word_1_265' title='bbox 635 1833 698 1885; x_wconf 77' lang='lat' dir='ltr'>Polyc.</span> <span class='ocrx_word' id='word_1_266' title='bbox 717 1835 735 1872; x_wconf 85' lang='lat'>6.</span> <span class='ocrx_word' id='word_1_267' title='bbox 765 1850 817 1872; x_wconf 84' lang='grc' dir='ltr'>συνα·</span> 
     </span>
     <span class='ocr_line' id='line_1_52' title="bbox 476 1888 817 1939; baseline 0.006 -14"><span class='ocrx_word' id='word_1_268' title='bbox 476 1889 525 1926; x_wconf 88' lang='grc' dir='ltr'>θλεῖν</span> <span class='ocrx_word' id='word_1_269' title='bbox 542 1892 562 1936; x_wconf 81' lang='grc' dir='ltr'>τῇ</span> <span class='ocrx_word' id='word_1_270' title='bbox 581 1891 633 1927; x_wconf 73' lang='grc' dir='ltr'>αὐτοῦ</span> <span class='ocrx_word' id='word_1_271' title='bbox 650 1889 736 1939; x_wconf 78' lang='grc' dir='ltr'>προθέσει.</span> <span class='ocrx_word' id='word_1_272' title='bbox 759 1888 817 1929; x_wconf 74' lang='lat' dir='ltr'>Mart.</span> 
     </span>
    </p>
   </div>
   <div class='ocr_carea' id='block_1_25' title="bbox 476 1943 550 1994">
    <p class='ocr_par' dir='ltr' id='par_1_28' title="bbox 476 1943 550 1994">
     <span class='ocr_line' id='line_1_53' title="bbox 476 1943 550 1994; baseline 0.014 -13"><span class='ocrx_word' id='word_1_273' title='bbox 476 1943 519 1994; x_wconf 83' lang='lat' dir='ltr'>Igu.</span> <span class='ocrx_word' id='word_1_274' title='bbox 531 1956 550 1992; x_wconf 82' lang='lat'>3.</span> 
     </span>
    </p>
   </div>
   <div class='ocr_carea' id='block_1_26' title="bbox 53 1998 818 2051">
    <p class='ocr_par' dir='ltr' id='par_1_29' title="bbox 53 1998 818 2051">
     <span class='ocr_line' id='line_1_54' title="bbox 53 1998 818 2051; baseline 0.001 -16"><span class='ocrx_word' id='word_1_275' title='bbox 53 1998 161 2047; x_wconf 80' lang='grc' dir='ltr'>Συμμύστης.</span> <span class='ocrx_word' id='word_1_276' title='bbox 181 1998 364 2047; x_wconf 77' lang='grc' dir='ltr'>Παίλουσυμμάσται,</span> <span class='ocrx_word' id='word_1_277' title='bbox 377 1998 419 2051; x_wconf 84' lang='lat' dir='ltr'>Igu.</span> <span class='ocrx_word' id='word_1_278' title='bbox 448 1999 597 2048; x_wconf 76' lang='grc' dir='ltr'>Συναθροίζεσθαι.</span> <span class='ocrx_word' id='word_1_279' title='bbox 635 1999 748 2047; x_wconf 85' lang='grc' dir='ltr'>συνηθροίσθη</span> <span class='ocrx_word' id='word_1_280' title='bbox 772 1999 818 2038; x_wconf 80' lang='grc' dir='ltr'>πολὺ</span> 
     </span>
    </p>
   </div>
   <div class='ocr_carea' id='block_1_27' title="bbox 80 2053 173 2106">
    <p class='ocr_par' dir='ltr' id='par_1_30' title="bbox 80 2053 173 2106">
     <span class='ocr_line' id='line_1_55' title="bbox 80 2053 173 2106; baseline 0 -15"><span class='ocrx_word' id='word_1_281' title='bbox 80 2053 131 2106; x_wconf 82' lang='lat' dir='ltr'>Eph.</span> <span class='ocrx_word' id='word_1_282' title='bbox 143 2066 173 2092; x_wconf 86' lang='lat'>12.</span> 
     </span>
    </p>
   </div>
   <div class='ocr_carea' id='block_1_28' title="bbox 53 2107 422 2214">
    <p class='ocr_par' dir='ltr' id='par_1_31' title="bbox 53 2107 422 2214">
     <span class='ocr_line' id='line_1_56' title="bbox 53 2107 422 2158; baseline 0.008 -13"><span class='ocrx_word' id='word_1_283' title='bbox 53 2112 172 2158; x_wconf 82' lang='grc' dir='ltr'>Συμπαρεῖναι,</span> <span class='ocrx_word' id='word_1_284' title='bbox 197 2110 231 2156; x_wconf 76' lang='grc' dir='ltr'>ἅμα</span> <span class='ocrx_word' id='word_1_285' title='bbox 244 2112 280 2148; x_wconf 74' lang='grc' dir='ltr'>ταῖς</span> <span class='ocrx_word' id='word_1_286' title='bbox 294 2107 422 2158; x_wconf 80' lang='grc' dir='ltr'>συμπαροίσιιισ</span> 
     </span>
     <span class='ocr_line' id='line_1_57' title="bbox 79 2162 386 2214; baseline 0 -13"><span class='ocrx_word' id='word_1_287' title='bbox 79 2180 109 2212; x_wconf 88' lang='grc' dir='ltr'>μοι</span> <span class='ocrx_word' id='word_1_288' title='bbox 119 2164 222 2211; x_wconf 75' lang='grc' dir='ltr'>ἐκκλησίαις.</span> <span class='ocrx_word' id='word_1_289' title='bbox 236 2163 277 2214; x_wconf 86' lang='lat' dir='ltr'>Igu.</span> <span class='ocrx_word' id='word_1_290' title='bbox 288 2162 344 2202; x_wconf 79' lang='lat' dir='ltr'>Trall.</span> <span class='ocrx_word' id='word_1_291' title='bbox 356 2176 386 2202; x_wconf 85' lang='lat'>21.</span> 
     </span>
    </p>
   </div>
   <div class='ocr_carea' id='block_1_29' title="bbox 475 2052 817 2160">
    <p class='ocr_par' dir='ltr' id='par_1_32' title="bbox 475 2052 817 2160">
     <span class='ocr_line' id='line_1_58' title="bbox 475 2052 816 2102; baseline 0 -10"><span class='ocrx_word' id='word_1_292' title='bbox 475 2054 542 2102; x_wconf 77' lang='grc' dir='ltr'>πλῆθος</span> <span class='ocrx_word' id='word_1_293' title='bbox 565 2055 652 2092; x_wconf 82' lang='grc' dir='ltr'>ἐκλεκτῶν.</span> <span class='ocrx_word' id='word_1_294' title='bbox 682 2052 743 2093; x_wconf 72' lang='lat' dir='ltr'>Olem.</span> <span class='ocrx_word' id='word_1_295' title='bbox 766 2054 775 2092; x_wconf 93' lang='lat' dir='ltr'>l</span> <span class='ocrx_word' id='word_1_296' title='bbox 798 2055 816 2093; x_wconf 86' lang='lat'>6.</span> 
     </span>
     <span class='ocr_line' id='line_1_59' title="bbox 476 2109 817 2160; baseline 0.003 -14"><span class='ocrx_word' id='word_1_297' title='bbox 476 2109 513 2146; x_wconf 83' lang='grc' dir='ltr'>κατ’</span> <span class='ocrx_word' id='word_1_298' title='bbox 527 2109 596 2157; x_wconf 80' lang='grc' dir='ltr'>ε’ντσλὴν</span> <span class='ocrx_word' id='word_1_299' title='bbox 610 2109 755 2158; x_wconf 78' lang='grc' dir='ltr'>συναθροίζεσθαι,</span> <span class='ocrx_word' id='word_1_300' title='bbox 774 2109 817 2160; x_wconf 84' lang='lat' dir='ltr'>Igu.</span> 
     </span>
    </p>
   </div>
   <div class='ocr_carea' id='block_1_30' title="bbox 476 2163 571 2215">
    <p class='ocr_par' dir='ltr' id='par_1_33' title="bbox 476 2163 571 2215">
     <span class='ocr_line' id='line_1_60' title="bbox 476 2163 571 2215; baseline 0.011 -14"><span class='ocrx_word' id='word_1_301' title='bbox 476 2163 542 2215; x_wconf 82' lang='lat' dir='ltr'>Magn.</span> <span class='ocrx_word' id='word_1_302' title='bbox 554 2177 571 2211; x_wconf 89' lang='lat'>4.</span> 
     </span>
    </p>
   </div>
   <div class='ocr_carea' id='block_1_31' title="bbox 53 2217 817 2268">
    <p class='ocr_par' dir='ltr' id='par_1_34' title="bbox 53 2217 817 2268">
     <span class='ocr_line' id='line_1_61' title="bbox 53 2217 817 2268; baseline 0 -13"><span class='ocrx_word' id='word_1_303' title='bbox 53 2221 170 2268; x_wconf 80' lang='grc' dir='ltr'>Συμπάσχειν.</span> <span class='ocrx_word' id='word_1_304' title='bbox 205 2220 314 2267; x_wconf 85' lang='grc' dir='ltr'>συμπάσχειν</span> <span class='ocrx_word' id='word_1_305' title='bbox 340 2218 421 2266; x_wconf 78' lang='grc' dir='ltr'>άλλήλοικ</span> <span class='ocrx_word' id='word_1_306' title='bbox 449 2221 539 2256; x_wconf 86' lang='grc' dir='ltr'>Συνοινεῖν,</span> <span class='ocrx_word' id='word_1_307' title='bbox 561 2217 577 2256; x_wconf 79' lang='grc' dir='ltr'>οἲ</span> <span class='ocrx_word' id='word_1_308' title='bbox 586 2220 613 2256; x_wconf 82' lang='grc' dir='ltr'>καὶ</span> <span class='ocrx_word' id='word_1_309' title='bbox 621 2221 657 2257; x_wconf 72' lang='grc' dir='ltr'>τοῖς</span> <span class='ocrx_word' id='word_1_310' title='bbox 665 2219 767 2257; x_wconf 81' lang='grc' dir='ltr'>άποστολοικ</span> <span class='ocrx_word' id='word_1_311' title='bbox 775 2219 817 2257; x_wconf 90' lang='grc' dir='ltr'>πάν-</span> 
     </span>
    </p>
   </div>
   <div class='ocr_carea' id='block_1_32' title="bbox 79 2271 422 2323">
    <p class='ocr_par' dir='ltr' id='par_1_35' title="bbox 79 2271 422 2323">
     <span class='ocr_line' id='line_1_62' title="bbox 79 2271 422 2323; baseline 0.006 -12"><span class='ocrx_word' id='word_1_312' title='bbox 79 2274 178 2323; x_wconf 80' lang='grc' dir='ltr'>ὀφείλομεν.</span> <span class='ocrx_word' id='word_1_313' title='bbox 201 2271 260 2312; x_wconf 77' lang='lat' dir='ltr'>Olem.</span> <span class='ocrx_word' id='word_1_314' title='bbox 276 2272 299 2311; x_wconf 88' lang='lat' dir='ltr'>II</span> <span class='ocrx_word' id='word_1_315' title='bbox 313 2286 331 2322; x_wconf 83' lang='lat'>4.</span> <span class='ocrx_word' id='word_1_316' title='bbox 359 2273 422 2313; x_wconf 74' lang='grc' dir='ltr'>Είτιε</span> 
     </span>
    </p>
   </div>
   <div class='ocr_carea' id='block_1_33' title="bbox 476 2271 780 2324">
    <p class='ocr_par' dir='ltr' id='par_1_36' title="bbox 476 2271 780 2324">
     <span class='ocr_line' id='line_1_63' title="bbox 476 2271 780 2324; baseline 0 -14"><span class='ocrx_word' id='word_1_317' title='bbox 476 2289 516 2311; x_wconf 87' lang='grc' dir='ltr'>τοτε</span> <span class='ocrx_word' id='word_1_318' title='bbox 526 2273 624 2320; x_wconf 87' lang='grc' dir='ltr'>συνῄνεσαν,</span> <span class='ocrx_word' id='word_1_319' title='bbox 639 2273 682 2323; x_wconf 84' lang='lat' dir='ltr'>Igu.</span> <span class='ocrx_word' id='word_1_320' title='bbox 691 2271 740 2324; x_wconf 82' lang='lat' dir='ltr'>Eph.</span> <span class='ocrx_word' id='word_1_321' title='bbox 750 2285 780 2311; x_wconf 90' lang='lat'>11.</span> 
     </span>
    </p>
   </div>
   <div class='ocr_carea' id='block_1_34' title="bbox 80 2327 817 2379">
    <p class='ocr_par' dir='ltr' id='par_1_37' title="bbox 80 2327 817 2379">
     <span class='ocr_line' id='line_1_64' title="bbox 80 2327 817 2379; baseline -0.001 -13"><span class='ocrx_word' id='word_1_322' title='bbox 80 2329 420 2379; x_wconf 75' lang='grc' dir='ltr'>αὖτὸνένέαυτῷἔχει,.,,συμπαθείτω</span> <span class='ocrx_word' id='word_1_323' title='bbox 448 2327 570 2377; x_wconf 74' lang='grc' dir='ltr'>Συνακμσατης.</span> <span class='ocrx_word' id='word_1_324' title='bbox 596 2330 626 2365; x_wconf 82' lang='grc' dir='ltr'>τὸν</span> <span class='ocrx_word' id='word_1_325' title='bbox 641 2329 689 2376; x_wconf 85' lang='grc' dir='ltr'>άγιον</span> <span class='ocrx_word' id='word_1_326' title='bbox 705 2328 817 2377; x_wconf 77' lang='grc' dir='ltr'>Πολύκαρπον</span> 
     </span>
    </p>
   </div>
   <div class='ocr_carea' id='block_1_35' title="bbox 79 2382 419 2434">
    <p class='ocr_par' dir='ltr' id='par_1_38' title="bbox 79 2382 419 2434">
     <span class='ocr_line' id='line_1_65' title="bbox 79 2382 419 2434; baseline 0 -13"><span class='ocrx_word' id='word_1_327' title='bbox 79 2399 113 2431; x_wconf 90' lang='grc' dir='ltr'>μοι.</span> <span class='ocrx_word' id='word_1_328' title='bbox 129 2384 174 2434; x_wconf 83' lang='lat' dir='ltr'>Igu.</span> <span class='ocrx_word' id='word_1_329' title='bbox 185 2382 240 2422; x_wconf 84' lang='lat' dir='ltr'>Rom.</span> <span class='ocrx_word' id='word_1_330' title='bbox 250 2385 266 2423; x_wconf 97' lang='lat'>6.</span> <span class='ocrx_word' id='word_1_331' title='bbox 292 2385 316 2424; x_wconf 74' lang='grc' dir='ltr'>εἷο</span> <span class='ocrx_word' id='word_1_332' title='bbox 324 2386 343 2422; x_wconf 85' lang='grc' dir='ltr'>τά</span> <span class='ocrx_word' id='word_1_333' title='bbox 353 2399 419 2431; x_wconf 89' lang='grc' dir='ltr'>συμπα-</span> 
     </span>
    </p>
   </div>
   <div class='ocr_carea' id='block_1_36' title="bbox 476 2380 814 2432">
    <p class='ocr_par' dir='ltr' id='par_1_39' title="bbox 476 2380 814 2432">
     <span class='ocr_line' id='line_1_66' title="bbox 476 2380 814 2432; baseline -0.006 -10"><span class='ocrx_word' id='word_1_334' title='bbox 476 2412 480 2422; x_wconf 85' lang='grc'>,</span> <span class='ocrx_word' id='word_1_335' title='bbox 490 2412 494 2421; x_wconf 93' lang='grc'>.</span> <span class='ocrx_word' id='word_1_336' title='bbox 503 2384 545 2420; x_wconf 83' lang='grc' dir='ltr'>,τὸν</span> <span class='ocrx_word' id='word_1_337' title='bbox 554 2381 673 2432; x_wconf 73' lang='grc' dir='ltr'>συνοκροαεην,</span> <span class='ocrx_word' id='word_1_338' title='bbox 683 2380 739 2420; x_wconf 68' lang='lat' dir='ltr'>Mart.</span> <span class='ocrx_word' id='word_1_339' title='bbox 747 2381 789 2432; x_wconf 83' lang='lat' dir='ltr'>Igu.</span> <span class='ocrx_word' id='word_1_340' title='bbox 797 2395 814 2432; x_wconf 86' lang='lat'>3.</span> 
     </span>
    </p>
   </div>
   <div class='ocr_carea' id='block_1_37' title="bbox 80 2436 815 2489">
    <p class='ocr_par' dir='ltr' id='par_1_40' title="bbox 80 2436 815 2489">
     <span class='ocr_line' id='line_1_67' title="bbox 80 2436 815 2489; baseline -0.001 -14"><span class='ocrx_word' id='word_1_341' title='bbox 80 2439 116 2476; x_wconf 87' lang='grc' dir='ltr'>θεῖν</span> <span class='ocrx_word' id='word_1_342' title='bbox 125 2440 171 2489; x_wconf 81' lang='grc' dir='ltr'>αὐτῷ</span> <span class='ocrx_word' id='word_1_343' title='bbox 182 2440 237 2476; x_wconf 82' lang='grc' dir='ltr'>πάντα</span> <span class='ocrx_word' id='word_1_344' title='bbox 246 2440 329 2486; x_wconf 79' lang='grc' dir='ltr'>ὑπομένω.</span> <span class='ocrx_word' id='word_1_345' title='bbox 344 2437 419 2489; x_wconf 79' lang='lat' dir='ltr'>Smyru.</span> <span class='ocrx_word' id='word_1_346' title='bbox 448 2437 608 2486; x_wconf 83' lang='grc' dir='ltr'>Συναναγκιίζεσθαι.</span> <span class='ocrx_word' id='word_1_347' title='bbox 637 2436 815 2483; x_wconf 79' lang='grc' dir='ltr'>διάτὴν..,τῶνκα-</span> 
     </span>
    </p>
   </div>
   <div class='ocr_carea' id='block_1_38' title="bbox 53 2493 421 2819">
    <p class='ocr_par' dir='ltr' id='par_1_41' title="bbox 79 2493 421 2654">
     <span class='ocr_line' id='line_1_68' title="bbox 81 2493 420 2543; baseline 0.003 -12"><span class='ocrx_word' id='word_1_348' title='bbox 81 2507 99 2541; x_wconf 92' lang='lat'>4.</span> <span class='ocrx_word' id='word_1_349' title='bbox 128 2493 236 2543; x_wconf 83' lang='grc' dir='ltr'>συντρέχετε,</span> <span class='ocrx_word' id='word_1_350' title='bbox 252 2495 367 2543; x_wconf 86' lang='grc' dir='ltr'>συμπάσχετε.</span> <span class='ocrx_word' id='word_1_351' title='bbox 384 2493 420 2532; x_wconf 90' lang='lat' dir='ltr'>Po-</span> 
     </span>
     <span class='ocr_line' id='line_1_69' title="bbox 79 2547 421 2600; baseline 0.003 -15"><span class='ocrx_word' id='word_1_352' title='bbox 79 2547 117 2599; x_wconf 78' lang='lat' dir='ltr'>ch.</span> <span class='ocrx_word' id='word_1_353' title='bbox 128 2547 147 2585; x_wconf 85' lang='lat'>6.</span> <span class='ocrx_word' id='word_1_354' title='bbox 170 2551 195 2599; x_wconf 75' lang='grc' dir='ltr'>τῷ</span> <span class='ocrx_word' id='word_1_355' title='bbox 209 2549 271 2600; x_wconf 81' lang='grc' dir='ltr'>Κυρίῳ,</span> <span class='ocrx_word' id='word_1_356' title='bbox 284 2547 298 2600; x_wconf 74' lang='grc' dir='ltr'><strong><em>ᾧ</em></strong></span> <span class='ocrx_word' id='word_1_357' title='bbox 310 2550 336 2587; x_wconf 80' lang='grc' dir='ltr'>καὶ</span> <span class='ocrx_word' id='word_1_358' title='bbox 350 2549 421 2586; x_wconf 85' lang='grc' dir='ltr'>συνέπα-</span> 
     </span>
     <span class='ocr_line' id='line_1_70' title="bbox 80 2602 283 2654; baseline 0.005 -14"><span class='ocrx_word' id='word_1_359' title='bbox 80 2604 114 2641; x_wconf 83' lang='grc' dir='ltr'>θον.</span> <span class='ocrx_word' id='word_1_360' title='bbox 131 2602 196 2654; x_wconf 82' lang='lat' dir='ltr'>Polyc.</span> <span class='ocrx_word' id='word_1_361' title='bbox 206 2602 254 2642; x_wconf 88' lang='lat' dir='ltr'>Phil.</span> <span class='ocrx_word' id='word_1_362' title='bbox 266 2616 283 2653; x_wconf 89' lang='lat'>9.</span> 
     </span>
    </p>

    <p class='ocr_par' dir='ltr' id='par_1_42' title="bbox 53 2658 421 2819">
     <span class='ocr_line' id='line_1_71' title="bbox 53 2658 421 2706; baseline 0 -12"><span class='ocrx_word' id='word_1_363' title='bbox 53 2658 146 2705; x_wconf 84' lang='grc' dir='ltr'>Συμπίνειν.</span> <span class='ocrx_word' id='word_1_364' title='bbox 178 2659 227 2695; x_wconf 88' lang='grc' dir='ltr'>Μετὰ</span> <span class='ocrx_word' id='word_1_365' title='bbox 245 2659 264 2695; x_wconf 82' lang='grc' dir='ltr'>δὲ</span> <span class='ocrx_word' id='word_1_366' title='bbox 281 2659 312 2706; x_wconf 83' lang='grc' dir='ltr'>τὴν</span> <span class='ocrx_word' id='word_1_367' title='bbox 328 2658 421 2696; x_wconf 83' lang='grc' dir='ltr'>ἀνάστασιν</span> 
     </span>
     <span class='ocr_line' id='line_1_72' title="bbox 80 2712 418 2763; baseline -0.003 -12"><span class='ocrx_word' id='word_1_368' title='bbox 80 2713 180 2763; x_wconf 86' lang='grc' dir='ltr'>συνέφαγεν</span> <span class='ocrx_word' id='word_1_369' title='bbox 186 2714 243 2753; x_wconf 76' lang='grc' dir='ltr'>αὐτοῖς</span> <span class='ocrx_word' id='word_1_370' title='bbox 252 2715 279 2751; x_wconf 81' lang='grc' dir='ltr'>καὶ</span> <span class='ocrx_word' id='word_1_371' title='bbox 288 2714 369 2751; x_wconf 83' lang='grc' dir='ltr'>συνέπιεν,</span> <span class='ocrx_word' id='word_1_372' title='bbox 378 2712 418 2763; x_wconf 85' lang='lat' dir='ltr'>Igu.</span> 
     </span>
     <span class='ocr_line' id='line_1_73' title="bbox 80 2767 231 2819; baseline -0.007 -12"><span class='ocrx_word' id='word_1_373' title='bbox 80 2767 158 2819; x_wconf 76' lang='lat' dir='ltr'>Smyru.</span> <span class='ocrx_word' id='word_1_374' title='bbox 169 2780 187 2818; x_wconf 82' lang='lat'>3.</span> <span class='ocrx_word' id='word_1_375' title='bbox 229 2778 231 2781; x_wconf 75' lang='grc'>’</span> 
     </span>
    </p>
   </div>
   <div class='ocr_carea' id='block_1_39' title="bbox 53 2823 420 2871">
    <p class='ocr_par' dir='ltr' id='par_1_43' title="bbox 53 2823 420 2871">
     <span class='ocr_line' id='line_1_74' title="bbox 53 2823 420 2871; baseline 0 -12"><span class='ocrx_word' id='word_1_376' title='bbox 53 2824 162 2870; x_wconf 83' lang='grc' dir='ltr'>Συμπίπτειν,</span> <span class='ocrx_word' id='word_1_377' title='bbox 193 2823 213 2860; x_wconf 72' lang='grc' dir='ltr'>οὐ</span> <span class='ocrx_word' id='word_1_378' title='bbox 226 2824 277 2870; x_wconf 79' lang='grc' dir='ltr'>μόνον</span> <span class='ocrx_word' id='word_1_379' title='bbox 289 2824 312 2871; x_wconf 73' lang='grc' dir='ltr'>μὴ</span> <span class='ocrx_word' id='word_1_380' title='bbox 328 2825 420 2870; x_wconf 82' lang='grc' dir='ltr'>συμπεσεῖν</span> 
     </span>
    </p>
   </div>
   <div class='ocr_carea' id='block_1_40' title="bbox 475 2492 816 2596">
    <p class='ocr_par' dir='ltr' id='par_1_44' title="bbox 475 2492 816 2596">
     <span class='ocr_line' id='line_1_75' title="bbox 475 2492 816 2542; baseline 0 -13"><span class='ocrx_word' id='word_1_381' title='bbox 475 2496 509 2529; x_wconf 83' lang='grc' dir='ltr'>κῶν</span> <span class='ocrx_word' id='word_1_382' title='bbox 521 2492 610 2538; x_wconf 72' lang='grc' dir='ltr'>συνήθειαν</span> <span class='ocrx_word' id='word_1_383' title='bbox 621 2492 700 2540; x_wconf 87' lang='grc' dir='ltr'>πράττειν</span> <span class='ocrx_word' id='word_1_384' title='bbox 712 2493 816 2542; x_wconf 84' lang='grc' dir='ltr'>συναναγκά-</span> 
     </span>
     <span class='ocr_line' id='line_1_76' title="bbox 476 2544 721 2596; baseline 0 -13"><span class='ocrx_word' id='word_1_385' title='bbox 476 2548 527 2593; x_wconf 83' lang='grc' dir='ltr'>ζεσαι.</span> <span class='ocrx_word' id='word_1_386' title='bbox 543 2544 602 2584; x_wconf 75' lang='lat' dir='ltr'>Glem.</span> <span class='ocrx_word' id='word_1_387' title='bbox 613 2544 689 2596; x_wconf 77' lang='lat' dir='ltr'>Fragm.</span> <span class='ocrx_word' id='word_1_388' title='bbox 697 2544 721 2584; x_wconf 83' lang='lat' dir='ltr'>vi.</span> 
     </span>
    </p>
   </div>
   <div class='ocr_carea' id='block_1_41' title="bbox 447 2601 814 2648">
    <p class='ocr_par' dir='ltr' id='par_1_45' title="bbox 447 2601 814 2648">
     <span class='ocr_line' id='line_1_77' title="bbox 447 2601 814 2648; baseline -0.003 -9"><span class='ocrx_word' id='word_1_389' title='bbox 447 2602 538 2639; x_wconf 86' lang='grc' dir='ltr'>Συναντᾶν,</span> <span class='ocrx_word' id='word_1_390' title='bbox 556 2602 571 2638; x_wconf 83' lang='grc' dir='ltr'>εἰ</span> <span class='ocrx_word' id='word_1_391' title='bbox 580 2601 649 2638; x_wconf 84' lang='grc' dir='ltr'>δυνατόν</span> <span class='ocrx_word' id='word_1_392' title='bbox 657 2601 695 2637; x_wconf 87' lang='grc' dir='ltr'>ε’στι</span> <span class='ocrx_word' id='word_1_393' title='bbox 703 2601 744 2648; x_wconf 77' lang='grc' dir='ltr'>μηδὲ</span> <span class='ocrx_word' id='word_1_394' title='bbox 753 2615 814 2638; x_wconf 83' lang='grc' dir='ltr'>συναν-</span> 
     </span>
    </p>
   </div>
   <div class='ocr_carea' id='block_1_42' title="bbox 474 2652 816 2760">
    <p class='ocr_par' dir='ltr' id='par_1_46' title="bbox 474 2652 816 2760">
     <span class='ocr_line' id='line_1_78' title="bbox 474 2652 816 2706; baseline 0 -13"><span class='ocrx_word' id='word_1_395' title='bbox 474 2658 510 2693; x_wconf 85' lang='grc' dir='ltr'>τῖιν.</span> <span class='ocrx_word' id='word_1_396' title='bbox 528 2655 570 2706; x_wconf 87' lang='lat' dir='ltr'>Igu.</span> <span class='ocrx_word' id='word_1_397' title='bbox 581 2652 657 2705; x_wconf 68' lang='lat' dir='ltr'>Smyuu.</span> <span class='ocrx_word' id='word_1_398' title='bbox 668 2669 685 2702; x_wconf 82' lang='lat'>4.</span> <span class='ocrx_word' id='word_1_399' title='bbox 710 2659 816 2704; x_wconf 83' lang='grc' dir='ltr'>συνοντῶμεν</span> 
     </span>
     <span class='ocr_line' id='line_1_79' title="bbox 474 2708 759 2760; baseline -0.004 -12"><span class='ocrx_word' id='word_1_400' title='bbox 474 2713 511 2749; x_wconf 77' lang='grc' dir='ltr'>τοῖς</span> <span class='ocrx_word' id='word_1_401' title='bbox 519 2710 607 2759; x_wconf 77' lang='grc' dir='ltr'>ἀδελφοῖς.</span> <span class='ocrx_word' id='word_1_402' title='bbox 621 2709 678 2748; x_wconf 69' lang='lat' dir='ltr'>Mart.</span> <span class='ocrx_word' id='word_1_403' title='bbox 689 2708 731 2760; x_wconf 85' lang='lat' dir='ltr'>Igu.</span> <span class='ocrx_word' id='word_1_404' title='bbox 743 2710 759 2747; x_wconf 88' lang='lat'>6.</span> 
     </span>
    </p>
   </div>
   <div class='ocr_carea' id='block_1_43' title="bbox 447 2764 814 2814">
    <p class='ocr_par' dir='ltr' id='par_1_47' title="bbox 447 2764 814 2814">
     <span class='ocr_line' id='line_1_80' title="bbox 447 2764 814 2814; baseline 0.003 -13"><span class='ocrx_word' id='word_1_405' title='bbox 447 2765 591 2814; x_wconf 83' lang='grc' dir='ltr'>Συυσπέρχεσθαι.</span> <span class='ocrx_word' id='word_1_406' title='bbox 618 2764 654 2814; x_wconf 75' lang='grc' dir='ltr'>ὀφέ</span> <span class='ocrx_word' id='word_1_407' title='bbox 669 2766 698 2812; x_wconf 71' lang='grc' dir='ltr'>τῆς</span> <span class='ocrx_word' id='word_1_408' title='bbox 714 2765 757 2813; x_wconf 74' lang='grc' dir='ltr'>ὧρας</span> <span class='ocrx_word' id='word_1_409' title='bbox 773 2779 814 2802; x_wconf 89' lang='grc' dir='ltr'>συν-</span> 
     </span>
    </p>
   </div>
   <div class='ocr_carea' id='block_1_44' title="bbox 475 2817 786 2870">
    <p class='ocr_par' dir='ltr' id='par_1_48' title="bbox 475 2817 786 2870">
     <span class='ocr_line' id='line_1_81' title="bbox 475 2817 786 2870; baseline 0 -13"><span class='ocrx_word' id='word_1_410' title='bbox 475 2820 583 2858; x_wconf 82' lang='grc' dir='ltr'>απελθόντεκ.</span> <span class='ocrx_word' id='word_1_411' title='bbox 598 2818 655 2858; x_wconf 73' lang='lat' dir='ltr'>Mart.</span> <span class='ocrx_word' id='word_1_412' title='bbox 666 2817 729 2870; x_wconf 74' lang='lat' dir='ltr'>1³on6.</span> <span class='ocrx_word' id='word_1_413' title='bbox 737 2826 755 2868; x_wconf 85' lang='lat'>7.</span> <span class='ocrx_word' id='word_1_414' title='bbox 785 2865 786 2869; x_wconf 13' lang='grc' dir='ltr'><strong>Ἰ</strong></span> 
     </span>
    </p>
   </div>
   <div class='ocr_carea' id='block_1_45' title="bbox 80 2873 815 2929">
    <p class='ocr_par' dir='ltr' id='par_1_49' title="bbox 80 2873 815 2929">
     <span class='ocr_line' id='line_1_82' title="bbox 80 2873 815 2929; baseline -0.004 -14"><span class='ocrx_word' id='word_1_415' title='bbox 80 2878 199 2927; x_wconf 69' lang='grc' dir='ltr'>ταραχθέντος.</span> <span class='ocrx_word' id='word_1_416' title='bbox 214 2876 273 2917; x_wconf 63' lang='lat' dir='ltr'>Maru.</span> <span class='ocrx_word' id='word_1_417' title='bbox 283 2876 346 2929; x_wconf 82' lang='lat' dir='ltr'>Polyc.</span> <span class='ocrx_word' id='word_1_418' title='bbox 358 2890 387 2915; x_wconf 84' lang='lat'>12.</span> <span class='ocrx_word' id='word_1_419' title='bbox 447 2874 563 2923; x_wconf 84' lang='grc' dir='ltr'>Συναριθμεῖν.</span> <span class='ocrx_word' id='word_1_420' title='bbox 598 2873 738 2923; x_wconf 82' lang='grc' dir='ltr'>συνηριθμημένοι</span> <span class='ocrx_word' id='word_1_421' title='bbox 756 2874 774 2911; x_wconf 79' lang='grc' dir='ltr'>ἐν</span> <span class='ocrx_word' id='word_1_422' title='bbox 791 2878 815 2926; x_wconf 80' lang='grc' dir='ltr'>τῷ</span> 
     </span>
    </p>
   </div>
   <div class='ocr_carea' id='block_1_46' title="bbox 53 2932 421 3148">
    <p class='ocr_par' dir='ltr' id='par_1_50' title="bbox 53 2932 421 3036">
     <span class='ocr_line' id='line_1_83' title="bbox 53 2932 421 2982; baseline 0.003 -14"><span class='ocrx_word' id='word_1_423' title='bbox 53 2932 149 2981; x_wconf 74' lang='grc' dir='ltr'>Συμπλοκίη.</span> <span class='ocrx_word' id='word_1_424' title='bbox 173 2932 421 2982; x_wconf 73' lang='grc' dir='ltr'>φείγοντες...μιαράτ.,.συμ-</span> 
     </span>
     <span class='ocr_line' id='line_1_84' title="bbox 80 2986 289 3036; baseline 0.005 -12"><span class='ocrx_word' id='word_1_425' title='bbox 80 2989 150 3026; x_wconf 66' lang='grc' dir='ltr'>πλοκάν.</span> <span class='ocrx_word' id='word_1_426' title='bbox 166 2986 225 3026; x_wconf 83' lang='lat' dir='ltr'>Olem.</span> <span class='ocrx_word' id='word_1_427' title='bbox 237 2988 289 3036; x_wconf 84' lang='lat'>130.</span> 
     </span>
    </p>

    <p class='ocr_par' dir='ltr' id='par_1_51' title="bbox 53 3041 420 3148">
     <span class='ocr_line' id='line_1_85' title="bbox 53 3041 420 3092; baseline 0.005 -15"><span class='ocrx_word' id='word_1_428' title='bbox 53 3042 216 3089; x_wconf 76' lang='grc' dir='ltr'>Συμπολιτευεσθαι.</span> <span class='ocrx_word' id='word_1_429' title='bbox 235 3041 388 3080; x_wconf 82' lang='grc' dir='ltr'>σννεπολιτεάσατο</span> <span class='ocrx_word' id='word_1_430' title='bbox 397 3044 420 3092; x_wconf 76' lang='grc' dir='ltr'>τῷ</span> 
     </span>
     <span class='ocr_line' id='line_1_86' title="bbox 80 3095 358 3148; baseline 0.004 -14"><span class='ocrx_word' id='word_1_431' title='bbox 80 3097 169 3148; x_wconf 78' lang='grc' dir='ltr'>Εἰρηναίῳ.</span> <span class='ocrx_word' id='word_1_432' title='bbox 185 3096 244 3136; x_wconf 80' lang='lat' dir='ltr'>Mart.</span> <span class='ocrx_word' id='word_1_433' title='bbox 254 3095 317 3148; x_wconf 76' lang='lat' dir='ltr'>Polyo.</span> <span class='ocrx_word' id='word_1_434' title='bbox 329 3109 358 3135; x_wconf 75' lang='grc' dir='ltr'>ον.</span> 
     </span>
    </p>
   </div>
   <div class='ocr_carea' id='block_1_47' title="bbox 476 2927 746 2979">
    <p class='ocr_par' dir='ltr' id='par_1_52' title="bbox 476 2927 746 2979">
     <span class='ocr_line' id='line_1_87' title="bbox 476 2927 746 2979; baseline 0.004 -13"><span class='ocrx_word' id='word_1_435' title='bbox 476 2929 576 2979; x_wconf 75' lang='grc' dir='ltr'>εὐαγγελίῳ,</span> <span class='ocrx_word' id='word_1_436' title='bbox 591 2927 633 2979; x_wconf 88' lang='lat' dir='ltr'>Igu.</span> <span class='ocrx_word' id='word_1_437' title='bbox 644 2927 716 2967; x_wconf 81' lang='lat' dir='ltr'>Philud.</span> <span class='ocrx_word' id='word_1_438' title='bbox 728 2936 746 2977; x_wconf 85' lang='lat'>5.</span> 
     </span>
    </p>
   </div>
   <div class='ocr_carea' id='block_1_48' title="bbox 448 2985 816 3035">
    <p class='ocr_par' dir='ltr' id='par_1_53' title="bbox 448 2985 816 3035">
     <span class='ocr_line' id='line_1_88' title="bbox 448 2985 816 3035; baseline 0 -13"><span class='ocrx_word' id='word_1_439' title='bbox 448 2985 565 3033; x_wconf 82' lang='grc' dir='ltr'>Συναρμόζειν,</span> <span class='ocrx_word' id='word_1_440' title='bbox 588 2985 611 3020; x_wconf 80' lang='grc' dir='ltr'>Τά</span> <span class='ocrx_word' id='word_1_441' title='bbox 620 2985 661 3034; x_wconf 88' lang='grc' dir='ltr'>γάρ.</span> <span class='ocrx_word' id='word_1_442' title='bbox 669 3014 673 3022; x_wconf 92' lang='grc'>.</span> <span class='ocrx_word' id='word_1_443' title='bbox 681 2985 816 3035; x_wconf 77' lang='grc' dir='ltr'>,πρεσβυτέριον</span> 
     </span>
    </p>
   </div>
   <div class='ocr_carea' id='block_1_49' title="bbox 474 3037 815 3199">
    <p class='ocr_par' dir='ltr' id='par_1_54' title="bbox 474 3037 815 3199">
     <span class='ocr_line' id='line_1_89' title="bbox 477 3037 815 3090; baseline 0.006 -16"><span class='ocrx_word' id='word_1_444' title='bbox 477 3037 568 3079; x_wconf 72' lang='grc' dir='ltr'>...οὕτως</span> <span class='ocrx_word' id='word_1_445' title='bbox 582 3037 697 3087; x_wconf 72' lang='grc' dir='ltr'>συνήρμοσται</span> <span class='ocrx_word' id='word_1_446' title='bbox 710 3042 735 3090; x_wconf 76' lang='grc' dir='ltr'>τῷ</span> <span class='ocrx_word' id='word_1_447' title='bbox 748 3040 815 3078; x_wconf 77' lang='grc' dir='ltr'>ἐπισκά-</span> 
     </span>
     <span class='ocr_line' id='line_1_90' title="bbox 474 3092 653 3144; baseline -0.017 -11"><span class='ocrx_word' id='word_1_448' title='bbox 474 3109 509 3144; x_wconf 82' lang='grc' dir='ltr'>πῳ.</span> <span class='ocrx_word' id='word_1_449' title='bbox 524 3092 566 3144; x_wconf 78' lang='lat' dir='ltr'>Ign.</span> <span class='ocrx_word' id='word_1_450' title='bbox 578 3092 625 3144; x_wconf 75' lang='lat' dir='ltr'>uph.</span> <span class='ocrx_word' id='word_1_451' title='bbox 636 3106 653 3141; x_wconf 74' lang='grc' dir='ltr'>η.</span> 
     </span>
     <span class='ocr_line' id='line_1_91' title="bbox 502 3160 536 3199; baseline -0.029 -13"><span class='ocrx_word' id='word_1_452' title='bbox 502 3162 515 3199; x_wconf 81' lang='lat' dir='ltr'><strong>p</strong></span> <span class='ocrx_word' id='word_1_453' title='bbox 528 3160 536 3185; x_wconf 75' lang='grc' dir='ltr'>ο</span> 
     </span>
    </p>
   </div>
   <div class='ocr_carea' id='block_1_50' title="bbox 0 0 970 3420">
    <p class='ocr_par' dir='ltr' id='par_1_55' title="bbox 0 0 970 3420">
     <span class='ocr_line' id='line_1_92' title="bbox 0 0 970 3420; baseline 0 0"><span class='ocrx_word' id='word_1_454' title='bbox 0 0 970 3420; x_wconf 95' lang='lat' dir='ltr'> </span> 
     </span>
    </p>
   </div>
  </div>
 </body>
</html>
