2061 3403
148 170 149 173 =
212 152 242 193 τι
461 153 482 196 s.
499 135 670 196 cuuuuu'rrs
706 164 708 167 >

215 265 339 334 διδόντεςῆ
353 266 527 335 λαμβάνοντες·
548 274 597 328 τοῖς
612 268 713 341 ἐφοδίοις
729 273 771 323 τοῦ
788 271 851 323 Θεοῦ
868 269 912 339 οἱρ-

214 351 327 420 κούμενοι,
340 355 380 418 καὶ
394 354 556 428 προσέχοντες
572 354 626 413 τοὺς
644 352 736 424 λόγους·
746 354 819 409 αὐτοῦ
834 354 911 422 ἐπιμε-

213 430 272 504 λῶς,Ἰ
281 438 458 510 ἐστερνισμένοι
474 440 515 510 ἦτε
528 448 578 499 τοῖς
595 439 752 513 σπλάγχνοις,
766 440 849 496 καὶτὰ
864 464 912 496 ποι-

213 523 307 593 θήροιποι
318 527 392 580 αὐτοῦ
404 525 435 594 ἦν
445 526 494 599 πρὸ
506 530 639 602 ὀφθαλμῶν
649 528 721 595 ὑμῶν.
737 527 822 584 Οὕτως
834 525 912 598 εἶθθνθ
977 575 982 582 .

238 677 253 704 1.
260 666 335 715 ἐφοδίοις
342 670 373 703 τοῦ
380 663 434 721 θεοῦ]
442 666 502 707 Forte
509 667 552 707 doc·
579 670 687 706 mentorum
700 664 867 716 subministrare,
879 660 913 705 In-

213 718 284 759 trinom
296 719 368 770 solutis,
379 734 404 760 ex
416 722 436 761 S.
447 720 552 774 Scripturis
578 727 626 774 terp.
645 734 674 773 op.
692 720 799 770 Irenaeum,
815 720 833 771 I,
851 720 911 761 Pruef.

212 774 402 828 baustum,intelligit
408 781 432 817 ut
438 776 521 817 Basilius
527 777 552 817 ad
579 778 594 830 ξ.
603 790 621 827 3,
630 790 648 829 p.
656 789 674 825 4,
684 775 712 815 ed.
721 775 810 816 Massuet.

213 829 551 884 ΜθΙθῦίιιΠι,Ερ.56,ὦφέλιμαδιδάγ-
609 845 625 872 2.
645 831 758 882 προσέχοντες
777 832 816 871 τούς
838 823 909 884 λόγους]

211 886 343 936 μοτοῆἔφόδια
352 889 396 937 πρός
402 903 422 925 τε
430 889 461 926 τὸν
467 889 551 927 ἐνεστῶτα
578 886 637 939 Apud
650 885 704 925 LXX
719 899 774 938 saepe
790 884 913 938 conjungitur

212 937 442 990 οἰῦνιι,ιειδπδνμελλουτοΔ
472 941 551 995 Siecy-
578 942 614 981 hoc
634 942 714 982 verbum
735 954 779 980 cum
799 939 911 980 accusativo.

212 994 266 1036 rillus
280 996 376 1035 Hierosol.
391 995 468 1037 (letech.
482 1011 496 1037 v
509 998 551 1037 vult
577 996 610 1036 Ad
624 999 686 1048 λόγους
700 995 766 1036 referri
781 995 838 1036 dehet
853 997 913 1046 &crepe

213 1049 363 1090 Ootechumenos
383 1065 428 1094 suos
450 1051 508 1092 fidem
530 1053 551 1091 in
578 1053 652 1100 νισμένοι
691 1050 722 1090 vel
763 1051 910 1102 ἐνεστερνισμένοι.

212 1106 300 1145 cordibus
309 1106 426 1159 insculptum
437 1106 513 1156 habere,
523 1109 549 1145 καλ
579 1104 718 1147 OLERIOUS.

212 1160 238 1199 ἐπ’
248 1163 298 1210 αὐτῆς
306 1163 370 1208 λέξεως
380 1165 499 1210 μνημονεῦσαι,
509 1161 521 1201 i.
532 1176 547 1201 e.
603 1175 620 1212 3.
633 1158 767 1216 ε’στερνισμένοι]
780 1160 858 1201 dimisti
869 1165 912 1200 ἰνστ-

212 1216 270 1262 ve1¹bo
287 1215 329 1268 ipse
346 1216 430 1268 symboli
445 1221 511 1256 mente
529 1221 549 1256 et
576 1216 601 1255 tin
617 1216 640 1255 ιἰι
653 1215 756 1256 nocolone
769 1216 839 1256 corne.
869 1214 911 1255 Ole-

205 1271 550 1321 ¹memoriotenere‚nzle'ddbcoutxsuu
575 1270 637 1310 menti
659 1272 786 1321 εὀτερνισμένοι
808 1274 853 1311 sunt
877 1269 911 1323 qui

211 1328 229 1363 ἓν
237 1328 286 1364 παντὶ
295 1330 318 1378 τῷ
326 1328 383 1378 χρόνῳ
393 1328 423 1374 τῆς
435 1328 482 1374 ζωῆς.
511 1325 547 1365 Vel
574 1325 649 1365 Latinis
663 1326 764 1378 pectorosi,
777 1326 862 1366 domines
875 1325 912 1365 loll

210 1379 274 1431 potius
285 1382 306 1419 τὰ
314 1383 390 1429 βιωτικά,
401 1381 427 1420 nd
440 1380 514 1420 victum
527 1385 547 1421 et
574 1381 686 1432 οσροοίτριιο
704 1381 791 1435 pretores
819 1380 912 1432 Respexit

209 1435 301 1475 vestitum
310 1435 421 1485 necessarie,
430 1440 464 1474 τῦν
473 1437 548 1486 ἐφοδίων
575 1435 634 1475 dubio
647 1437 714 1488 procul
723 1436 747 1476 ad
757 1436 780 1475 II
789 1434 834 1476 (lor.
841 1435 861 1476 vi
873 1448 911 1475 11·-

209 1490 285 1530 nomine
307 1490 433 1543 intelligendu
455 1495 506 1541 sunt,
525 1495 547 1530 ut
577 1502 607 1541 13,
624 1491 634 1539 ἡ
650 1493 709 1541 καρδία
727 1492 774 1541 ἡμῶν
791 1491 910 1530 πεπλάτυνται·

210 1544 284 1595 Paulus,
293 1546 304 1584 Ῑ
314 1545 363 1585 Tim.
373 1546 393 1584 vl
404 1548 422 1595 8,
432 1545 517 1595 Ἔχοντες
528 1547 547 1584 δὲ
574 1547 594 1583 οὐ
608 1548 744 1596 στενοχωρεῖσθε
757 1547 775 1585 ἒν
788 1546 832 1595 ἡμῖν·
851 1562 910 1584 στενο-

209 1602 302 1651 διοτροφὰς
314 1603 341 1639 καὶ
352 1602 472 1647 σκεπάσματα,
481 1601 548 1640 τούτοις
573 1602 660 1650 χωρεῖσθε
677 1603 696 1640 δὲ
716 1603 735 1640 ἐν
752 1605 787 1641 τοῖς
805 1601 911 1651 σπλάγχνοις

209 1656 353 1705 ἀρκεσθησόμεθα.
382 1660 402 1695 et
416 1655 477 1695 Hebr.
485 1655 520 1695 xiii
529 1665 546 1705 5,
574 1656 674 1702 ὑμῶν
691 1656 798 1704 πλατύνθητε
814 1658 841 1694 καὶ
858 1657 909 1705 ὑμεῖς.

209 1711 307 1760 ἀρκούμενοι
329 1714 364 1750 τοῖς
386 1714 477 1760 παροῦσιν.
505 1710 548 1750 JU-
575 1709 668 1758 Quocirca
681 1710 773 1763 suspicaci
787 1710 829 1762 quis
843 1710 909 1762 possit,

210 1764 282 1805 Nuus.
311 1764 393 1804 Perinde
412 1769 446 1814 est,
465 1765 506 1805 sive
524 1766 548 1805 de
574 1765 687 1816 perticulam
714 1768 732 1805 ἐν
755 1780 765 1806 e
789 1764 909 1805 Clementino

209 1819 273 1869 animi,
283 1819 322 1860 sive
336 1820 395 1860 etiam
408 1820 499 1872 corporis,
508 1820 547 1860 vio-
574 1823 631 1859 textu
654 1821 750 1861 excidisse.
780 1819 907 1861 OOTELER.

209 1874 248 1914 tico
269 1873 327 1929 [sicut
346 1874 397 1915 cuir.
417 1875 505 1915 Burtono
528 1880 547 1916 et
575 1874 683 1927 Hesychius
701 1881 721 1916 et
735 1875 803 1915 Suidos
817 1875 909 1927 interpre-

209 1929 278 1969 Waklo
290 1930 352 1970 visum
366 1927 463 1984 esb]l1ue0
476 1930 546 1970 inbelli·
574 1933 640 1970 buntur
656 1933 810 1982 ε’νστερνισάμενος,
827 1946 908 1980 περιπτυ-

208 1989 289 2036 guntur3
303 1998 369 2024 sensus
379 1984 431 2024 enim
440 1985 464 2024 de
473 1986 547 2026 utrovis
574 1985 650 2032 ξάμενος,
659 1986 772 2038 conspicuus,
782 1984 826 2038 quio
838 1984 874 2024 hoc
885 1985 908 2024 fit

208 2044 260 2079 recte
284 2040 383 2079 constabit.
413 2039 486 2079 FELL.
522 2040 547 2079 In
573 2044 651 2090 pectora
677 2040 816 2092 conjungendo.
856 2039 909 2078 Hinc

209 2094 309 2134 Prooemio
330 2095 395 2134 Ooust.
415 2093 484 2146 Apost.
513 2095 547 2134 ubi
573 2094 908 2146 conulenthicciccerlbcsdiceutur,

208 2150 233 2188 ad
250 2150 301 2188 hunc
319 2149 383 2189 locum
401 2149 487 2188 allusisse
506 2150 546 2202 ejus
574 2150 607 2204 qui
616 2150 636 2188 in
645 2150 714 2190 intime
722 2149 794 2190 viscera
803 2149 828 2198 id,
838 2149 908 2201 dequo

208 2205 375 2256 operisuuctorem
382 2203 460 2255 conjicit
467 2204 546 2244 Penrso·
572 2219 635 2245 sermo
649 2210 683 2254 est,
695 2204 811 2244 admiserint.
841 2203 909 2244 Postea

207 2273 249 2307 uus,
268 2259 325 2299 Vind.
336 2259 400 2311 Ignut.
411 2273 429 2310 p.
442 2260 472 2308 63,
493 2262 546 2299 ὡπλι-
572 2260 652 2300 verbum
673 2260 710 2299 hoc
731 2261 854 2309 ἐνοπερνίζομαι
872 2259 908 2299 fre-

208 2316 266 2363 ορένοι
275 2317 303 2353 διὰ
311 2316 369 2362 Ἰησοῦ
380 2318 458 2364 Χριστοῦ
467 2326 545 2366 respon-
573 2315 662 2368 quentius
679 2328 691 2353 o
707 2313 837 2366 Scriptoribus
853 2314 907 2354 01]τί-

207 2370 253 2410 dent
261 2369 291 2410 his
299 2369 378 2410 vocibus
387 2372 423 2408 τοῖς
432 2370 509 2418 ἐφοδίοις
514 2373 545 2408 τοῦ
571 2369 638 2411 stinuis
651 2368 738 2421 usurpari
747 2368 815 2421 coepit,
824 2368 860 2408 hcc
873 2370 908 2409 sci-

207 2430 251 2463 θεοῦ
264 2426 363 2476 ἀρκοῦμενοι
417 2427 436 2463 et
452 2427 510 2472 recte,
524 2423 545 2462 ni
571 2425 616 2465 licet
631 2437 692 2473 sensu,
706 2424 730 2463 ιἰν
739 2430 806 2474 pectus
820 2424 906 2469 odruitlo.

205 2479 266 2529 fulloc,
278 2481 316 2519 ista
330 2482 392 2528 ἐφόδια
405 2479 545 2531 interpretatur
572 2480 626 2532 cujus
642 2479 701 2519 etium
714 2479 821 2518 intenditur
836 2479 907 2532 signifi-

206 2535 308 2575 Wottonus
322 2538 442 2574 commeatus
455 2538 475 2573 et
487 2546 545 2585 appo·
572 2535 621 2574 catio
635 2533 705 2573 additis
714 2533 777 2573 verbis
790 2537 825 2573 τοῖς
839 2537 906 2586 σπλάγ-

205 2590 338 2643 rarusquibus
348 2604 396 2642 opus
406 2589 465 2629 estin
474 2588 545 2627 militia
572 2606 623 2639 χοοις.
653 2587 791 2628 OLERIOUS.
832 2591 906 2641 ἐσπερνι.

206 2650 271 2685 nostra
287 2645 401 2685 Christiana.
432 2644 461 2683 En
475 2643 545 2696 quibus
573 2645 632 2693 ορένοι
649 2643 678 2691 ἦτε
695 2642 853 2698 (subintelligitur
867 2647 906 2686 τοὺς

132 2748 134 2752 ,
205 2700 226 2739 in
234 2698 544 2753 hacperegrinotionoadvictum
570 2702 633 2749 λόγους
651 2699 681 2738 vel
700 2696 768 2752 αῦποῦς)
784 2703 819 2739 τοῖς
837 2703 905 2751 σπλάγ-

205 2756 338 2807 quotidianum
359 2754 433 2795 christi
454 2754 544 2794 fidelibus
570 2770 622 2803 χνοις,
638 2754 665 2792 od
679 2753 736 2793 uerbo
751 2753 791 2805 ορίις
807 2754 906 2807 dlliqecter

205 2824 253 2862 opus
268 2816 302 2860 est,
318 2811 410 2863 intelligit
427 2809 542 2850 Dresselius,
571 2809 686 2848 obtendentes
695 2809 792 2849 recondito
802 2811 906 2852 canalaus

206 2865 277 2915 Ἐφόδιο
296 2869 357 2912 δοῦνοι,
378 2866 468 2905 subsidio
486 2866 543 2916 argu
570 2864 638 2904 ιἰιῦιιιιο
656 2864 678 2903 ln
696 2864 812 2912 visceribus·
831 2879 869 2918 quo
885 2867 905 2905 in
