1958 3490
315 229 413 273 INDEX
427 228 611 272 ΕΒΙΤΙΟΝΠΜ.
767 227 812 270 lxix

172 350 243 390 “tum
262 346 357 403 supplere
378 344 464 388 annisus
484 347 517 387 est
533 343 567 387 vir
585 342 679 387 eruditus
698 332 924 388 Arrormsclemmom.

138 465 139 470 ¹
172 423 186 444 “
196 417 289 459 Brnarus
299 414 322 458 in
334 414 422 458 Publica
433 413 551 471 specimine
560 412 635 456 itidem
645 411 746 466 Basileae,
756 428 811 456 anno

172 492 255 542 “1744
268 484 331 539 edito,
345 488 408 542 atque
423 482 621 541 oonjeoturishaud
637 481 768 539 poenitendis
785 483 812 526 ad

172 561 186 581 “
196 557 281 599 textum
290 552 448 604 Clementinum
455 551 554 596 editionis
562 550 713 596 Wottonianae
722 551 811 596 ulteuus

172 630 187 651 “
196 624 265 668 adhue
275 623 427 681 detergendum
437 621 536 667 referto.”

117 696 179 754 1746,
194 694 289 748 Loadiai,
300 694 320 737 8.
660 749 661 752 Ἴ

201 764 311 808 Rronnuus
328 764 418 816 Russrrr,
434 763 461 806 A.
472 763 505 805 M.
521 762 635 806 editionem
651 762 811 807 Wottonianam

172 849 221 891 prae
238 833 325 878 caeteris
342 833 383 878 sibi
402 832 530 890 sequendam
547 832 609 876 duxit
625 833 649 876 in
667 833 706 876 SS.
722 833 811 878 Patrum

172 898 347 960 Apostolicorum,
363 903 479 957 Barnabae,
495 902 594 956 Hermae,
607 902 729 958 Clementis,
743 904 809 962 Igna·

171 972 204 1026 tii,
215 973 332 1031 Polyearpi,
343 966 446 1031 Operibus
457 971 567 1025 Genuinis,
576 972 657 1016 tomii.

200 1043 276 1086 Textui
287 1043 366 1087 Graeco
379 1042 487 1100 Epistolae
501 1041 582 1099 prioris,
595 1041 619 1084 in
633 1043 712 1100 pagina
725 1043 811 1088 sinistra

171 1127 220 1156 oum
242 1112 372 1156 variantibus
395 1111 521 1156 lectionibus
544 1110 651 1165 collocato,
674 1128 700 1156 ex
724 1113 810 1158 adverso

171 1181 282 1238 respondet
293 1181 368 1225 Versio
383 1180 526 1234 dolerenam,
542 1180 618 1237 quibus
632 1180 712 1225 minore
726 1182 809 1226 oharao-

171 1255 215 1294 tere
234 1250 345 1309 subjicitur
362 1250 461 1303 Juniana,
481 1266 494 1293 a
513 1250 538 1293 ol.
560 1249 617 1293 Fello
635 1250 744 1306 recensita,
761 1267 809 1295 oum

171 1319 315 1364 Wottoniauis
329 1319 478 1364 variationibus
493 1319 516 1362 in
530 1319 626 1377 margine
639 1320 720 1377 positis.
750 1321 810 1365 Infra

171 1389 242 1434 ordine
252 1389 392 1447 subjiciuntur
401 1389 513 1432 Variorum
523 1389 718 1434 animadversiones.
744 1390 808 1435 'Alte-

170 1459 213 1502 rius
227 1459 334 1516 Epistolae
348 1458 542 1515 interpretationem
557 1458 709 1503 Gotelerianam
724 1463 808 1506 tantum

170 1528 272 1572 exhibuit.
302 1528 338 1572 Ad
352 1529 430 1572 oaloem
444 1528 557 1571 voluminis
572 1528 635 1586 primi
647 1529 745 1587 pleraque
758 1532 807 1575 sub·

167 1599 220 1656 jeoit
236 1599 343 1652 adnotata,
361 1614 372 1642 e
389 1598 427 1642 oel.
446 1598 512 1641 Millii
530 1600 651 1656 apographo
668 1604 762 1645 aoourate
782 1602 809 1645 ad

171 1668 223 1712 eod.
234 1668 294 1711 Alex.
309 1668 373 1712 fidem
387 1671 460 1711 exacto
475 1667 591 1725 descripta3
606 1684 658 1725 quae
672 1670 756 1727 quidem
771 1672 807 1716 ad-

171 1742 244 1782 notata
253 1738 381 1783 Wottonum
389 1736 552 1796 praetermisisse
562 1738 610 1795 jure
623 1738 712 1783 miratur
722 1740 808 1786 Gallan-

170 1808 224 1861 dius,
235 1808 317 1864 Proleg.
327 1824 349 1865 p.
357 1808 394 1851 xii.

200 1877 270 1934 Hujus
283 1876 380 1921 editionis
394 1879 464 1920 exstat
479 1892 566 1921 oensura
579 1877 602 1920 in
615 1879 664 1922 Aet.
675 1879 732 1923 Nov.
742 1880 807 1924 Erud.

170 1948 228 2005 Lips.
239 1964 258 1991 a.
271 1957 333 2006 1749.
344 1963 410 1992 mens.
421 1946 497 1991 Ootob.

114 2017 176 2075 1765,
195 2016 288 2070 Venetiio,
301 2016 337 2061 fol.

198 2087 302 2131 manans
316 2087 463 2140 Gnmnunrus,
474 2087 586 2145 Presbyter
599 2087 705 2146 congreg.
716 2089 809 2133 Oratorii

169 2158 246 2201 Venet.
261 2158 284 2200 in
301 2160 359 2201 tomo
376 2157 451 2214 primo,
461 2172 497 2214 pp.
510 2165 586 2212 1-47,
603 2157 670 2214 operis
686 2158 809 2216 amplissimi

169 2231 232 2285 atque
248 2226 415 2280 elaboratissimi,
425 2226 568 2270 Bibliotheoae
578 2227 637 2271 Vett.
651 2228 739 2272 Patrum
753 2230 809 2273 anti-

170 2312 298 2355 quorumque
321 2296 452 2354 Soriptorum
474 2296 675 2350 Eeolesiastioorum,
693 2297 808 2342 Clementis

169 2366 267 2424 reliquias
282 2366 340 2423 typis
353 2365 493 2423 oonsignavit,
508 2365 631 2409 Versionem
648 2366 808 2421 Cotelenanam

169 2451 233 2493 quam
252 2435 335 2492 utrique
355 2435 462 2492 Epistulae
482 2434 565 2491 adjerit,
584 2435 662 2491 passim
681 2435 718 2478 ubi
737 2440 809 2480 textus

169 2505 278 2549 reformati
292 2505 346 2549 ratio
361 2505 384 2548 id
398 2504 505 2557 suadebat,
520 2503 650 2548 immutavit.
678 2524 679 2528 ¹

197 2574 421 2618 Animadversionibus
435 2574 548 2617 Variornm
568 2579 589 2618 et
609 2575 651 2618 suis
671 2575 740 2618 textui
758 2575 807 2618 sub-

165 2644 228 2701 jeotis
253 2644 369 2687 immisouit
394 2642 517 2687 Gallandius
542 2643 696 2687 emendationes
719 2644 809 2688 Antonii

169 2714 239 2767 Birrii,
260 2729 322 2771 supra
345 2716 478 2757 memoratas.
515 2713 620 2757 Contenta
643 2713 705 2770 hujus
727 2714 807 2758 Biblio-

168 2784 248 2836 thecae,
262 2783 378 2826 seoundum
393 2785 461 2825 tomos
476 2782 513 2825 xiv
527 2782 616 2838 digesta,
632 2782 732 2826 exhibent
748 2783 808 2828 Wal-

169 2853 235 2906 ohius,
246 2853 302 2897 Bibl.
312 2853 399 2896 Patrist.
410 2868 431 2909 p.
441 2863 481 2909 217
496 2852 528 2896 ed.
544 2852 618 2904 Dana,
632 2855 654 2895 et
667 2840 808 2910 Dowlingius,

169 2924 239 2967 Notit.
259 2923 335 2980 Soript.
355 2923 393 2967 SS.
412 2923 468 2966 Patt.
484 2936 562 2980 p.192.
592 2922 657 2965 Tomo
672 2921 717 2976 xiii,
735 2924 772 2981 qui
789 2941 807 2968 a.

171 3002 224 3050 1779
236 3008 247 3035 e
260 2993 317 3050 prelo
330 2992 403 3045 evasit,
414 2992 539 3036 immortuus
552 2994 585 3034 est
597 2991 669 3035 editor.
