1919 3395
212 202 243 245 xii
381 203 421 247 DE
442 203 465 247 S.
481 203 654 248 cnnmsunls
676 202 750 246 ROM.

214 325 234 361 et
247 326 292 375 post
303 334 348 362 eum
357 321 447 374 Optatus,
460 330 481 368 11,
491 323 518 369 iii,
532 337 550 376 p.
563 324 588 361 28
602 322 631 362 ed
642 322 674 360 Du
684 319 725 370 Pin,
736 320 856 361 Clementem
865 320 915 360 Lino

214 387 325 428 immediate
339 388 450 429 successisse
464 393 556 430 statuunt.
585 387 700 428 Pontificum
710 386 915 440 Romanorum-qnia

215 455 273 495 Petro
286 454 371 508 proximi
383 455 466 505 fuerunt,
480 456 615 508 perobscurem
628 467 668 494 esse
682 453 756 499 seriem,
766 453 843 494 disertis
851 452 915 494 verbis

211 521 327 573 jamdudum
341 522 401 562 fassus
415 526 444 562 est
458 522 553 568 Petavius,
565 521 589 561 ad
599 520 693 573 Epiphan.
704 520 763 560 Haer.
773 520 828 559 xxvii
839 521 856 559 6.
885 519 914 558 Tu

214 588 280 627 confer
288 587 367 628 omnino
374 588 465 629 Pearsoni
474 588 498 628 de
506 588 559 629 Serie
568 593 588 628 et
595 586 718 628 Successione
726 586 834 639 primorum
841 588 915 626 Romae

214 653 354 706 Episcoperum
363 653 444 694 Dissert.
454 654 468 693 ii
480 668 497 700 1,
508 667 524 694 τ.

241 728 250 748 ⁹
264 733 286 760 esc
295 734 381 772 persona
389 722 490 761 chcsaae
498 717 601 774 Ecclesiae]
619 721 646 759 ἐπὶ
654 719 715 757 τούτου
729 718 797 756 οὖντοῦ
811 717 914 766 Κλήμεντος,

214 788 293 827 στάσεως
311 788 341 825 οὒκ
357 788 416 838 ὀλίγης
431 791 467 827 τοῖς
482 789 500 826 ἐν
515 787 591 839 Κορίνθῳ
606 788 695 838 γενομένης
711 786 799 834 ἀδελφοῖς,
815 785 914 823 ἐπέστειλεν
957 819 958 822 ,

213 854 223 901 ἡ
240 854 258 891 ἐν
272 854 327 902 Ῥώμη
343 854 424 902 ἐκκλησία
441 856 542 903 ἱκανωτάτην
556 855 626 904 γραφὴν
642 856 677 892 τοῖς
693 853 792 903 Κορινθίοις,
809 853 833 891 είς
849 850 914 900 εἶρίηνην

151 942 153 945 -
214 921 347 967 σνμβιβάζσνσα
361 921 428 964 αὐτοὺς,
443 923 470 959 καὶ
482 921 575 960 ἀνανεοῦσσ
588 921 618 968 τὴν
632 920 691 958 πίστιν
704 921 765 962 αὐτῶν,
777 918 804 955 καί
818 917 839 966 ἣν
853 917 914 955 νεωστί

213 986 246 1023 tat
260 989 294 1023 τῶν
307 986 410 1024 ἀποστόλων
423 988 518 1037 παράδοσιν
532 986 604 1036 εἰλήφει.
627 985 722 1034 heuneus,
737 991 761 1022 111
774 982 796 1021 iii
811 997 827 1034 3.
866 981 912 1022 Vid-

212 1051 263 1090 infra
276 1064 294 1103 p.
307 1064 351 1090 αττ.

239 1117 304 1156 Τούτου
317 1118 338 1165 δίη
352 1117 382 1156 οὖν
395 1115 426 1156 τοῦ
439 1117 536 1166 Κλήμεντος
550 1119 676 1168 ὁμολογουμένη
689 1117 719 1165 μία
727 1116 822 1163 Ἐπιστολὴ
836 1115 913 1165 φέρεται,

211 1185 278 1234 μεγάλη
287 1200 306 1221 τε
315 1184 342 1221 καί
351 1184 443 1232 θαυμασία,
453 1184 473 1232 ἣν
482 1186 505 1224 ὡς
513 1186 547 1223 dal
556 1186 586 1232 τῆς
594 1184 680 1231 Ῥωμαίων
688 1183 778 1231 ἐκκλησίας
790 1185 811 1229 τῇ
821 1179 913 1231 Κορινθίων

211 1252 334 1294 διετνπώσατο,
349 1249 427 1289 στάσεως
441 1251 516 1298 τηνικάδε
530 1251 572 1288 κατὰ
585 1251 616 1298 τὴν
629 1249 712 1300 Κόρινθον
724 1250 818 1299 γενομένης.
842 1246 911 1286 Euseb.

212 1315 238 1355 H.
249 1315 275 1355 Ec
283 1316 304 1354 iii
316 1317 345 1355 16.

238 1383 270 1419 Kal
280 1386 311 1420 τοῦ
321 1381 418 1430 Κλημςντος
427 1383 474 1429 ε’νςῇ
484 1382 625 1432 σ’νωμολογημένη
637 1383 684 1431 παρὰ
694 1384 752 1426 πᾶσιν,
762 1380 782 1429 ἣν
791 1381 809 1418 ἐκ
818 1381 913 1430 προσώπου

210 1450 240 1496 τῆς
248 1448 334 1497 Ῥωμαίων
343 1449 433 1496 ἐκκλησίας
441 1451 462 1495 τῇ
472 1448 566 1497 Κορινθίων
574 1449 698 1486 διετυπώσατο,
717 1448 742 1487 ib.
753 1447 775 1486 iii
785 1448 815 1497 38.

237 1510 312 1552 feclde
328 1513 395 1552 alitem
409 1511 527 1567 Ερίςίοίοοιι]
550 1512 606 1552 (lirce
623 1518 701 1565 tempus
720 1526 758 1565 qno
773 1512 860 1565 Epistola
876 1512 913 1551 ista

209 1578 280 1630 scripta
289 1583 323 1627 est,
333 1578 405 1630 triplex
414 1579 499 1619 maxime
512 1578 589 1618 exsistit
603 1579 681 1631 opinio:
699 1579 762 1631 prima
774 1579 792 1618 J.
804 1579 827 1618 E.
839 1577 911 1626 Grabii,

210 1645 248 1697 qui,
264 1645 328 1697 Spicil.
339 1646 407 1685 Petti
421 1660 439 1697 p.
452 1655 496 1695 254,
512 1659 554 1685 eam
564 1645 648 1685 Neronis
662 1645 793 1698 persecutione
807 1644 911 1693 desinente,

209 1711 297 1763 proxime
309 1716 354 1764 post
363 1711 503 1765 Apostolorum
512 1713 565 1752 Petri
574 1717 594 1751 et
603 1713 658 1752 Pauli
670 1712 791 1764 martyrium,
800 1711 818 1751 h.
827 1725 842 1751 e.
853 1710 876 1750 A.
885 1711 909 1749 D.

210 1779 242 1827 68,
252 1777 283 1817 vel
293 1778 351 1817 etiem
362 1779 386 1827 65
397 1783 479 1817 exeunte
488 1779 581 1831 scriptam
590 1792 630 1818 esse
640 1779 747 1823 contendit;
759 1779 819 1818 altera
829 1777 851 1817 G.
860 1777 911 1816 Ven-

209 1843 273 1892 delini,
284 1844 371 1883 eamdem
380 1857 430 1883 anno
440 1844 512 1884 Christi
523 1854 557 1895 955
563 1844 648 1884 fervente
657 1845 764 1885 Domitiani
773 1844 911 1896 persecutione,

208 1910 312 1962 illigantis3
327 1915 425 1962 postrema
438 1910 530 1950 Ootelerii
544 1915 602 1962 atque
611 1911 735 1961 Tillemontii,
748 1908 781 1964 qui
794 1911 847 1950 illam
861 1910 910 1950 desi-

209 1980 267 2015 nente
282 1976 368 2028 ejusdem
382 1975 504 2028 imperatoris
517 1977 649 2028 persecutione
659 1977 708 2016 circa
717 1977 741 2016 A.
748 1978 772 2016 D.
785 1990 807 2027 97
820 1977 911 2028 scriptam

208 2042 332 2082 arbitrantur.
360 2041 453 2090 Quartam
462 2041 498 2081 Vir
507 2042 530 2081 el.
542 2042 633 2082 Claudius
642 2042 713 2088 Fleuri,
722 2048 768 2083 tom.
779 2043 785 2081 i
795 2043 847 2082 Hac.
857 2042 909 2081 acal.

209 2121 227 2159 p.
240 2120 284 2156 213,
295 2105 418 2157 excogitavit,
428 2120 477 2158 quae
490 2107 592 2147 adGrabii
606 2107 721 2147 sententiam
734 2107 813 2159 propius
827 2107 909 2146 accedat.

209 2175 285 2225 Nempe
297 2173 321 2225 ad
330 2172 351 2211 id
360 2177 442 2225 tempus,
452 2174 503 2224 quod
513 2173 597 2212 Neronis
610 2174 712 2213 interitum
721 2173 801 2225 excepit,
811 2179 831 2213 et
841 2173 911 2212 Hiero·

208 2239 346 2290 solymitanum
355 2239 456 2278 antecessit
466 2239 563 2278 excidium
572 2240 639 2279 referri
648 2252 704 2290 posse
714 2239 815 2291 opinatur)¹
827 2244 847 2279 et
856 2252 910 2278 cesus

194 2308 195 2311 ’
208 2306 304 2353 adversos,
314 2304 334 2342 in
344 2303 442 2355 Epistolae
456 2304 550 2356 principio
565 2310 686 2350 memoratos,
696 2305 719 2345 de
733 2306 783 2345 bello
797 2305 849 2345 cirili
858 2306 909 2358 quod

209 2371 293 2410 Neronis
302 2383 355 2409 mors
364 2370 462 2419 excitavit,
472 2370 615 2422 interpretatur.
636 2371 831 2413 OOUSTANTIUS.

236 2437 324 2481 Grabius,
335 2435 400 2487 Spicil.
412 2437 461 2476 Patt.
473 2436 480 2474 i
491 2446 536 2486 254,
550 2451 560 2475 e
572 2438 635 2477 verbis
649 2438 753 2478 Clementis
768 2439 777 2490 ᾗ
787 2452 819 2488 41,
829 2441 854 2477 οὐ
868 2455 909 2477 παν-

207 2507 261 2553 ταχοῦ
270 2502 347 2552 ἀδελφοί
354 2534 356 2540 .
365 2533 369 2541 .
382 2533 385 2541 .
394 2534 398 2542 ,
406 2504 531 2553 προειρημένων
539 2506 647 2554 λειτουργῶν,
658 2509 710 2545 certo
720 2510 807 2545 constare
816 2505 853 2545 sibi
862 2504 909 2544 dicit
939 2508 941 2512 ⁴

207 2569 309 2621 Templum
319 2568 518 2620 Hierosolymitanum
531 2574 577 2608 tunc
590 2570 670 2615 stetisse,
680 2575 737 2624 atque
747 2572 842 2612 excidium
852 2571 909 2620 illius,

207 2636 258 2687 quod
275 2636 294 2674 in
311 2648 383 2674 annum
401 2644 427 2685 70
443 2635 516 2683 incidit,
534 2636 620 2674 nondum
637 2638 743 2690 contigisse.
778 2638 816 2679 Sed
833 2651 909 2677 ornnem

206 2702 338 2743 difficultatem
353 2702 430 2742 solvunt
440 2702 478 2741 duo
488 2702 525 2741 loci
534 2702 620 2754 Josephu
629 2703 696 2756 Antiq.
707 2706 728 2745 iii
738 2709 749 2744 8
765 2707 789 2745 de
802 2705 909 2745 Pontificali

206 2773 275 2807 ornatu
288 2774 375 2820 tempore
389 2782 465 2821 semper·
477 2768 573 2819 praesenti
587 2771 712 2821 exponentis:
729 2778 796 2823 πρῶτον
805 2774 836 2820 μὲν
844 2773 908 2821 περιτί-

206 2835 253 2871 θεται
262 2837 291 2873 τὸν
299 2836 400 2885 μαναχάσην
409 2836 596 2886 λεγόμενον-άταν-δέ
606 2837 707 2884 σπουδάζειν
716 2841 755 2889 περὶ
764 2840 794 2878 τὰς
805 2840 866 2877 θυσίας
880 2839 908 2885 δέῃ

205 2902 232 2938 καὶ
241 2902 487 2950 διακονεῖν-ἀναβαλλόμενος
502 2904 529 2940 ἐπί
543 2904 563 2939 τὸ
577 2905 626 2941 λαιὸν
640 2906 727 2954 ὢμοφορεῖ
740 2908 800 2944 κ,τ.λ.
816 2909 836 2944 et
845 2905 871 2944 vii
884 2918 907 2953 14

205 2967 229 3004 dc
246 2967 351 3007 Sortitionc
368 2968 498 3009 Pontificum:
518 2970 528 3016 ἡ
545 2971 603 3018 πρώτη
619 2971 650 3017 μὲν
666 2971 744 3015 ἀναβᾶσα
761 2974 824 3021 πατριὰ
841 2972 907 3021 ἐγράφη
