1958 3490
314 231 386 274 VITA
400 232 437 275 ET
453 230 592 274 SCRIPTIS.
772 244 801 271 xv

125 346 137 377 l<
148 345 268 402 reprobatum]
278 349 314 397 ήτις
321 350 368 399 παρὰ
376 349 443 387 πάντων
452 346 596 394 ἀποδοκιμάζεται.
613 341 798 383 SOPHRONIUS.

98 416 109 464 ή
118 416 136 453 δὲ
145 415 228 465 λεγομένη
237 415 307 465 δευτέρα
315 416 358 465 πρὸς
366 415 406 454 τοὺς
414 414 480 458 αὐτοὺς,
490 414 513 451 ὣς
522 411 571 450 νόθος
580 410 725 457 ἇποθοκιράζεται.
748 409 798 449 Pho·

98 480 143 530 tlus,
153 479 305 524 Biblioth.,oxiii.
328 472 394 519 Ἰστέον
406 480 423 518 t’
432 481 454 519 ὣς
466 480 493 516 καὶ
507 477 577 526 δευτέρα
591 491 617 515 τις
632 473 674 514 εἶναι
687 475 756 525 λέγεται
768 479 799 514 τοῦ

98 546 195 596 Κλήμεντος
204 546 292 595 ἐπιστολή.
313 548 338 585 Οὐ
346 548 379 596 μὴν
388 546 414 584 ἔθ’
424 546 486 594 ὁμοίως
494 546 515 592 τῇ
524 542 599 593 προτέρη
609 544 636 580 καὶ
645 541 707 590 ταύτην
715 544 800 593 γνώριμον

98 612 209 661 ἐπιστάμεθα,
219 612 245 650 ὅτι
253 613 295 661 μηδὲ
304 616 332 650 καὶ
340 613 380 652 τοὺς
388 612 470 661 ἀρχαίους
481 611 523 658 αὐτῇ
535 609 646 659 κεχρημένους
655 607 711 657 ἴσμεν.
727 608 797 648 Euseb.

99 678 125 718 H.
136 677 159 717 E.
169 677 191 717 iii
201 680 233 728 38,
247 692 296 730 quae
311 678 370 717 verba
386 675 529 728 Hieronymum
545 678 565 714 et
581 674 672 713 Rufinum
689 673 799 714 duriuscule

98 744 235 796 interpretatos
251 743 309 783 inisse
325 746 403 783 censent
417 741 490 785 Rullus,
508 738 550 778 Def.
566 738 609 777 Fid.
624 737 667 777 Nic.
682 737 704 776 ΙΙ
715 751 733 788 3,
743 747 762 788 5,
778 743 798 778 et

98 811 213 850 Nemeterns
230 810 250 849 in
267 810 346 850 Dissert.
364 805 546 848 Historico.Oritica
562 805 586 845 de
602 805 721 857 Fragmenta
736 804 796 845 Olom.

98 878 154 917 Rom.
170 877 222 930 quod
238 878 273 917 sub
289 876 365 916 nomine
380 876 416 927 Ep.
433 873 527 914 secundae
542 873 567 912 ad
583 871 694 912 Corinthios
708 871 796 913 habetur.

97 943 166 984 Altorf.
180 952 238 995 1749.
267 942 295 983 Of.
307 931 389 983 Ooteler.
399 942 449 981 infra
458 954 476 993 p.
487 953 530 991 219.

125 1009 222 1050 Homiliae
239 1010 304 1062 potius
323 1023 381 1061 quam
396 1007 494 1060 Epistolae
512 1006 644 1058 fragmentum
663 1019 704 1046 esse
722 1006 797 1058 optimo

94 1076 139 1128 jure
153 1075 272 1115 contendunt
285 1074 408 1123 Vendelinus,
423 1071 539 1121 Blondellus,
552 1070 641 1115 Θουρίας,
656 1070 723 1123 Spicil.
733 1070 741 1110 i
751 1073 797 1120 268,

97 1138 241 1193 Sehroeokhius,
255 1136 441 1190 Kirclrenpcoclu'clrte
455 1136 469 1175 ii
484 1148 528 1187 271,
547 1134 667 1183 Muenscher,
683 1135 798 1175 Hnaclbucla

97 1205 115 1244 d.
126 1204 312 1257 Dopmcnpesola'clrtc
323 1204 388 1253 i.124‚
402 1202 497 1251 Neander‚
511 1200 629 1253 Allpemes'nc
643 1200 749 1241 Geeolrictte
762 1201 797 1241 der

97 1270 224 1312 Otrorticlnn
232 1270 322 1322 Rclipc'on
331 1270 342 1308 Ι
351 1270 373 1309 iii
383 1270 428 1320 736,
438 1273 457 1309 et
466 1267 582 1317 Dodwellns,
596 1267 635 1320 qni,
647 1268 742 1320 probante
752 1267 795 1308 Ole-
857 1312 858 1315 ¹

96 1337 141 1388 rico,
151 1337 176 1377 ad
186 1341 272 1378 veterem
283 1337 337 1376 illam
346 1336 421 1386 Διδαχήν
430 1334 570 1375 Clementinam
584 1333 662 1374 omnino
676 1334 796 1374 referendam

96 1417 137 1444 esse
145 1408 215 1444 censet.
244 1403 324 1443 Dissert.
335 1402 356 1441 in
364 1402 471 1451 Irenaeum,
480 1401 488 1440 i
497 1404 506 1450 t
518 1414 547 1453 29.

123 1469 236 1522 Suspectam
244 1469 352 1509 habuerunt
361 1469 453 1518 Marinus,
464 1467 547 1524 Ereroit
558 1467 608 1507 Bibl.
617 1467 628 1506 I
636 1467 657 1506 ix
665 1480 677 1516 4
687 1480 704 1518 9,
715 1472 736 1508 et
745 1467 794 1508 Gro-

94 1536 139 1585 tius,
152 1535 214 1588 Epist.
228 1536 253 1575 ad
265 1535 347 1589 Bignon.
361 1549 386 1575 ex
398 1532 520 1574 characteris*
528 1533 646 1574 diversitate.
675 1534 713 1573 Pro
728 1534 795 1586 spuria

94 1602 176 1642 habetur
190 1616 201 1641 a
214 1602 304 1652 Venema,
319 1602 370 1642 Hist.
385 1601 436 1641 Eocl.
452 1601 505 1642 Sacc.
515 1600 527 1639 I
537 1601 547 1653 ξ
559 1610 603 1650 252,
616 1599 716 1650 aGrabio,
727 1601 793 1653 Spieil.

94 1668 157 1718 i265‚
172 1673 192 1709 et
206 1668 284 1718 Omllio,
299 1668 366 1708 Seleot.
382 1667 431 1707 Patt.
447 1666 506 1719 Oapp.
520 1667 553 1716 loc,
565 1666 631 1705 Turici
642 1666 716 1716 1830,i
727 1669 745 1713 8,
760 1667 795 1720 qui

93 1734 147 1774 illam
161 1734 256 1775 Clementi
270 1734 389 1786 suppositam
401 1732 459 1772 luisse
474 1732 548 1772 saeculo
561 1732 583 1771 iii
599 1737 619 1787 et
634 1732 714 1784 quidem
729 1733 794 1773 medio

93 1801 229 1853 suspioantur3
249 1814 261 1840 a
279 1800 382 1846 Lardnero,
400 1799 518 1851 Orodibt'litp,
532 1799 553 1838 P.
564 1799 587 1838 II
601 1812 642 1851 cup.
654 1812 672 1849 3,
691 1813 703 1838 a
721 1799 794 1850 Lessio‚

93 1867 149 1907 teser
160 1868 191 1908 cle'c
204 1867 298 1919 Bcltpc'oa,
312 1867 320 1905 i
333 1876 378 1917 510,
392 1868 403 1906 a
417 1866 495 1915 Stolleo,
507 1865 570 1905 nesea
584 1866 618 1905 aler
627 1865 717 1905 4ΚοόὀΙοουυ
731 1866 793 1916 Vtt'tcr,

92 1945 112 1984 p.
124 1935 154 1982 18,
164 1947 176 1972 a
185 1932 288 1982 Omdnero,
297 1933 387 1984 Bcitrctpe
395 1946 432 1972 ουν
440 1931 561 1982 Eiolcitonp,
572 1931 604 1970 ώα.
616 1931 623 1969 i
632 1945 649 1983 p:
663 1944 693 1980 14,
704 1946 716 1971 a
725 1932 793 1973 Moch-

92 1998 139 2045 lero,
147 2000 167 2039 lc
173 2000 288 2051 Potrolopa'c,
298 2000 345 2049 175.
355 1999 379 2038 ab
390 1997 525 2051 Hilgenfeldio,
535 1997 566 2037 dic
575 1996 719 2049 Apauortene
731 1998 793 2044 Vtar,

92 2078 113 2117 p.
126 2078 169 2114 τοο,
182 2067 216 2118 qui
229 2066 281 2106 intra
295 2078 355 2105 annos
366 2066 402 2104 161
416 2069 435 2104 et
447 2066 484 2103 180
496 2077 538 2103 eam
551 2063 644 2116 scriptum
657 2064 716 2104 fuisse
729 2065 792 2118 suspi-

93 2134 152 2171 catur.
182 2132 318 2185 Solrweglerus,
329 2131 434 2172 essentne
442 2131 475 2170 olco
482 2129 677 2182 Noctupostolt'sclron
685 2130 792 2180 Ζοώαῐοους,

92 2196 99 2235 i
108 2211 126 2249 p.
135 2212 180 2250 449,
190 2204 235 2251 post
245 2198 341 2238 Homilias
351 2197 480 2237 Clementinas
489 2196 580 2248 scriptam
589 2209 630 2236 esse
639 2200 708 2236 censet.

121 2263 127 2292 ¹
136 2264 232 2320 conspuit]
245 2266 314 2304 εὐθύνει.
329 2262 511 2305 SOPHRONIUS.
535 2262 583 2311 Ἤδη
592 2264 611 2301 δὲ
620 2264 647 2301 καὶ
656 2263 706 2313 ἕτερα
715 2266 792 2312 πολυεπῆ

92 2333 119 2370 καὶ
127 2334 183 2383 μακρὰ
192 2333 317 2386 συγγράμματα
329 2333 352 2371 ὡς
363 2335 393 2370 τοῦ
406 2332 456 2369 αὐτοῦ
466 2331 515 2380 ἐχθὲς
527 2331 554 2368 καὶ
566 2332 624 2380 πρώην
633 2330 677 2368 τινὲς
688 2329 792 2380 προήγαγον,

92 2400 159 2449 Πέτρου
173 2400 193 2448 δὴ
207 2401 234 2438 καὶ
242 2399 325 2438 Ἀπίωνος
339 2400 428 2449 διαλόγους
440 2397 547 2447 περιέχοντα·
561 2397 585 2434 ὧν
593 2396 631 2433 οὐδ’
641 2395 688 2436 ὅλως
699 2396 754 2451 μνήμη
767 2413 793 2436 τις

91 2466 138 2515 παρὰ
151 2468 187 2505 τοῖς
199 2468 279 2505 παλαιοῖς
292 2466 368 2516 φέρεται.
396 2465 440 2501 Οὐδὲ
451 2465 485 2514 γὰρ
497 2464 570 2513 καθαρὸν
577 2465 608 2511 τῆς
616 2463 732 2510 ἅποστολικῆς
741 2463 792 2513 ὀρθο-

92 2532 149 2579 teglae
162 2533 248 2579 ἀποσώζει
261 2533 291 2570 τὸν
303 2533 405 2581 χαρακτῆρα.
426 2529 494 2569 Euseb.
506 2530 531 2569 H.
542 2529 564 2569 Ε.
578 2529 600 2568 ill
613 2531 644 2579 38.
675 2528 732 2567 Hunc
746 2528 792 2568 Dis·

91 2598 212 2649 putationem
220 2597 273 2637 idem
282 2610 329 2649 opus
342 2610 382 2637 esse
394 2610 438 2636 oum
447 2594 618 2648 Recognitionibus
627 2599 705 2634 censent
715 2593 791 2633 Ootele-

91 2663 136 2713 rius,
150 2664 207 2716 i490
222 2665 250 2704 ed.
266 2663 315 2704 Oler.
328 2672 385 2714 1724,
400 2667 420 2702 et
434 2661 521 2701 Valesius
535 2661 556 2700 in
571 2665 610 2701 not.
626 2661 652 2700 ad
666 2661 735 2700 Euseb.
750 2660 762 2700 l.
773 2674 789 2700 c.

91 2743 174 2781 quorum
192 2731 276 2771 rationes
294 2730 405 2782 neutiquam
423 2729 499 2782 placent
516 2727 593 2777 Grebia,
613 2726 678 2779 spicil.
693 2726 749 2777 i272
761 2740 789 2779 sq.

13 2800 15 2803 '
91 2795 164 2837 Praeter
178 2797 340 2850 Reoognitionum
353 2797 412 2836 libros
426 2796 496 2844 decem,
511 2793 616 2834 Clementis
630 2807 702 2834 nomen
716 2794 790 2846 praef-

90 2868 136 2903 runt
152 2863 190 2903 alia
206 2863 277 2916 scripta
292 2862 414 2916 supposititia
421 2876 428 2912 3
442 2862 526 2914 quinque
542 2860 567 2900 ad
582 2861 669 2900 diversos
684 2860 790 2914 Epistulae,

91 2926 189 2969 Homiliae
198 2930 238 2979 xix,
249 2929 414 2970 Constitutionum
423 2927 578 2981 Apostolicorum
589 2926 635 2966 libri
643 2927 684 2977 viii,
695 2927 790 2980 Litnrgia‚

90 2997 110 3032 et
119 2994 207 3036 Oenones
216 2995 359 3048 Apostolorum,
369 3008 417 3048 quaa
427 2994 491 3037 omnia
500 2993 577 3045 collegit
586 2997 606 3033 et
616 2993 721 3034 illustravit
731 2993 789 3033 (lote-
