1931 3420
303 231 340 274 ΕΤ
360 231 583 277 FORMULARUM.

62 345 188 392 Εὐσυνείδητος.
218 335 253 380 ἀὐκ
269 343 383 391 εὐσυνείδητοί
400 359 430 391 μοι

88 399 130 439 εἶναι
148 399 242 447 φαίνονται.
262 396 303 449 Igu.
323 395 394 448 Magn..
410 410 428 446 4.

88 455 114 493 ὅτι
127 453 243 500 εὐσονείδητάς
256 452 289 501 εἶμι
301 453 319 490 ἐν
327 453 372 500 ὑμῖν.
383 451 428 491 Phi-

87 508 156 549 1ιι1.6.

61 566 156 604 Εὐτάκτως.
191 566 227 600 πῶς
242 562 349 601 εὐτάκτως..
360 590 363 599 .
373 562 428 600 ἐπιτε-

87 622 140 667 λοῦσι
158 618 180 655 τὰ
194 617 323 665 διατασσάρενα.
341 614 402 655 Olem.
418 616 429 655 I

89 681 120 724 37.
150 672 239 721 ἀμφότερα
251 671 333 711 εὐτάκτως
347 671 365 708 ἐκ
380 672 430 720 θελίη-

87 743 141 778 ματος
148 729 197 764 Θεοῦ.
209 737 239 774 42.

61 781 139 829 Εὐταξία.
162 783 208 829 ὑμῶν
221 780 250 828 τὴν
263 780 281 818 ἐν
294 784 331 832 θεῷ
344 781 428 829 εὐταξίαν.

66 865 68 868 .
88 838 130 889 Ign.
141 835 191 888 Eph.
202 835 220 873 6.

33 918 35 920 -
61 892 194 943 Εὐφραίνεσθαι.
218 891 318 939 ηὐφραίνετο
327 891 358 938 μὲν
367 891 396 929 ἐπὶ
405 894 429 942 τῷ

88 950 118 995 τῆς
133 946 224 994 ἐκκλησίας
241 944 334 996 άσαλεύτιρ.
368 944 427 985 Mart.

87 1001 130 1053 Ign.
145 1013 160 1038 1.

61 1055 171 1107 Εὐφροσύνη.
200 1054 235 1102 μετ’
243 1054 349 1105 εὐφροσύνης
358 1055 426 1105 περιθέ-

86 1110 167 1160 μενοςτύ
176 1111 235 1159 δεσμά.
246 1108 302 1150 Mart.
314 1110 355 1162 Igu.
368 1122 386 1148 2.

60 1167 178 1216 Εὐχαρίστείν.
210 1167 220 1202 ὁ
237 1165 256 1201 δέ
273 1167 341 1214 πτωχὸς
358 1166 427 1215 εὐχαρι-

87 1221 150 1259 στείτω
168 1223 193 1272 τῷ
217 1222 259 1270 Θεῷ.
284 1218 342 1259 Olem.
362 1219 374 1257 I
394 1222 425 1270 38.

86 1276 181 1325 ὀφείλομεν
194 1275 235 1313 κατὰ
250 1276 304 1313 πάντα
319 1276 428 1324 εὐχαριστεῖν

87 1332 138 1381 αὐτῷ.
148 1328 173 1369 ib.
199 1329 284 1369 Ἕκαστος
294 1359 322 1369 ...
333 1331 380 1380 ἐντῷ
391 1331 427 1381 ίδίῷ

86 1387 160 1435 τάγματι
175 1385 299 1434 εὐχοριστείτω,
317 1397 349 1433 41.
388 1385 428 1424 ὅθεν

87 1442 114 1478 καὶ
131 1440 195 1489 γράφω
215 1440 259 1487 ὑμῖν,
278 1441 384 1490 εὐχαριστῶν
402 1443 426 1491 τῷ

87 1495 150 1546 Κυρίῳ.
160 1493 202 1546 Ign.
211 1492 259 1545 Eph.
272 1507 301 1533 21.
323 1496 426 1543 Εὐχαριστῶ

87 1551 106 1588 δὲ
114 1552 139 1601 τῷ
149 1553 187 1601 θεῷ
199 1564 236 1597 μου.
249 1548 321 1588 Philad.
334 1550 351 1587 6.
379 1550 426 1600 κάγὼ

86 1608 110 1656 τῷ
120 1606 159 1655 Θεῷ
171 1606 268 1654 εὐχαριστῶ
279 1606 321 1655 ὑπὲρ
330 1606 381 1652 ὑμῶν.
394 1617 424 1643 11.

86 1662 102 1697 οί
123 1660 151 1696 καὶ
175 1660 306 1709 εὐχαριστοῦαιν
325 1663 350 1711 τῷ
368 1660 426 1711 Κυρίῳ

86 1714 130 1763 ὐπέρ
140 1714 190 1762 ὐμῶν.
205 1712 280 1765 Smyrn.
293 1727 323 1752 10.
350 1715 425 1765 Εὐχαρί-

87 1773 124 1807 στῶ
131 1784 166 1816 σοι,
177 1768 261 1807 Δέσποτα.
272 1769 328 1809 Mart.
339 1768 382 1820 Igu.
394 1782 411 1808 2.

60 1823 171 1873 Εὐχαριστία.
200 1823 312 1874 συνέρχεσθαι
324 1825 347 1863 είς
356 1825 425 1874 εὐχαρι-

63 1900 65 1907 =
86 1880 137 1917 στίαν
150 1882 199 1917 θεοῦ.
211 1878 253 1930 Ign.
266 1878 314 1931 Eph.
332 1891 361 1928 13.
396 1883 426 1928 μιᾷ

86 1935 188 1983 εὐχαριστίᾳ
192 1934 271 1983 χρῆσθαι.
279 1933 350 1973 Philad.
358 1947 377 1982 4.
393 1936 426 1972 Εὐ-

86 1989 178 2038 χαριστίας
187 1991 214 2027 καὶ
222 1992 319 2039 προσευχῆς
327 1990 425 2038 ἀπέχονται.

86 2043 163 2095 Smyrn.
175 2044 194 2082 6.
214 2044 244 2091 τὴν
253 2045 361 2094 εὐχαριστίαν
370 2046 427 2094 σάρκα

86 2096 127 2136 εἶναι
136 2101 168 2136 τοῦ
177 2101 253 2148 Σωτῆρος
261 2099 311 2146 ἡμῶν.
321 2098 346 2138 ib.
360 2099 426 2147 Ἐκείνη

85 2154 150 2199 βεβαία
159 2155 259 2204 εὐχαριστία
267 2154 345 2204 ἡγείσθω.
357 2156 375 2192 8.

59 2210 173 2259 Εὐχάριστος.
205 2211 306 2259 γραμμάτων
319 2210 427 2259 εὐχαριστῶν

85 2263 220 2313 ἐκπεμφθέντων.
231 2263 287 2304 Mart.
298 2263 340 2316 Igu.
352 2277 370 2312 4.

58 2318 139 2368 Εὐχερίγς.
154 2318 193 2367 ὑμῖν
201 2322 235 2369 γὰρ
244 2320 311 2368 εὐχερές
320 2320 367 2357 ἐστιν
376 2318 386 2356 δ
396 2319 425 2356 θέ-

82 2376 122 2411 λετε
134 2376 209 2422 ποιῆσαι.
221 2373 262 2425 Igu.
273 2374 327 2412 Rom.
341 2387 356 2412 Ι.

56 2429 150 2478 Εὐχεσθοι,
180 2429 274 2478 Εὐχάμεθα
283 2429 318 2467 ,οὐν
327 2461 331 2468 ,
339 2460 343 2469 .
352 2458 357 2467 .
366 2428 393 2467 ἵνα
408 2429 426 2465 ἐν

82 2484 139 2533 άγάπη
157 2484 217 2532 ζῶμεν.
233 2482 292 2522 Olem.
309 2483 320 2522 I
340 2493 371 2532 50.
406 2482 425 2520 δν

82 2542 154 2588 εὐχομιιι
162 2540 205 2576 κατὰ
217 2539 284 2586 Ἰησοῦν
297 2540 373 2588 Χριστὸν
381 2540 424 2586 ὐμᾶς

81 2594 154 2643 ἀγαπᾶν.
174 2594 216 2645 Ign.
236 2592 284 2645 Eph.
305 2606 321 2632 1.
352 2596 424 2643 εὔχομαι

81 2651 181 2696 παραμεῖναι
195 2650 249 2687 αὐτόν.
266 2661 282 2687 2.
312 2651 383 2697 εὐχομαι

81 2706 157 2742 πλεῖστα
170 2705 240 2754 χαίρειν.
255 2702 319 2755 Magn.
332 2707 352 2743 et
364 2702 422 2741 TraIl.

82 2758 142 2797 Inscr.
191 2760 208 2796 ἐν
223 2756 250 2797 αίς
268 2760 327 2797 ένωσιν
345 2761 422 2807 εὐχομαι.

82 2812 148 2864 Magn.
167 2826 184 2851 Ι.
212 2814 229 2851 τί
237 2814 256 2851 δέ
266 2817 335 2864 εὔχομαι
342 2814 423 2862 θηριομα-

81 2871 135 2917 χῆσαι
143 2880 149 2916 3
164 2867 220 2907 Trall.
234 2881 263 2906 10.
295 2871 372 2917 Εὐχυμαι
382 2869 424 2915 ὑμᾶς

82 2924 100 2961 ἐν
109 2924 167 2973 ἀγάπη
176 2924 248 2961 ἀκοῦσαί
259 2939 296 2972 μου.
310 2936 340 2961 12.
372 2922 424 2960 ’Ἔπει

83 2978 174 3025 εὐξάμενος
185 2982 227 3029 θεῷ.
238 2978 293 3017 Rom.
306 2990 321 3017 1.
351 2980 423 3026 εὐχομαι

56 3050 64 3058 ·-
83 3032 141 3080 έτοιμά
155 3048 184 3079 μοι
198 3034 287 3082 εὑρεθῆναι.
303 3041 321 3081 5.
352 3035 424 3081 εὐχομαι

83 3086 109 3125 ἵνα
121 3088 144 3135 μὴ
157 3089 181 3126 είς
192 3087 282 3137 μαρτύριον
294 3089 334 3125 αὐτὸ
347 3086 423 3134 κτήσων-

796 233 822 278 61

483 360 519 383 ται..
526 341 600 382 Philad.
612 344 629 382 6.
651 343 671 391 ἣν
678 344 827 393 εὐχομαιτελείαν

483 413 511 447 μοι
520 398 592 446 δοθῆναι.
601 396 679 449 Smyrn.
692 410 721 437 11.
743 397 764 446 ἢν
772 400 822 447 εὐχο-

475 468 512 501 μαι
521 452 606 502 ἑδρᾶσθαι.
619 464 647 502 13.
675 452 771 504 Ἐρρῶσθαι
780 453 822 500 ὑμᾶς

486 510 599 556 ...εὔχομαι
610 506 674 558 Polyc.
686 509 703 547 8.
720 507 821 557 ,Ἐρρῶσθαι

482 563 524 611 ὑμᾶς
533 563 621 611 εὐχόμεθα.
633 561 691 601 Mart.
702 561 764 613 Polyc.
776 574 806 600 22.

456 617 507 665 Εὐχίη.
530 617 586 654 θυσίαι
598 618 725 666 ἐνδελεχισμοῦ,
739 616 819 665 ἢεύχῶν.

484 670 542 711 Olem.
556 670 566 709 Ι
579 684 612 719 41.
642 670 675 719 ὐλη
692 672 750 720 ἡτῶν
764 671 820 710 άσπα-

484 731 530 765 στῶν
544 727 570 764 καὶ
584 726 619 764 κατ’
635 726 691 775 εὐχίην.
707 725 782 778 Fragm.
795 725 819 766 iv.

483 781 564 830 νήφοντες
579 783 623 831 πρὸς
638 782 669 820 τὰς
684 783 740 831 εὐχάς.
757 780 818 832 Polye.

483 835 530 875 Phil.
541 843 558 885 7.
587 835 740 886 ε’πετύγχανεντῶν
749 835 783 874 κατ’
792 838 819 874 εὐ-

482 892 518 941 χήν.
530 890 586 930 ΜαΓύ.
595 891 639 944 Ign.
652 903 668 929 1.
692 892 728 940 μετ’
738 892 788 940 εὐχῆς
794 894 820 930 καί

482 946 600 996 παραινέσεως.
611 959 630 995 4.
658 949 686 998 Τῷ
695 947 714 985 δὲ
724 946 759 984 κατ’
770 947 820 995 εὐχὴν

481 1001 574 1046 ἀπέβαινεν.
593 1010 612 1051 5.
650 1003 772 1051 πληρώσαντας
790 1004 820 1051 τὴν

455 1086 457 1089 ,
482 1055 681 1108 εὐχήν.Μωκτ.ΡοΙγυ.
694 1066 723 1106 15.

455 1113 559 1161 Εὐχρηστος.
582 1113 604 1149 τὰ
613 1112 632 1150 δέ
641 1112 726 1161 ἐλάχιστα
736 1112 779 1160 μελη
789 1142 817 1151 ...

481 1167 561 1217 ἀναγκαία
567 1168 594 1204 καί
601 1170 693 1216 εὐχρηστα.
702 1166 777 1206 0181111
784 1175 817 1217 37.

454 1221 524 1260 Εὐωδία.
546 1222 616 1261 εὐωδίας
629 1220 713 1270 τοσαύτης
726 1222 817 1267 άντελαβά-

480 1276 527 1324 μεθα.
538 1275 594 1315 Mart.
606 1276 670 1327 Polye.
682 1285 713 1326 15.

454 1329 550 1380 Ἐφάπτειν.
570 1331 619 1379 μήπω
633 1333 664 1379 τῆς
677 1331 729 1371 ὐντως
741 1333 764 1370 είς
776 1337 816 1380 Χρι·
840 1331 841 1336 ’

481 1387 522 1424 ατδν
536 1386 601 1434 ἀγάπης
622 1387 739 1436 ἐφαψάμενος.
759 1386 816 1426 Μανύ.

479 1440 490 1478 Ι
517 1453 549 1479 .1.

452 1453 557 1544 Ἐφιίὐάναι
593 1496 730 1534 Ἐπισταθέντων
747 1497 766 1533 δέ
783 1500 818 1534 τῶν

479 1552 524 1600 παρὰ
537 1553 567 1588 τοῦ
579 1551 673 1596 βασιλέως.
688 1550 747 1590 Olem.
759 1550 770 1589 I
784 1563 814 1589 12.

479 1608 495 1643 οί
508 1606 538 1654 μὲν
552 1606 634 1655 ἐξαίφνης
647 1606 742 1644 ἐπιστάντα.
758 1605 815 1645 Mart.

479 1659 521 1712 Igu.
535 1668 554 1710 7.
581 1660 680 1708 ἐπέστησαν
697 1663 713 1699 οἶ
731 1663 817 1709 ζητοῦντες

479 1717 533 1753 αὐτόν.
544 1714 600 1754 Mam
612 1714 676 1766 Polyc.
688 1716 705 1754 6.

453 1770 536 1819 Ἐφόδιος.
560 1772 596 1810 τοῖς
605 1771 682 1820 ἐφοδίοις
690 1773 720 1808 τοῦ
732 1773 776 1808 θεοῦ
785 1771 816 1820 άρ-

479 1824 559 1873 καύμενοι,
570 1823 631 1865 Olem.
642 1824 654 1862 Ι
665 1837 681 1863 2.

449 1878 512 1928 Ἐχειν.
547 1880 602 1925 Δαβίδ
611 1880 677 1929 φθάνον
688 1881 744 1929 έσχεν.
757 1878 816 1919 Olem.

480 1933 528 1985 1¹4.
563 1939 594 1973 τοῦ
615 1937 671 1974 καλῶς
691 1937 764 1985 ἔχοντας.
786 1948 816 1984 14.

477 1986 557 2039 Ἐχουτες
573 1989 603 2028 οὐν
615 1993 676 2027 τοῦτον
689 1992 718 2028 τὸν
731 1991 817 2041 ὑπογραμ-

479 2047 515 2092 μάν,
527 2057 557 2094 33.
585 2048 643 2083 Ταῦτα
655 2045 685 2083 οὐν
693 2047 747 2084 πάντα
759 2046 778 2092 ἐξ
787 2047 816 2084 αὐ·
885 2093 887 2096 .

480 2104 510 2138 τοῦ
519 2101 590 2149 ἔχοντες.
602 2101 634 2150 38.
643 2137 645 2139 .
657 2100 727 2139 θάνατον
735 2101 755 2138 τὸ
763 2103 817 2150 πρόσ-

479 2170 527 2202 τιμον
536 2156 611 2204 ἔχουσιν.
622 2167 654 2203 41.
688 2156 733 2193 ἀλλὰ
742 2159 769 2193 καλ
777 2170 816 2204 καρ-

479 2212 512 2248 πύν
529 2211 598 2259 ἔχουσα.
615 2222 649 2259 43.
682 2211 748 2248 τελείαν
765 2211 817 2258 ἔσχον

479 2265 509 2313 τὴν
517 2265 602 2303 άνάλοσιν.
611 2277 642 2313 44.
671 2264 682 2313 η
690 2266 728 2314 οὐχί
738 2265 766 2302 ἕνα
775 2267 817 2302 θεὸν

479 2321 552 2369 ἕχομεν;
568 2320 600 2366 46.
629 2320 649 2355 ‘0
664 2320 708 2367 ἔχων
721 2320 787 2369 ἀγάπην
798 2321 816 2357 ἐν

479 2378 552 2424 Χριστῷ.
569 2385 600 2423 49.
631 2374 688 2423 ἀγάπη
705 2373 772 2423 σχίσμα
786 2376 816 2412 οὐκ

478 2430 519 2478 ἔχει.
529 2428 555 2467 ib.
584 2429 612 2466 διὰ
623 2429 654 2476 τὴν
662 2428 728 2477 ἀγάπην
736 2428 756 2476 ἣν
764 2429 816 2477 ἔσχεν

477 2485 519 2533 πρὸς
528 2483 574 2530 ἡμᾶς.
584 2482 611 2525 ib.
640 2484 711 2531 έχουσιν
720 2487 777 2532 χῶρον
787 2485 814 2521 εὐ-

478 2542 538 2583 σεβῶν.
551 2546 580 2585 50.
610 2538 814 2586 μηδεμίανέλπίδαέχον-

477 2608 506 2632 τας
516 2590 603 2641 σωτηρίας.
618 2591 642 2629 ΙΙ
659 2604 673 2629 1.
701 2596 734 2630 τῶν
747 2592 816 2630 δοκούν.

477 2663 510 2685 των
524 2649 569 2696 ἔχειν
585 2649 635 2685 θεάν.
650 2658 667 2684 2.
692 2648 733 2696 ’έργα
749 2648 816 2696 ’ἔχοντες

477 2702 522 2740 ὐσια.
533 2702 551 2739 6.
578 2701 611 2741 ἕως
623 2702 685 2750 ἔχομεν
698 2703 754 2751 καιρὸν
765 2718 816 2750 μετα-

477 2757 527 2796 νοίας.
538 2758 554 2795 8.
574 2756 605 2795 Ὧς
615 2757 678 2805 ἔχομεν
687 2758 743 2807 καιρὸν
751 2760 781 2794 τοῦ
790 2758 816 2796 ία-

478 2812 528 2860 θηναι.
536 2824 553 2861 9.
563 2810 622 2858 ἡλίκην
628 2812 664 2859 ἔχει
669 2811 772 2854 βάσανον...
780 2811 817 2851 οίαν

477 2867 543 2916 τρυφὴν
551 2867 591 2914 ἔχει,
605 2878 637 2904 10.
673 2866 736 2914 δισσὴν
747 2866 817 2914 ἕξουσιν

477 2921 507 2969 τὴν
516 2919 574 2971 κρίσιν.
586 2919 611 2959 ib.
637 2920 707 2970 θλίψεις
715 2923 772 2971 ἔσχεν.
785 2935 815 2963 11.

476 2977 505 3023 τὴν
513 2975 591 3023 άλίγθειαν
597 2976 628 3012 οὐκ
634 2975 684 3024 ἔχειν.
692 2974 769 3029 Fragm.
775 2977 815 3018 viii.

476 3031 543 3069 ὐκακίαν
552 3031 592 3079 ἔχει.
603 3029 629 3069 ib.
657 3032 742 3080 φρόνησιν
750 3034 815 3082 ἔχομεν.

477 3084 502 3123 ix.
530 3085 607 3133 τοιαύτην
614 3084 705 3134 συνήθειαν
711 3088 765 3137 ἔσχον
773 3091 816 3139 πρὸς
