2061 3403
383 801 413 863 S.
447 799 711 862 IGNATIUS.

264 994 276 1040 ὁ
292 993 343 1051 ἐμὸς
357 995 409 1061 ἔρως
424 995 567 1061 ἐσταύρωται.
591 995 636 1061 Ep.
653 993 685 1045 ad
700 994 769 1045 Rom.
785 995 829 1063 §p

272 1256 430 1311 'Hrunournus
440 1259 485 1302 nu.
496 1260 520 1302 cie
534 1259 587 1302 Viris
596 1259 721 1313 Iltziitribus,
731 1277 773 1316 cup.
786 1262 819 1304 16.

395 1335 450 1391 Opp.
462 1334 477 1376 ii
486 1350 507 1391 p.
519 1348 558 1390 141
570 1335 602 1378 ed.
611 1336 700 1379 Vallars.

196 1446 400 1532 IGNATIUSn
408 1473 578 1524 Antiochenae
590 1473 712 1525 Eoolesiae
724 1473 828 1524 tertiusb
840 1480 898 1541 post

195 1560 298 1609 Petrum
309 1558 459 1625 Apostolum
473 1545 617 1625 Episcopus,
629 1559 820 1625 persecutionem
835 1575 897 1608 oom-

194 1647 308 1695 movente
332 1643 443 1710 Trojano,
466 1643 596 1694 damnatus
619 1644 651 1694 ἃᾶ
673 1642 768 1702 bestias,
792 1644 897 1693 Romam

193 1729 293 1778 vinetus
312 1727 442 1778 mittituu0
477 1726 608 1793 Quumque
628 1727 746 1794 navigans
767 1727 897 1795 Smyrnam

193 1812 308 1870 venisset,
319 1809 364 1859 ubi
373 1810 532 1877 Polycarpus,
542 1810 642 1861 auditor
647 1811 665 1861 J
666 1810 785 1869 ohannis,d
796 1810 896 1878 Episco-

193 1914 242 1963 pus
260 1898 319 1954 erat,
337 1894 436 1961 scripsit
455 1912 530 1943 unam
548 1894 702 1961 Epistolurne
721 1895 752 1944 ad
768 1894 896 1961 Ephesios,

194 1980 299 2030 alteram
322 1979 355 2029 ἃᾶ
378 1978 557 2046 Magnesianos,
580 1980 678 2029 tertium
702 1979 733 2028 ἃᾶ
754 1978 895 2037 Tralienses,

194 2069 310 2132 quartam
329 2063 361 2113 ἃᾶ
381 2064 512 2122 Romanos,
532 2069 557 2113 et
577 2063 634 2113 inde
655 2063 781 2130 egrediens
799 2063 896 2131 scripsit

194 2149 226 2198 ἃᾶ
241 2146 442 2214 Philadelpheos,
455 2150 479 2196 et
495 2147 527 2197 ἃᾶ
543 2147 696 2214 Smyrnaeos,
708 2148 734 2197 et
750 2148 848 2215 proprie
864 2147 896 2197 ἃᾶ

193 2230 377 2299 Polycarpum
386 2230 556 2281 commendans
568 2232 607 2282 illi
616 2233 805 2286 Antiochensern
813 2236 896 2286 Euole-

193 2316 263 2374 siom,
276 2315 303 2364 in
318 2325 384 2381 quo&
396 2319 420 2364 et
437 2315 467 2364 de
481 2314 618 2382 Evangelio
633 2318 699 2385 quod
714 2337 794 2387 nuper
809 2338 824 2370 a
839 2318 895 2369 meh

191 2400 341 2451 translatum
356 2405 400 2459 est,
412 2418 486 2467 super
501 2418 628 2466 personam
641 2403 733 2473 Christi
747 2406 817 2472 ponit
828 2405 896 2455 testi-

191 2485 308 2543 monium,
317 2483 399 2534 dicens
406 2497 414 2534 ‘z
432 2484 487 2549 Epo
496 2501 553 2534 voro
563 2494 647 2552 etpost
655 2489 859 2539 reuerentioueru
868 2488 895 2537 iu

191 2587 267 2619 curuo
288 2587 345 2619 eum
364 2567 433 2628 vidui
453 2577 474 2618 ot
495 2568 568 2619 orento
589 2571 650 2637 quio
669 2572 706 2622 sit.
742 2573 775 2623 Et
795 2572 894 2640 quando

191 2654 260 2704 venit
278 2653 309 2703 ἃᾶ
327 2653 430 2703 Petrum
448 2656 473 2701 et
490 2652 522 2702 ad
539 2670 578 2703 eos
597 2656 640 2722 qui
657 2674 712 2706 oum
728 2658 801 2708 Petro
819 2661 894 2715 erant,

191 2738 256 2788 dixit
273 2738 323 2789 eis:
348 2738 420 2795 Eece,
434 2736 543 2804 proripere
562 2756 606 2797 rue,
625 2749 646 2789 ot
664 2740 749 2801 uidete,
766 2741 828 2808 puio
845 2759 894 2791 uon

190 2840 246 2872 suni
266 2822 429 2873 doemonium
447 2821 629 2887 incorporarer
663 2825 696 2875 Et
713 2826 797 2876 stertire
814 2826 894 2892 teripe-

189 2916 249 2957 ruut
262 2925 324 2967 euni,
338 2917 359 2957 et
371 2906 538 2957 crediderunt.
574 2907 685 2974 Dignum
696 2915 778 2960 autern
790 2910 894 2968 videtur,
