1958 3490
313 213 411 256 INDEX
426 212 610 255 amrIoNUM.
777 212 814 255 px,

119 331 180 386 1650,
191 328 286 380 londini,
297 328 309 369 8
320 328 371 370 min.
806 347 810 349 ¹
822 338 926 372 alenam.

203 397 336 440 numeneus
347 397 413 450 Rcvs,
422 395 511 453 Collegii
520 395 633 439 Etonensis
643 394 783 452 Praepositus‚
790 396 813 439 in

174 461 227 510 libro
237 466 338 524 inscripto
346 467 412 511 Mella
419 467 514 519 Patrum,
523 481 598 523 nempe
609 465 718 519 Omnium,
726 474 814 522 quorum

174 552 211 594 per
220 536 288 594 prima
297 536 403 580 nascentis
413 540 435 580 et
444 534 544 593 patientis
554 535 659 579 Ecclesiae
670 534 712 578 tria
726 536 813 588 saecrda,

174 623 240 664 usque
259 606 286 650 ad
302 607 378 651 Pacem
393 607 433 651 sub
453 605 593 649 Constantino
613 605 715 649 divinitus
735 604 813 666 datam,

174 676 252 734 scripta
260 676 390 733 prodierunt,
398 680 461 733 atque
471 674 539 719 adhuc
549 675 619 718 minus
629 674 703 718 dubiae
710 673 769 718 Fidei
779 691 812 718 su-

174 749 268 803 persunt,
278 745 395 790 versionem
411 745 526 789 Junianam
541 744 647 802 Epistolae
663 743 737 801 prioris
753 745 811 788 exhi-

173 815 228 869 buit,
242 831 277 873 pp.
291 830 367 870 1-11,
382 816 431 859 hinc
448 814 497 858 inde
516 829 554 871 pro
571 813 657 858 arbitrio
675 814 812 868 decurtatam,

173 884 224 928 locis
238 885 260 928 S.
272 885 402 941 Scriptorum
414 901 466 942 quae
479 884 558 941 profert
568 884 665 927 Clemens
674 887 759 927 tantum
769 900 812 927 non

173 954 269 998 omnibus
279 954 367 998 omissis.

118 1047 145 1088 16
145 1056 181 1103 54,
191 1047 330 1100 Hemoniae,
340 1061 361 1103 4.

202 1117 294 1160 (iurante
314 1117 391 1160 Joaon.
409 1118 443 1160 Jo.
462 1117 558 1159 Manano
578 1132 649 1160 recusa
668 1119 701 1160 est
721 1116 812 1160 Juniana

173 1186 244 1240 editio,
254 1186 295 1230 nisi
305 1187 361 1243 quod
373 1188 458 1231 lacunae
472 1202 515 1230 non
528 1187 593 1230 minio
607 1187 669 1230 rubro
679 1186 715 1230 sed
725 1187 810 1231 minori·

173 1256 212 1299 bus
222 1256 289 1299 literis
298 1259 427 1300 notarentur.
455 1276 457 1281 ¹

201 1325 313 1369 Praemisit
329 1326 430 1369 nonnulla
449 1325 525 1383 quibus
542 1327 646 1382 γνησιότης
661 1325 810 1382 Epistolarum,

172 1395 282 1452 praecipue
301 1399 374 1439 contra
390 1395 498 1448 Vodtium,
516 1395 641 1453 Theologr'ae
657 1395 680 1438 in
697 1395 811 1439 Academia

173 1464 314 1521 Ultrajectina
331 1464 476 1517 Professorem,
494 1462 615 1508 adstruitur.
645 1463 779 1508 Testimoniis
798 1481 811 1508 a

172 1533 237 1577 Juuio
254 1532 340 1591 prolatis
359 1534 460 1578 accedunt
478 1533 554 1588 Grotii,
572 1535 598 1578 G.
614 1534 635 1577 J.
646 1534 724 1587 Vossii,
744 1535 809 1578 Blou-

172 1602 228 1656 delli,
241 1606 263 1646 et
275 1602 385 1660 Conrirrgii
399 1603 425 1647 de
439 1603 472 1646 his
485 1603 599 1646 Clementis
610 1603 711 1660 Epistolis
722 1604 808 1660 judicia.

172 1672 228 1716 Loco
244 1673 391 1728 Hapopapdrov
409 1672 475 1726 Junii,
492 1671 571 1729 pagina
587 1672 672 1729 integra
687 1672 760 1716 erratis
777 1689 808 1716 re-

171 1742 225 1785 ferta
234 1740 261 1785 ad
271 1741 348 1785 calcem
357 1742 470 1786 voluminis
481 1741 614 1797 conspicitur.

116 1839 178 1898 1669,
191 1839 326 1893 0666616616.
337 1842 362 1883 Α.
373 1845 394 1891 ct
402 1841 427 1883 L.
435 1840 539 1898 lichfield.

198 1909 313 1952 dorsennus
328 1909 391 1962 Fran,
403 1909 469 1952 Aedis
484 1907 564 1952 Christi
578 1909 682 1962 Decanus,
694 1908 810 1966 Episcopus

170 1978 302 2031 Oxoniensis,
317 1984 381 2023 “non
396 1979 475 2023 librum
490 1977 541 2021 adeo
557 1994 620 2035 quam
636 1981 728 2022 strenam
743 1979 808 2022 medi-

170 2054 185 2074 “
194 2049 274 2101 tatus,’'
290 2048 403 2092 editionem
418 2048 485 2101 Junii,
499 2048 568 2104 quoad
580 2048 698 2105 Epistolam
711 2048 808 2105 priorem,

130 2159 132 2161 .
170 2117 238 2162 denuo
248 2118 419 2176 repraesentavit.

198 2188 323 2231 Versionem
337 2188 387 2231 hinc
401 2188 450 2231 iude
465 2188 561 2242 correxit,
571 2191 667 2232 veterum
681 2188 809 2243 testimonia,

169 2261 191 2301 et
206 2261 267 2301 notas
282 2257 356 2301 breves
372 2258 466 2315 subjecit.
498 2257 557 2301 Quae
572 2257 595 2300 in
610 2258 662 2301 eod.
677 2257 738 2301 Alex.
755 2259 808 2302 desi-

170 2328 241 2371 derata
260 2327 283 2369 in
303 2327 363 2370 Junii
383 2327 475 2370 editione
494 2326 560 2371 minio
580 2327 680 2370 distincta
699 2332 766 2382 erant,
785 2329 808 2371 in

168 2413 233 2440 unam
252 2397 352 2440 tabellam
372 2397 415 2441 sive
435 2397 540 2455 syllabam
556 2397 584 2440 ad
600 2397 678 2441 calcem
695 2397 807 2441 voluminis

114 2515 115 2519 Ἰ
168 2467 281 2524 congessit.

113 2559 179 2615 1677,
192 2559 285 2612 neoniae,
298 2572 331 2605 ra.
343 2560 453 2603 anniano
463 2559 602 2602 Sbeldcninac.

197 2629 225 2672 In
239 2629 278 2672 hac
292 2628 383 2673 editione
398 2629 495 2682 secunda,
510 2644 562 2686 quae
579 2629 643 2686 priori
657 2629 767 2685 praenitet,
782 2645 807 2672 ea

167 2714 220 2757 quae
234 2698 312 2741 Junius
327 2699 392 2742 minio
407 2698 533 2742 distinxerat
544 2698 649 2742 uncinulis
662 2697 805 2742 includuntur.

166 2768 267 2825 Cupitum
282 2767 440 2812 distinctionem
453 2768 606 2811 Cotelerianam
619 2766 716 2810 adhibuit
728 2767 805 2822 Fellus,

166 2838 319 2881 Praefationem
329 2837 448 2895 castigavit,
456 2837 574 2895 Epistolam
583 2836 725 2894 posteriorem,
735 2840 757 2879 et
768 2838 805 2880 Iu-

166 2907 234 2952 dicem
249 2908 341 2952 locorum
356 2908 394 2952 SS.
414 2909 466 2965 'quae
487 2924 500 2951 a
518 2907 626 2951 Clemente
641 2907 754 2950 laudantur·
769 2909 805 2952 ad·

166 2977 226 3020 didit.

138 3061 183 3091 vor..
195 3061 211 3090 1.
599 3048 607 3090 i
