1975 3455
293 243 335 288 An
349 242 539 295 CORINTHIOS,
553 242 589 285 lvi.
740 232 783 285 ⁶203

91 365 247 416 circumsessa
264 366 334 418 esset,
352 358 451 426 rogavit
469 357 574 408 seniores
593 362 623 407 ut
639 357 686 407 sibi
701 356 785 407 liceret

91 444 119 494 in
136 439 325 506 alienigenam
340 442 421 488 castra
435 436 517 497 exire;
535 440 561 486 et
572 434 677 502 periculo
689 452 714 485 se
725 434 784 502 obji-

91 520 163 578 ciens,
180 522 280 585 propter
297 526 404 565 amorem
423 514 518 582 patriae
536 512 667 581 populique
687 512 784 573 obsessi,

91 614 188 665 egressa
205 600 257 655 est;
276 599 301 644 et
312 592 416 644 tradidit
427 593 505 643 Deus¹
514 592 676 661 Olophernem
691 593 718 642 in
734 610 783 642 ma-

90 693 138 726 nus
148 672 262 724 mulieris.
297 672 354 722 Non
366 671 456 722 minori
470 671 579 739 perfecta
590 672 617 721 in
627 671 675 722 fide
687 671 783 731 Esther,
792 681 842 735 Aah·
853 683 881 723 vn,

89 759 120 805 ut
134 751 262 803 duodecim
279 751 356 802 tribus
373 750 451 801 Israel
468 750 499 801 ab
515 750 619 801 instanti
635 750 709 800 exitio
725 737 827 800 libe—m

89 837 162 891 rarat,
182 829 288 898 periculo
308 831 413 898 seipsam
431 829 533 897 objecit:
552 848 596 897 per
608 829 702 898 jejunia
718 829 783 879 enim
791 846 809 880 iv
818 854 848 894 15.

90 915 116 961 et
126 908 326 969 humiliationem,
337 908 480 976 suppliciter
491 909 570 959 oravit
581 926 662 958 rerum
675 908 783 958 omnium

89 989 251 1056 inspectorem
273 987 414 1047 Dominum,
437 986 588 1037 saeculorum
615 988 696 1037 Deum
704 1007 711 1048 3
740 987 783 1054 qui

90 1066 170 1118 animi
177 1067 230 1134 ejus
240 1066 404 1116 humilitatem
416 1084 523 1126 cernens,
534 1066 652 1134 populum
663 1066 782 1125 liberavit,

89 1145 159 1213 cnjus
170 1145 250 1212 gratia
260 1144 394 1212 periculum
406 1144 520 1195 subierat.

122 1223 190 1274 LVI.
208 1224 311 1275 Oremus
327 1223 405 1291 igitur
419 1229 445 1273 et
460 1241 505 1274 nos
520 1241 564 1290 pro
581 1224 616 1273 eis
631 1223 674 1290 qui
688 1224 714 1273 in
727 1242 783 1292 pec·

89 1308 173 1353 catum
189 1301 286 1370 aliquod
302 1302 364 1369 lapsi
380 1307 447 1361 srmt,
464 1307 494 1352 ut
513 1302 646 1352 moderatio
661 1308 687 1352 et
703 1302 782 1352 humi-

88 1380 146 1432 litas
166 1381 201 1432 eis
220 1380 369 1440 concedatur,
388 1386 486 1431 utnon
508 1380 577 1432 nobis
599 1380 641 1431 sed
658 1380 781 1431 voluntati

118 1544 147 1571 10.
168 1530 292 1587 παντεπόπτην]
319 1532 350 1573 lta
376 1546 421 1573 cum
448 1532 678 1581 RuchatusdaOreateau
686 1533 781 1572 autumnat

89 1586 182 1627 Wottonc
197 1587 269 1627 Russel.
287 1586 334 1627 Gall.
350 1587 421 1628 Schoe·
448 1588 476 1627 du
485 1588 563 1627 Munda.
578 1587 729 1637 Hornemannus‚
741 1588 779 1626 Da-

88 1641 420 1694 nem.Hefcl.Reithmayr.etDres-
447 1656 483 1682 αααα
498 1649 600 1682 cateruam.
623 1641 722 1682 Versiones
737 1655 778 1682 oae-

88 1696 151 1736 solius.
165 1695 231 1749 Atque
240 1696 267 1736 ita
274 1696 339 1737 codex
345 1697 420 1747 Msaus,
447 1701 500 1737 terae
513 1697 593 1737 Latinae
606 1696 686 1736 lunium
699 1710 779 1749 sequun-

88 1751 109 1790 in
118 1765 156 1804 quo
164 1756 229 1792 tamen
238 1752 306 1791 lunius
318 1756 337 1792 et
346 1752 420 1792 Millius
447 1756 486 1801 tur,
495 1753 613 1792 sacculorum
621 1752 689 1791 nawa.

87 1805 125 1845 sibi
142 1806 179 1846 visi
197 1810 242 1847 sunt
258 1807 321 1860 legere
335 1814 420 1846 ΠΑΝΤΕ-
477 1820 507 1847 12.
521 1807 613 1858 ἐρρύσατο]
630 1805 696 1846 (lodex
711 1806 780 1847 nisius

87 1867 191 1911 ΠΟΗΤΗΝ,
201 1875 249 1914 quos
257 1861 316 1902 secuti
323 1862 371 1909 Edd.
378 1875 420 1902 cae·
447 1869 551 1900 ΕΡΥΣΑΤΟ.
578 1861 628 1901 Vide
636 1875 654 1913 p.
666 1874 690 1911 32
705 1861 717 1901 l.
728 1863 746 1901 8.

87 1915 125 1955 teri
134 1916 225 1957 exhibent
233 1917 357 1966 παναοαοιητήν.
379 1917 419 1956 Vo-
473 1917 499 1956 ib.
514 1918 538 1955 Aa
551 1914 609 1970 χάριν]
632 1916 693 1969 Cujus
708 1917 778 1968 ytalia,

87 1983 129 2010 cem
138 1974 261 2020 παναεπόπτην,
267 1971 322 2024 hujus
331 1971 367 2012 loci
376 1985 419 2011 sen·
447 1984 480 2011 sen
489 1971 594 2011 secundum
602 1971 678 2011 literam
687 1970 779 2011 Graecam

87 2025 160 2066 tentiae
175 2026 236 2066 multo
250 2026 420 2079 aptiorem,'habes
447 2039 531 2077 quoram
545 2027 625 2077 pratia·
638 2026 666 2066 ita
678 2031 743 2066 tamen
756 2032 779 2066 ut

87 2079 120 2119 inf.
141 2080 151 2131 ξ
168 2083 199 2130 58,
219 2084 239 2121 et
256 2081 306 2133 apud
324 2082 345 2121 B.
361 2081 418 2133 Poly·
431 2081 433 2086 '
445 2081 494 2122 illud
508 2095 591 2133 quornm
604 2081 676 2133 pariter
687 2082 779 2121 referatur

87 2136 166 2188 carpum
181 2136 202 2176 in
216 2136 277 2188 Epist.
296 2137 321 2175 ad
334 2136 416 2189 Philipp.
445 2136 470 2176 ad
479 2137 577 2189 populum,
585 2137 636 2188 quod
644 2149 778 2189 nomenquum

87 2190 142 2240 §pa¹
157 2190 231 2231 Eadem
246 2191 276 2231 usi
291 2195 336 2231 sunt
351 2191 416 2244 syrin
445 2191 567 2232 collectivum
587 2192 617 2241 sit,
636 2191 684 2231 hanc
706 2191 779 2243 potitur

86 2244 229 2286 Alex.inEsai.
237 2246 262 2292 lv,
272 2246 417 2299 Opp.iip.767
446 2246 612 2286 constructionem.
636 2246 733 2296 Quocirca,
743 2246 778 2285 mi-

86 2299 115 2339 ed.
127 2301 206 2341 Aubert.
224 2300 295 2340 *Ευεστι
302 2304 324 2340 τὰ
331 2306 419 2351 πανταχοῦ
445 2314 482 2341 nus
495 2301 557 2354 placet
569 2301 600 2341 hic
609 2301 670 2341 versio
683 2301 777 2350 Ootelerii,

85 2355 168 2394 δύνασθαι
183 2357 255 2406 καθαρᾷν
268 2361 293 2409 τῷ
309 2356 418 2404 uomendum
443 2363 522 2409 propter
534 2355 620 2408 periculo
630 2369 678 2407 quaa
688 2356 723 2395 illo
735 2356 777 2395 acli-

85 2414 162 2462 Χριστῷ.
177 2414 196 2451 et
206 2410 264 2451 olem.
272 2410 326 2451 Alex.
335 2411 417 2463 Paedag.
445 2417 493 2451 arat.
508 2410 655 2451 OOUSTANT.

85 2463 107 2503 lii
117 2466 135 2514 8,
150 2478 168 2517 p.
180 2468 219 2505 280
233 2466 261 2506 ed.
272 2466 342 2506 Potior.
361 2467 418 2506 Ἐπεῖ-
475 2475 504 2516 15.
514 2463 643 2519 παραπτώματι]
652 2465 726 2515 lunius,
733 2464 775 2504 Fel-

85 2520 115 2557 δαν
127 2521 187 2560 αὐτοὺς
202 2524 212 2558 ὁ
227 2523 342 2569 remanducat
357 2524 417 2572 Λόγος,
445 2520 481 2570 lus,
497 2525 516 2561 et
531 2519 647 2560 Colomcsius
662 2522 775 2570 utplurimum

85 2573 105 2612 ta
120 2577 150 2613 οὐκ
166 2576 205 2614 ἔστι
220 2577 278 2614 λαθεῖν
290 2577 350 2614 ἀνόσια
365 2578 418 2627 δρῶν·
445 2575 547 2628 legendum
569 2587 609 2614 esse
628 2578 716 2613 censent:
739 2587 775 2626 ego
818 2574 820 2579 ’

84 2645 119 2668 τας.
347 2639 348 2642 ’
446 2629 498 2686 [oum
508 2626 610 2683 Ootelerio]
620 2642 631 2667 a
640 2629 677 2667 fide
686 2628 726 2668 MS.
736 2642 775 2668 uon

113 2696 143 2723 11.
163 2683 350 2739 ostracoderma]
375 2685 417 2725 Has
444 2685 526 2725 discedo.
559 2683 634 2723 Alludit
651 2684 775 2735 proculdubio

83 2750 140 2779 voces
148 2740 201 2780 varie
209 2743 285 2780 tentant
293 2740 416 2792 interpretes.
445 2740 465 2781 S.
479 2740 536 2779 Pater
549 2739 574 2777 ad
587 2738 634 2777 illud
648 2738 669 2777 B.
681 2737 774 2789 Apostoli,

84 2792 135 2832 (lull,
146 2793 226 2834 Bumon.
236 2795 300 2844 vertit,
310 2796 339 2835 tlte
346 2794 422 2847 61¹0(qu
443 2795 531 2844 Ἀδελφοί,
547 2795 576 2831 ἐὰν
593 2795 620 2831 καὶ
637 2795 728 2843 προληφθῇ
746 2795 774 2832 ὅν-

83 2847 232 2899 allaqesqstlte
240 2850 304 2890 world.
331 2851 415 2900 Wakius,
444 2850 773 2901 θρωαοςἕντινιπαραπτώματι,κ.τ.λ.

84 2901 114 2940 ilia
132 2901 175 2942 dod
191 2903 216 2954 cf
229 2905 300 2955 spirita
336 2905 416 2946 Ohcval-
444 2902 542 2944 Galvir.
570 2901 629 2941 Aliud
640 2915 684 2941 sane
696 2901 732 2942 hoc
744 2908 774 2943 eat

71 2955 155 3005 lienus,
167 2956 197 2996 tle
211 2959 254 2998 (loo
266 2960 291 3010 os
298 2960 326 3000 lla
339 2961 413 3000 worlala.
442 2962 581 3011 argumentum,
597 2957 716 2997 retinendam
733 2972 774 2998 esse

84 3010 198 3064 Hemogius,
207 3013 244 3052 clau
250 3013 293 3055 coa
301 3015 335 3055 olea·
342 3015 413 3056 Zattara.
442 3027 509 3055 vocem
517 3015 642 3064 παραπτώματι.
658 3013 738 3053 WOTT.

484 3076 545 3123 uda
