1958 3490
298 235 338 278 AD
352 233 542 286 CORINTHIOS,
557 249 591 276 xx.
773 234 802 280 89

72 346 73 350 ’
103 351 163 422 gula
190 350 237 401 sibi
266 350 437 417 circumposita
466 367 515 399 non
543 347 731 415 transgreditur,
758 337 915 412 sedanam...

103 435 179 500 prout
198 430 233 480 cis
251 429 386 497 praecepit,
403 429 440 478 ita
459 428 524 478 facit.
559 426 632 477 Dixit
651 427 723 485 enim,
742 405 917 488 Haolssltffffl¹¹

103 527 180 576 usqua
195 507 283 568 uenies,
295 516 317 558 at
334 508 362 558 iu
377 515 399 557 te
416 505 471 573 ipso
488 514 643 556 conterentur
652 505 747 571 fluctus
759 504 802 555 tui.
814 493 849 526 Μ’
858 503 869 526 v
878 501 903 525 ²²·

105 593 217 652 Oceanus
243 589 382 640 hominibus
403 587 598 656 impermeabilis,
622 593 648 638 et
670 587 713 655 qui
735 593 804 637 trans

107 772 137 808 21,
148 761 181 797 Καὶ
193 762 243 797 ποῖον
250 759 311 809 γένοιτ’
320 759 341 796 ἂν
349 761 379 797 τοῦ
388 759 442 798 πάντα
469 759 474 778 ⁴
483 770 522 802 nita
533 755 698 796 intransmeabilis
710 761 736 795 est
744 755 804 795 immi

105 810 213 864 inculpamur
222 813 282 853 ituros
291 812 337 864 ὕδωρ
348 814 393 851 ἄλλο
402 814 442 851 καθ·
469 812 546 861 ‘aihum
562 818 579 851 ct
594 811 615 850 bi
630 810 702 850 muudi
716 811 751 862 qai
760 816 805 862 post

105 872 166 920 ἀρσιον
172 882 178 918 3
192 873 228 908 πῶς
241 868 283 906 aaa
297 870 351 908 πολὺς
362 870 389 907 καὶ
401 869 442 907 ‹irri-
469 867 549 919 ‘ipram
562 872 622 914 adulf
637 865 670 917 qui
685 871 729 918 post
741 865 805 918 ipsum

104 940 166 976 pairac
184 924 277 976 daiphron
296 925 367 963 ὠκεανὸς
382 925 441 972 ἐπιχυ-
470 924 529 962 ‘sunt
538 921 619 961 mundos
632 920 732 973 pluraliter
742 920 804 960 nomi-

106 980 146 1023 Ocir,
158 979 189 1027 τὴν
200 979 261 1029 πικρὰν
271 977 332 1026 ταύτην
345 977 442 1027 ἄποσμήξαι

106 1032 441 1082 ddhaooav51demconfertPlinium,

107 1087 159 1128 Hist.
175 1087 222 1127 Nat.
236 1087 251 1127 ii
265 1088 303 1138 67:
323 1087 368 1128 ‘Sic
381 1087 443 1127 maria

107 1142 235 1182 ‘circumfusa
256 1142 341 1194 undique
363 1142 442 1183 dividuo

107 1197 185 1250 ‘gleba
198 1202 274 1249 partem
289 1197 340 1238 orbis
354 1198 442 1238 auienmt

107 1255 113 1275 ‘
122 1252 177 1292 nobis
184 1265 190 1301 3
205 1266 240 1292 nec
249 1252 294 1292 inde
302 1252 345 1303 huc,
354 1265 389 1293 nec
398 1252 442 1292 hinc

107 1310 113 1330 ‘
121 1307 155 1347 ulo
163 1307 229 1360 pervio
238 1307 312 1347 tractu'

134 1362 159 1402 ib.
170 1365 187 1400 cl
194 1364 230 1411 μετ’
240 1364 291 1401 αὐτὸν
298 1363 367 1413 κόσμοι]
380 1361 442 1413 ‘Quid

108 1420 223 1470 ‘possumus
240 1417 264 1456 de
282 1416 312 1456 his
329 1431 378 1470 quae
391 1418 442 1457 ultra

108 1475 167 1511 ‘eum
189 1469 303 1526 (Oceanum)
321 1475 366 1512 sunt
384 1486 442 1512 enun-

108 1526 171 1566 ‘tiare
185 1527 248 1579 qualia
256 1526 295 1567 sint
302 1526 317 1565 l'
327 1527 390 1579 inquit
402 1527 442 1566 Ire-

107 1595 166 1621 naeus
179 1579 229 1636 [adv.
239 1581 297 1622 Haer.
308 1580 322 1620 ii
331 1591 363 1633 47,
373 1595 391 1634 p.
404 1591 442 1632 174

107 1636 137 1676 ed.
149 1636 216 1687 [trah]
227 1637 290 1676 locum
303 1635 358 1686 huno,
368 1641 390 1677 ut
402 1637 443 1689 opi-

108 1691 272 1743 nor,⁴rcspiciens.
287 1691 360 1730 MILL.
391 1691 443 1732 Cita-

107 1750 141 1786 tur
149 1746 181 1785 hic
191 1746 243 1785 locus
256 1746 280 1786 ab
290 1746 409 1798 Hieronymo
422 1746 443 1785 in

109 1800 158 1852 nph.
177 1800 192 1840 ii
208 1814 225 1850 2,
249 1802 304 1851 [tom.
320 1801 347 1840 vii
367 1815 385 1853 p.
404 1810 441 1852 571

108 1855 137 1895 ed.
148 1854 237 1910 Vallars.]
253 1856 291 1908 qui,
304 1856 377 1908 opinor,
391 1861 444 1896 tran-

108 1910 175 1950 scribit
183 1910 271 1962 Origeuis
280 1910 443 1960 Commentarios5

109 1978 183 2004 necnon
201 1965 225 2004 ab
244 1965 286 2017 ipso
305 1965 388 2018 Origene
406 1969 445 2017 περὶ

109 2021 181 2070 Ἀρχῶν,
195 2019 246 2070 113,
264 2018 291 2074 [6,
306 2025 352 2060 tom.
365 2033 374 2059 1
389 2035 407 2073 p.
419 2023 444 2060 82

109 2075 138 2114 ed.
150 2072 205 2128 Bon]
222 2088 260 2127 quo
269 2075 306 2115 loci
317 2079 405 2116 nostrum
414 2090 446 2115 ex-

110 2142 183 2182 ponens
197 2129 230 2179 uit,
240 2129 341 2171 ‘Meminit
350 2144 395 2171 sane
404 2131 446 2171 Ole-

111 2188 179 2224 ‘mens
191 2184 329 2237 Apostolorum
342 2186 445 2238 discipulus

110 2239 184 2279 ‘etiam
199 2253 266 2279 eorum
284 2254 332 2293 quos
348 2243 446 2291 ἀντὶχθονας

111 2298 117 2316 ‘
126 2294 194 2334 Graeci
201 2295 330 2346 nominarunt,
336 2301 393 2348 atque
400 2296 446 2336 alias

111 2352 190 2401 ‘partes
208 2349 259 2390 orbis
277 2356 339 2391 terrae
357 2351 382 2390 ad
400 2364 446 2404 quas

111 2407 188 2457 ‘neque
210 2409 320 2446 nostrorum
347 2406 447 2459 quisquam

470 980 475 999 ‘
484 990 537 1026 nans,
547 989 595 1029 quos
604 981 624 1016 et
634 976 700 1015 eadem
707 976 745 1015 Dei
754 988 805 1015 sum-

470 1032 511 1071 ‘mi
528 1031 650 1084 providentia
673 1030 704 1083 agi
726 1030 805 1083 regique

470 1090 475 1109 ‘
484 1087 584 1140 significet,
590 1086 663 1126 semina
669 1085 763 1138 quaedam
771 1099 805 1125 no-

470 1143 513 1182 ‘biu
535 1141 646 1195 hujusmodi
667 1140 806 1194 intelligentiae

469 1201 474 1220 ‘
482 1198 560 1237 videtur
566 1209 672 1249 aspergere,
679 1209 717 1249 quo
726 1199 806 1249 putetur

470 1252 546 1292 ‘omnis
557 1251 635 1305 quidem
646 1252 761 1292 universitas
774 1264 805 1291 eo-

469 1309 527 1347 ‘rum
545 1321 594 1360 quae
612 1311 657 1346 aunt
679 1311 737 1359 atque
760 1306 805 1346 sub-

469 1363 558 1411 ‘sistunt
576 1361 688 1402 coelestium
706 1366 725 1401 et
739 1374 805 1413 super-

469 1417 599 1466 ‘coelestinm
612 1422 733 1457 terrenorum
746 1416 804 1456 infer-

469 1475 595 1524 ‘norumqna
609 1485 658 1511 unus
675 1476 695 1512 et
710 1472 805 1523 perfectus

469 1527 566 1566 ‘mundus
581 1526 695 1579 generaliter
708 1526 760 1574 dici;
774 1526 804 1565 in·

470 1586 475 1605 ‘
484 1586 515 1622 tra
524 1596 581 1634 quem
589 1582 620 1621 rel
629 1596 641 1621 a
650 1595 688 1634 quo
701 1581 771 1621 caeteri
781 1580 805 1635 (si

470 1637 517 1689 ‘qui
535 1636 563 1675 illi
586 1636 639 1690 sunt)
658 1636 739 1688 putandi
760 1640 806 1676 sunt

470 1694 475 1713 ⁴
485 1690 584 1741 contineri,
593 1692 632 1731 lto?
659 1691 735 1730 Primae
745 1691 806 1743 expli·

470 1746 541 1786 cationi
549 1747 601 1787 favet
610 1745 689 1796 Plinius,
699 1746 750 1786 Hist.
759 1746 805 1786 Nat.

470 1801 490 1841 vi
509 1814 541 1846 22,
566 1801 703 1853 ‘Taprobanen
725 1801 808 1841 alterum

472 1857 553 1896 ‘orbem
565 1860 661 1896 terrarum
673 1869 719 1904 esse,
729 1856 762 1895 diu
775 1870 808 1896 ex·

472 1911 593 1951 ‘istimatum
607 1916 642 1961 est,
654 1909 808 1951 Antichthonum

472 1969 477 1989 ‘
487 1966 627 2019 appeliatione'
641 1966 667 2005 Et
676 1970 748 2018 postea,
758 1967 808 2007 ‘sed

473 2024 478 2043 ‘
487 2035 511 2062 ne
517 2021 628 2074 Taprobane
634 2021 717 2073 quidem,
721 2022 808 2074 quamvis

473 2081 543 2117 ‘extra
556 2077 622 2116 orbem
635 2077 725 2129 relegata,
738 2077 809 2117 nostris

474 2131 541 2172 ‘vitiis
550 2132 613 2171 caret!
634 2132 686 2171 Mela
694 2130 702 2169 i
712 2144 729 2181 9,
740 2132 809 2182 ‘Quod

473 2187 504 2226 ‘si
512 2190 542 2226 est
551 2187 599 2227 alter
612 2186 669 2236 orbis,
679 2191 762 2238 suntque
775 2201 809 2239 op-

474 2241 547 2294 ‘positi
565 2242 620 2282 nobis
640 2256 652 2281 a
669 2241 751 2281 Meridie
769 2241 809 2281 An-

474 2296 608 2336 ‘tiohthones'
621 2297 643 2336 iii
653 2305 670 2347 7,
684 2296 809 2348 ‘Taprobane

474 2354 523 2392 ‘aut
533 2351 611 2404 grandis
624 2352 728 2391 admodum
741 2352 809 2402 insula,

475 2406 522 2447 ‘aut
535 2407 598 2459 prima
609 2420 653 2459 pars
666 2405 717 2446 orbis
731 2407 809 2446 alterins

111 2462 117 2481 ‘
126 2461 215 2500 accedere
223 2464 294 2513 potest,
302 2475 364 2514 neque
377 2461 447 2501 exiliis
474 2464 480 2483 ‘
489 2462 602 2514 Hipparcho
617 2460 699 2501 dicitnr!
734 2462 810 2501 Omitto

111 2515 447 2568 ‘quiibisuntqnisquamtransire
474 2517 560 2555 omnium
584 2529 671 2556 sermone
695 2516 809 2556 celebratam

112 2570 152 2609 ‘ad
160 2584 209 2620 nos,
223 2584 271 2624 quos
280 2576 300 2612 et
305 2572 357 2624 ipsos
366 2571 447 2610 mundos
474 2571 581 2623 Epistolam
595 2571 696 2610 Zachariae
709 2570 771 2623 Papae
785 2572 810 2610 ad

113 2626 236 2677 ‘appellavit
247 2639 306 2677 quum
317 2627 350 2676 ait,
362 2626 448 2666 Oceanus
475 2625 810 2678 BonifatiumArchiepiscopum,qua

111 2682 117 2701 ‘
126 2680 291 2721 iutrosoenieohilio
299 2688 325 2721 ert
333 2681 447 2730 boniiiiibus,
474 2680 578 2733 Virgilium
586 2682 719 2732 presbyterum
725 2681 809 2731 damnat,

113 2737 145 2774 ‘et
161 2736 183 2775 hi
201 2737 236 2788 qai
250 2743 307 2778 ironia
322 2738 388 2789 iprum
403 2742 448 2776 suut
476 2734 507 2790 [A.
518 2735 541 2774 D.
553 2733 601 2788 748]
618 2736 669 2787 quod
682 2736 741 2775 alium
755 2749 811 2775 mun·

112 2791 203 2841 ‘menidi
214 2792 249 2843 qui
261 2791 292 2832 liic
305 2792 375 2832 eisdem
388 2791 447 2831 clemi-
474 2791 521 2829 dnm
529 2790 613 2841 aliosque
619 2790 706 2831 homines
715 2791 750 2830 snb
758 2795 811 2831 terre

113 2846 204 2885 ‘nataris
227 2848 265 2887 Dei
291 2847 448 2899 dispositionibus
474 2859 514 2885 esse
523 2844 631 2885 affirmaret.
646 2845 757 2895 Quinetiam
766 2860 810 2898 par-

113 2901 273 2951 ‘pataracina’
300 2902 382 2942 Etinira
389 2916 395 2951 3
407 2902 449 2940 ‘Ex
474 2905 503 2940 tes
516 2900 584 2939 mundi
599 2900 713 2952 incognitae,
727 2901 812 2952 dissitae,

113 2954 158 2994 ‘his
166 2959 232 2997 tamen
241 2971 289 3011 quae
301 2957 389 2997 Olemens
397 2956 449 2997 visus
475 2960 494 2995 et
510 2955 561 2994 ultra
577 2954 675 2995 Oceanum
691 2956 765 3009 positae
782 2971 812 2997 so-

114 3012 119 3032 ‘
128 3014 158 3050 est
166 3010 250 3053 indicare
259 3026 320 3066 quum
329 3012 382 3062 dicit,
393 3013 448 3053 Ocea·
475 3011 515 3050 lent
524 3010 579 3050 orbes
588 3010 685 3063 appellari.
701 3011 733 3052 Sic
741 3012 813 3053 Seneca

141 3088 189 3118 VOL.
198 3089 213 3119 Ι.
510 3089 525 3118 N
