2061 3403
192 159 252 203 lxxiv
418 161 516 205 INDEX
536 162 721 206 EDITIONUM.

81 276 163 320 Ignarus.
195 278 257 333 1647,
267 277 362 331 arriana,
372 292 393 333 4.

289 338 402 400 1111111111,
413 348 436 391 in
446 349 569 406 Appendioe
582 349 702 407 Ignatiana,
712 351 796 391 textum
806 348 891 392 Vossia-

249 433 301 460 num
315 417 457 461 reoudendum
472 418 561 473 curavit,
576 435 624 462 oum
641 417 813 475 interpretatione
829 433 891 471 nova,

247 491 359 544 postquam
382 487 488 544 Epistolas
511 489 648 545 interpolatas
669 488 747 530 Graeoe
771 490 793 530 et
815 487 892 531 Latine

169 607 170 611 Ἰ
248 561 310 600 antea
323 557 450 614 evulgasset,
461 574 511 601 oum
521 559 608 603 eruditis
619 557 783 615 Prolegomenis,
793 558 889 602 111111011-

247 626 348 679 tionibus,
358 631 380 670 et
390 627 527 672 sineeriorum
536 629 603 672 veteri
610 628 709 685 versione.
721 627 790 671 Oxou.
799 628 861 683 1644,
867 640 889 683 4.

192 704 253 758 1650,
264 702 359 746 Lorrcla'ai.
379 702 510 769 (vidsupra,
520 721 541 761 p.
549 704 600 762 lxv.)

276 772 378 825 Rousrus,
388 773 443 830 Epp.
458 773 485 816 ad
498 773 554 830 Eph.
568 773 643 830 Magn.
658 772 720 816 Trall.
732 772 794 815 Rom.
805 770 887 815 Philad.

246 844 267 884 et
286 841 370 897 Smyrn.
387 845 480 885 curtatas
499 845 520 885 et
536 845 644 886 truncatas
663 841 739 885 Latine
758 840 830 884 edidit.
851 857 887 897 pp.
942 840 945 843 ’
987 835 989 840 ’

247 923 338 967 13-21,

189 992 251 1047 1672,
261 991 357 1045 Parisiis,
367 992 403 1035 fol.
418 992 468 1049 (vid.
479 1008 548 1049 supra,
559 1009 579 1050 p.
589 993 647 1049 lxvi.)
704 1003 706 1005 ’

274 1062 288 1103 J
289 1074 308 1104 0.
320 1062 385 1105 Bnrr.
397 1062 529 1106 corruamus
539 1062 644 1119 Epistolas
655 1061 756 1119 genuinas
766 1062 792 1105 ab
805 1061 886 1105 adulte-

244 1131 303 1184 ratis,
320 1135 418 1190 utrasque
434 1148 447 1174 a
463 1131 602 1189 supposititiis
619 1131 737 1184 distinotas,
752 1131 808 1174 inter
825 1146 847 1175 se
865 1135 887 1174 et

244 1216 293 1243 oum
303 1201 395 1258 antiquis
406 1201 536 1244 versionibus
547 1200 644 1253 eontulit,
650 1200 822 1257 interpretatione
832 1216 887 1244 nova

244 1269 338 1322 donavit,
349 1273 371 1313 et
380 1269 552 1321 annotationibus
562 1269 684 1313 illustravit.

188 1349 250 1406 1698,
260 1349 388 1404 raiaaaya'ae,
399 1348 435 1391 fol.

271 1420 306 1461 J0.
318 1419 424 1462 Ouumous
436 1418 493 1462 notis
503 1419 610 1471 Cotelerii,
621 1418 809 1462 animadversiones
819 1419 884 1462 Usse-

241 1488 268 1531 rii
285 1493 307 1531 et
322 1488 399 1542 Vossii,
415 1488 567 1545 Proleg‘omena
584 1488 672 1541 Usserii,
688 1504 770 1531 neonon
786 1488 884 1531 Pearsoui

241 1558 350 1601 Vindioias
362 1558 479 1614 subjunxit.

185 1647 247 1694 1714,
258 1639 417 1691 Arartelaeclaara',
427 1639 463 1682 fol.

269 1709 297 1750 In
312 1710 352 1751 hae
369 1709 461 1751 seounda
476 1708 575 1751 Editione
591 1708 684 1752 Clerious
698 1711 782 1751 textum
799 1709 839 1765 Ep.
856 1708 883 1751 ad

240 1779 346 1821 Romanos
362 1782 383 1821 et
397 1779 501 1821 Actorum
516 1778 617 1835 Martyrii
632 1777 719 1821 subinde
733 1778 832 1830 refinxit,-
853 1778 882 1821 ei-

239 1847 328 1903 demque
342 1851 406 1903 prout
421 1847 462 1890 sibi
476 1847 540 1889 libuit
554 1847 668 1890 immutato
683 1863 743 1890 suam
757 1847 881 1903 interpreta-

237 1917 319 1960 tionem
329 1917 412 1974 adjeoit.
444 1917 523 1959 Smithi
538 1916 652 1960 editionem
666 1917 738 1960 eadem
750 1917 881 1973 negligentia

237 1985 346 2042 praeteriit
360 2002 401 2042 qua
414 1986 437 2028 in
448 1985 557 2028 Clemente
571 1986 650 2028 edendo
663 2000 721 2028 ouras
731 1986 880 2030 Wottonianas

237 2056 324 2112 insuper
334 2055 442 2098 habuerat.

181 2138 244 2194 1689,
255 2136 351 2189 Patara,
361 2150 383 2191 4.

265 2207 417 2248 Tanooonrous
439 2206 571 2258 Rurnnnrus,
589 2205 701 2262 Presbyter
720 2210 742 2249 et
761 2206 879 2250 Monaohus

236 2275 388 2318 Benedictinus
408 2291 419 2317 e
440 2274 611 2332 Oougregatione
628 2275 649 2317 S.
661 2275 739 2328 Mauri,
756 2275 782 2318 ad
802 2276 879 2319 calcem

235 2345 284 2389 libri
294 2345 351 2388 Aota
361 2344 480 2386 Primorum
490 2343 613 2399 Martyrum
624 2342 708 2385 Sinoera
720 2347 742 2385 et
753 2343 834 2386 Seleota
845 2344 878 2387 in-

235 2415 315 2472 seripti,
326 2413 406 2471 publici
416 2413 471 2471 juris
486 2412 536 2455 i'eoit
546 2412 663 2468 Epistolam
674 2413 701 2455 ad
711 2412 816 2456 Romanos
827 2428 877 2470 qua-

234 2487 275 2528 lem
290 2485 313 2527 in
329 2485 380 2527 (lod.
398 2483 519 2526 Oolbertino
536 2481 624 2534 invenit,
642 2497 690 2524 oum
706 2498 761 2525 nova
776 2483 877 2536 versione,

235 2571 300 2612 quum
310 2558 403 2597 veterem
416 2551 611 2608 interpretationem
623 2553 668 2609 jam
683 2568 719 2594 suo
734 2552 780 2595 loeo
795 2552 876 2595 111001-

233 2625 345 2668 leotionem
356 2625 400 2680 ejus
410 2623 533 2665 inseruerat.
544 2637 579 2678 pp.
589 2622 616 2678 69
617 2623 709 2678 5—708.

177 2716 239 2774 1699,
250 2715 339 2770 trifariae,
351 2715 363 2757 8
374 2714 426 2757 min.
441 2712 490 2770 (vid.
502 2728 571 2768 supra,
582 2728 602 2768 p.
612 2713 678 2769 lxvii.)

261 2786 351 2828 Tironis
362 2785 457 2827 Irrrerus
467 2782 573 2839 Epistolas
589 2786 669 2838 septem
684 2784 742 2826 dedit
754 2784 875 2827 01110011-

232 2855 278 2897 lerii
289 2858 310 2897 et
318 2842 417 2897 Ruinarti
425 2852 562 2896 versionibus.
580 2853 741 2910 Subsequuntur
750 2852 875 2910 interpreta-

231 2926 261 2968 tio
268 2926 363 2982 autiqua,
372 2929 394 2968 ot
402 2923 515 2981 Epistobe,
524 2927 571 2966 tum
579 2924 723 2980 interpolatae,
731 2928 779 2967 tum
786 2925 874 2981 spuriae.
