2017 3420
165 217 193 259 84

193 328 258 363 λόντων
270 326 315 374 ήμῶν
327 327 345 364 ἐκ
356 330 386 364 τοῦ
398 330 452 377 τορὸς
463 329 531 376 λαμβά-

193 396 231 418 νειν.
246 389 273 430 17.
309 386 343 419 τῖον
351 384 448 431 μελλόντων
459 383 533 430 όσκησίν

194 436 248 473 τεκαὶ
257 435 359 483 έτοιμασίαν.
374 440 404 477 18.

167 491 230 530 Μέλος.
249 492 271 528 τὰ
280 493 299 528 δέ
308 493 392 541 έλόχιστα
402 493 446 540 μέλη
455 496 486 530 τοῦ
497 495 532 531 σώ-

193 561 249 592 ματος.
268 545 327 586 Olem.
345 546 356 585 Ι
372 556 402 597 37.
437 549 534 596 διαστῶμεν

193 602 215 638 τό
230 602 275 649 μέλη
294 606 324 639 τοῦ
343 606 424 652 Χριστοῦ.
440 603 471 650 46.
507 604 533 640 ότι

193 655 237 703 μέλη
251 657 303 704 ε’σμέν
313 657 404 705 ἀλλήλων;
425 656 449 696 ib.
488 660 533 705 μέλη

194 710 243 749 όντας
252 716 282 748 τοῦ
291 714 332 750 Υίοῦ
341 713 396 751 αι’ντοῦ.
406 712 447 765 Igu.
457 711 505 764 Eph.
514 725 532 760 4.

195 769 317 815 προσκαλεῖται
327 767 374 814 ὑμᾶς,
388 769 437 807 όντας
445 768 490 816 μέλη
503 769 532 805 αιί-

196 823 233 858 τοῦ.
244 820 302 859 Trall.
315 834 343 860 11.
372 825 425 872 χωρίς
437 824 534 873 γεννηθῆναι

194 875 233 912 ίίνεν
248 879 309 924 μελῶν.
324 876 348 915 ib.
384 878 460 928 συγκοπὴ
472 880 532 924 μελῶν,

194 929 249 969 Rom.
260 939 278 979 5.

167 984 231 1022 Μένειν.
272 987 290 1022 ἐν
302 987 349 1033 πόση
363 985 420 1035 ἁγνείᾳ
429 1018 444 1025 ..
455 987 531 1034 ,μένητα

193 1037 237 1090 Igu.
247 1038 298 1091 Eph.
311 1052 340 1079 10.
369 1041 391 1079 Εἴ
400 1057 426 1081 τις
437 1041 505 1079 δόναται
516 1042 533 1079 έν

193 1096 251 1143 ἁγνείᾳ
262 1096 323 1140 μένειν,
332 1127 335 1134 .
345 1127 348 1134 .
360 1097 390 1133 ,έν
399 1097 494 1146 όκανχησίᾳ
504 1112 534 1144 με-

193 1149 239 1186 νέτω,
248 1149 312 1201 Polyc.
322 1160 339 1199 5.
359 1153 382 1188 Τδ
389 1153 479 1198 βάπτισμα
486 1152 532 1199 ὑμῶν

192 1205 255 1250 μενέτω
264 1206 287 1243 όις
298 1206 347 1244 όπλα.
360 1206 377 1244 6.
399 1206 481 1250 έβοόλετο
491 1208 532 1244 κατὰ

192 1261 243 1297 πόλιν
251 1260 311 1307 μένειν,
322 1260 379 1299 Mart.
391 1260 454 1312 Polye.
466 1270 484 1309 5.

166 1315 249 1362 Μερίζειν.
278 1314 287 1351 ὃ
302 1315 392 1363 δυνήσεται
403 1318 446 1364 ὑμᾶς
457 1315 531 1366 μερίσαι.

193 1367 312 1421 Ign.Magn.
325 1371 341 1409 6.
406 1405 408 1408 .

165 1425 223 1472 Μερίς.
252 1424 310 1474 Ιιλγίοο
322 1425 352 1463 οόν
363 1428 411 1475 μερὶς
422 1427 532 1475 ὑπάρχοντες.

193 1477 316 1528 Olem.I30.
407 1477 412 1494 ⁴

165 1535 258 1583 Μερισμός,
273 1535 347 1584 φεόγετε
356 1537 386 1572 τόν
392 1538 480 1584 μερισμόν.
490 1535 532 1587 Igu.

193 1587 265 1627 Philnd.
278 1603 295 1627 2.
324 1591 361 1639 Οὐχ
373 1590 399 1628 ότι
408 1590 447 1640 παρ’
457 1592 496 1637 ὑμῖν
504 1607 533 1638 με-

191 1647 255 1692 ρισμδν
263 1644 317 1694 εὗρον.
329 1657 346 1694 3.
375 1647 398 1684 όις
406 1647 496 1694 προειδότα
504 1647 534 1683 τόν

192 1702 275 1748 μερισμόν
283 1715 338 1737 τινων.
346 1709 363 1749 7.
392 1701 432 1739 τοὺς
440 1700 533 1749 μερισμοδς

192 1752 271 1803 φεόγετε.
279 1753 304 1792 ib.
334 1755 359 1793 015
368 1756 386 1792 δέ
394 1757 476 1804 μερισμός
486 1756 533 1792 εἀτιν

192 1810 219 1846 καὶ
233 1808 282 1859 όργή.
292 1810 311 1848 8,
347 1810 391 1848 Τοός
406 1811 425 1851 δὲ
440 1811 533 1859 μερισμοὺς

192 1862 272 1913 φείνγετε,
279 1866 302 1903 ὧς
307 1865 361 1915 ἀρχήν
366 1869 424 1902 κακῶν.
432 1864 507 1915 Smyrn.
513 1866 530 1902 8.

166 1918 227 1967 Μέρος.
242 1919 313 1968 ἐκλογῆς
326 1920 382 1969 μέρος.
400 1918 459 1957 Olem.
474 1919 485 1957 Ι
500 1933 530 1969 29.

175 2001 177 2004 -
192 1973 229 2019 μετ’
244 1975 298 2010 αὐτῶν
316 1990 344 2021 μοι
362 1975 382 2011 τὸ
400 1976 450 2023 μέρος
465 1972 532 2023 γένοιτο

193 2030 244 2076 σχεῖν
252 2029 270 2064 ἐν
280 2032 322 2078 θεῷ.
338 2028 380 2080 Ign.
394 2028 457 2079 Polyc.
470 2030 488 2067 6.
517 2029 533 2067 εἴ

193 2097 229 2120 πως
238 2082 288 2131 μέρος
295 2082 401 2132 χαρίσματος
408 2086 478 2128 λάβωσι
483 2099 532 2122 πνεο-

192 2140 267 2183 ματικοῦ,
280 2137 338 2176 Μανία.
349 2137 392 2189 Ign.
404 2151 422 2187 3.
455 2138 506 2186 μέρος
515 2140 533 2176 έν

192 2191 257 2243 ἀριθμῷ
271 2196 305 2229 τῶν
318 2193 407 2243 μαρτύρων
420 2208 458 2230 σου.
474 2191 531 2231 Mart.

193 2245 256 2297 Polyc.
269 2259 298 2295 14.

165 2302 229 2341 Μέσας.
265 2303 283 2339 έν
294 2303 343 2353 μέσῳ
354 2306 379 2354 τῷ
393 2303 462 2353 σταδίῳ.
475 2301 532 2341 Mari).

193 2355 256 2408 Polyc.
269 2370 298 2396 12.
328 2358 361 2395 Καὶ
370 2357 390 2405 ἦν
398 2358 457 2405 μέσον.
467 2365 496 2406 15.
516 2359 534 2394 έν

192 2411 240 2463 μέσῳ
249 2416 279 2450 τοῦ
288 2416 347 2463 τορός.
361 2414 389 2451 18.

165 2469 239 2506 Μεστός.
268 2470 335 2514 μεστοί
348 2484 368 2506 τε
392 2468 441 2505 ὁσίας
462 2469 532 2514 βουλῆς.

193 2520 302 2561 Olem.12.

164 2578 280 2629 Μεταβαίνειν.
309 2579 372 2626 μετέβη
383 2580 407 2616 εἷς
418 2578 476 2626 ἕτερον
485 2577 533 2626 ἀγρί-

191 2633 232 2669 διον.
243 2631 300 2671 Mart.
312 2631 375 2684 Polye.
387 2634 404 2670 6.

164 2689 288 2731 Μἐταβόλλειν,
324 2689 443 2735 μεταβάλεσθε
457 2689 481 2727 εἷς
495 2687 532 2725 νέον

192 2741 248 2790 ζύμην.
259 2743 301 2793 Ign.
312 2741 377 2794 Magn.
390 2755 420 2781 10.

164 2800 274 2846 Μεταγαγεῖν.
304 2798 357 2836 ἐνίους
365 2800 469 2848 μεταγόγετε
478 2800 533 2836 καλῶς

190 2853 334 2899 πολιτευομένους.
347 2851 405 2891 Olem.
417 2852 467 2901 144.

164 2908 289 2956 Μετογρόφειν.
307 2911 362 2945 Ταῦτα
371 2910 492 2958 μετεγρόφατο
502 2908 532 2955 μέν

188 2963 243 3000 Γάϊος,
255 2962 313 3001 Mam
325 2962 388 3013 Polye.
401 2975 431 3001 αα.

162 3019 308 3064 Μεταλαμβάνειν.
330 3019 401 3065 ἐνδόξων
410 3019 532 3067 μετειληφότες

188 3072 272 3119 πράξεων.
287 3071 346 3111 Olem.
363 3072 373 3109 Ι
389 3085 417 3121 19.
466 3076 496 3120 τής
514 3073 532 3109 έν

396 218 493 261 INDEX
508 217 680 261 VERBORUM

586 331 655 378 Χριστῷ
677 327 753 365 παιδείας
772 327 924 375 μεταλαμβανέτω-

588 399 624 421 σαν.
637 394 667 422 21.
696 382 742 420 ὅπως
756 382 879 429 μεταλάβωμεν
892 386 926 419 τῶν

587 437 715 487 ἐπηγγελμένων
724 438 795 486 δωρεῶν.
807 445 838 486 35.

561 496 656 531 Μετανοεῖν,
690 494 707 529 οἱ
720 492 738 529 δέ
752 492 884 540 μετανοήσαντες
898 492 926 530 ε’πὶ

587 552 622 587 τοῖς
635 546 752 597 ἁμαρτήμασιν
765 547 823 585 αὐτῶν.
840 545 898 585 Olem.
915 545 925 583 I

589 612 605 652 7.
634 603 664 641 Ὣς
678 601 708 639 οὖν
722 602 774 649 ἐσμέν
786 602 814 639 ἐπὶ
823 604 860 651 γῆς.
874 617 925 649 μετα-

588 658 679 706 νοήσωμεν.
692 655 714 694 ΙΙ
723 658 740 695 8.
769 657 898 704 μετανοήσωμεν
907 656 927 702 ἐξ

588 714 629 760 όλης
637 715 666 760 τῆς
677 713 749 761 καρδίας.
759 710 784 750 ib.
813 711 868 749 οὐκέτι
878 712 927 749 δανό-

588 769 631 814 μεθα
642 768 675 805 ε’κεῖ
687 766 846 816 ἐξομολογήσασθαι
856 766 927 814 ήμετα·

589 826 632 860 νοεῖν
646 823 675 860 ἔτι.
692 821 716 860 ib.
754 823 774 858 τὸ
789 823 891 869 μετανοῆσαι
907 821 927 866 ἐξ

589 877 687 927 εἰλικρινοῦς
705 877 778 926 καρδίας,
790 890 806 926 9.
849 876 888 913 ὅσοι
906 876 927 913 ἂν

587 931 719 979 μετανοήσαντες
730 932 806 969 ἔλθωσιν
814 932 842 969 ἐπὶ
852 931 882 978 τὴν
891 932 926 967 ένό-

587 1002 634 1033 τητα,
648 986 690 1038 Ign.
701 985 774 1024 Philad.
786 995 802 1035 5.
831 988 888 1023 Πᾶσιν
897 984 927 1023 οὖν

587 1045 697 1088 μετανοοῦσιν
706 1041 754 1089 ἆφίει
764 1043 773 1077 ό
782 1040 849 1090 Κύριος,
859 1041 888 1077 ε’ὰν
896 1055 926 1088 με·

587 1096 699 1144 τανοήσωσιν.
710 1097 727 1134 8.
762 1097 791 1133 ε’όν
799 1111 836 1134 πως
846 1094 927 1143 μετανοή-

587 1162 648 1189 σωσιν·
660 1150 702 1200 όπερ
713 1150 802 1189 δόσκολον.
817 1149 892 1201 Smyrn.
907 1162 924 1197 4.

587 1205 646 1256 μέχρις
657 1206 677 1243 οὗ
690 1205 817 1253 μετανοήσωσιν
827 1206 850 1245 εἶς
862 1207 882 1242 τδ
894 1206 926 1243 πό-

587 1261 621 1300 θος.
642 1270 659 1309 5.
701 1261 724 1299 εἶς
742 1262 785 1297 θεὸν
802 1262 892 1307 μετανοεῖν.
908 1273 926 1310 9.

587 1319 674 1362 μετανοεῖν
683 1316 710 1353 ε’πὶ
719 1318 743 1366 τῷ
752 1315 856 1362 ἐληλυθέναι.
867 1314 924 1353 Mart

589 1370 652 1421 Polyc.
664 1378 681 1419 7.
709 1372 817 1419 μετανόησον,
830 1383 847 1419 9.
867 1370 896 1408 έδν
904 1370 926 1418 μή

587 1425 696 1473 μετανοήσης.
710 1437 740 1468 11,
751 1424 784 1463 bis.

561 1482 651 1518 Μετάνοια.
679 1482 729 1518 παντὶ
740 1483 764 1530 τῷ
774 1482 832 1530 κόσμῳ
841 1481 927 1528 μετανοίας

588 1537 638 1584 χάριν
647 1535 741 1585 ὑπήνεγκεν.
752 1533 811 1572 Olem.
819 1534 833 1572 -Ῑ
843 1543 860 1583 7.
875 1550 927 1583 μετα-

588 1591 633 1628 νοίας
644 1592 696 1628 τόπον
706 1591 771 1627 ἔδωκεν.
782 1589 808 1628 ib.
842 1595 881 1627 Νῶε
890 1588 926 1636 ε’κή-

586 1646 638 1693 ρνξεν
646 1647 737 1692 μετάνοιαν.
747 1643 772 1683 ib.
793 1645 832 1694 περὶ
840 1645 927 1692 μετανοίας

587 1701 680 1747 ἐλάλησαν,
691 1701 711 1738 8.
735 1702 744 1736 ό
754 1702 843 1746 Δεσπότης
852 1730 856 1738 .
865 1731 869 1739 ,
877 1729 881 1737 .
888 1701 927 1748 περὶ

587 1755 675 1802 μετανοίας
690 1755 780 1798 ἐλάλησεν.
797 1753 823 1792 ib.
858 1756 927 1792 Πόντος

587 1809 617 1847 σόν
625 1840 629 1848 .
638 1841 641 1848 ,
651 1811 767 1856 ,βουλόμενος
777 1811 864 1857 μετανοίας
874 1825 925 1857 μετα-

587 1867 642 1912 σχεῖν.
652 1863 677 1903 ib.
692 1863 791 1911 παιδεύθητε
800 1864 824 1902 εἷς
832 1865 925 1912 μετάνοιαν.

587 1926 618 1968 57.
654 1919 685 1958 ἕως
694 1920 754 1968 ἔχομεν
765 1920 822 1968 καιρὸν
832 1919 924 1967 μετανοίας.

586 1973 609 2012 Π
618 1975 637 2012 8.
667 1975 715 2011 ἔστιν
727 1975 761 2023 γδρ
775 1974 793 2010 έν
806 1975 861 2013 αὐτοῖς
877 1974 925 2012 ἐλπὶς

586 2029 677 2076 μετανοίας.
688 2028 730 2080 Igu.
741 2028 790 2079 Eph.
804 2041 833 2067 10.
871 2028 881 2075 ή
892 2029 925 2067 ιῖπδ

586 2088 620 2121 τῶν
631 2086 729 2132 κρειττόνων
739 2085 767 2121 ἐπὶ
779 2085 800 2120 τὰ
811 2084 863 2134 χείρω
875 2084 926 2131 μετά·

587 2154 627 2175 νοια.
638 2138 695 2177 Μοτί.
707 2137 770 2189 Polyc.
784 2150 814 2176 11.

560 2192 635 2239 Μεταξό.
663 2194 726 2241 μεταξὺ
737 2194 816 2240 ἐπινομήν
827 2193 924 2230 δεδώκασιν.

588 2246 647 2286 Clem.
658 2246 669 2285 Ῑ
679 2260 711 2295 44.
746 2248 756 2295 ἢ
769 2248 833 2295 μεταξὺ
846 2247 876 2295 ὑφ’
891 2249 925 2285 ἑτέ·

587 2318 622 2350 ρων
630 2302 727 2352 ἐλλογίμων
733 2302 801 2350 ἄνδρῶν.
812 2301 837 2340 ib.
854 2301 924 2352 Ἐκραθ-

587 2372 633 2406 γασα
645 2358 709 2404 μεταξδ
722 2358 750 2395 όν.
764 2356 806 2408 Igu.
820 2355 892 2396 Philad.
907 2370 924 2407 7.

588 2412 650 2458 μεταξὺ
684 2412 751 2462 θηρίων,
779 2413 842 2460 μεταξὺ
875 2416 924 2451 θεοῦ.

587 2465 662 2517 Smyrn.
674 2480 691 2515 4.
726 2468 800 2516 διαφορὰ
815 2467 879 2515 μεταξὺ
893 2472 927 2504 τῶν

587 2522 664 2559 ἀπίστων
677 2523 704 2560 καὶ
719 2526 753 2560 τῶν
766 2523 852 2560 ἐκλεκτῶν.
866 2521 923 2561 Mart.

587 2574 649 2627 Polyc.
663 2578 691 2615 16.

560 2633 720 2681 Μεταπαροδιδόναι.
738 2634 925 2682 Καιροὶ..,μεταπαρα-

586 2686 662 2724 διδόασιν
671 2686 758 2735 ἀλλήλοις.
770 2686 829 2726 Olem.
840 2687 851 2725 I
862 2700 891 2726 20.

561 2742 684 2787 Μεταπέμπειν.
713 2744 737 2781 εἷς
746 2741 795 2779 δύσιν
802 2743 835 2780 ἀπὸ
844 2742 926 2790 ἀνατολῆς

586 2798 742 2846 μεταπεμψάμενος.
753 2796 795 2848 Igu.
806 2796 861 2835 Rom.
875 2810 892 2836 2.

560 2853 673 2890 Μετοτιθέναι.
703 2854 721 2889 έν
731 2853 795 2899 ὑπακοή
806 2854 869 2892 δίκαιος
879 2853 926 2901 εὑρε-

587 2906 621 2944 θεὶς
631 2907 715 2954 μετετέθη.
730 2906 789 2945 Olem.
800 2906 811 2945 Ι
822 2920 839 2957 9.
875 2923 925 2954 μετα-

586 2961 641 3000 θέντες
659 2963 709 3000 αὐτδν
731 2963 759 3000 ἐπὶ
783 2963 813 3010 τήν
836 2966 924 3012 καροῦχαν.

586 3014 643 3055 Mart.
654 3016 717 3068 Polyc.
729 3019 746 3055 8.
775 3018 895 3065 μετατίθεσθοί
905 3033 926 3066 με

586 3071 619 3109 ἀπὸ
628 3075 662 3109 τῶν
671 3075 754 3121 χαλεπῶν.
768 3084 798 3111 11.
