1966 3437
310 228 352 272 AD
367 222 562 279 comumnes
571 226 614 270 xlv.
771 225 813 271 169

112 349 190 403 occisi.
204 352 270 410 sunt,
285 345 330 399 ,sed
347 363 362 395 a
381 342 489 394 scelestis
509 348 536 393 et
547 342 640 409 injusta
657 341 751 391 invidia
770 342 810 392 ab-

113 424 209 496 reptis.;
230 425 300 487 Quae
312 422 393 473 omnia
410 439 487 489 quum
502 427 652 488 paterentur,
664 420 767 488 gloriose
785 427 811 470 et

111 503 300 574 magnanimiter
315 502 433 572 tulerunt.
469 500 536 562 Quid
553 500 625 559 enim,
641 499 735 558 iratres,
748 498 810 549 dice·
835 531 837 534 ν

112 602 167 634 mus
176 587 185 633 t
198 580 288 632 Daniel
295 580 322 630 in
334 579 479 647 speluncam
486 577 585 628 leonum
595 577 626 628 ab
637 577 668 628 iis
677 577 721 645 qui
729 577 811 628 Deum
820 588 864 623 Dan.
871 589 889 622 vi
897 589 922 623 ιν.

111 661 234 712 timebant
244 659 368 726 conjectus
379 660 435 712 esti
448 656 564 716 Ananias,
573 656 681 729 Azarias,
691 654 810 707 etMisael
819 668 863 703 Dan.
870 669 889 702 m
896 678 922 703 ιο,

110 739 198 790 inclusi
217 743 277 789 sunt
294 726 449 787 inardentis
467 736 532 804 ignis
552 736 645 786 camino
663 730 744 786 abiis
766 727 810 801 qui

109 817 266 885 magnificum
281 822 307 866 et
318 815 450 883 gloriosum
461 812 584 865 Altissimi
601 814 699 888 cultum!
711 814 808 881 profite-

108 890 216 947 bantur?
233 895 309 946 Absit
326 894 371 944 hoc
388 895 493 962 prorsus.
528 894 635 957 Quinam
654 889 740 961 igitur
750 893 809 943 haec

109 977 258 1041 patrarimt't
276 969 442 1024 Abominandi
461 979 487 1023 ct
504 973 571 1023 omni
586 971 763 1040 malitia‘pleni
782 973 808 1022 in

108 1058 207 1103 tantum
230 1052 337 1102 furorem
358 1051 522 1101 contentionis
545 1051 627 1101 studio
649 1050 746 1100 incitati
770 1050 807 1100 fu-

109 1137 189 1191 erunt,
205 1137 236 1181 ut
255 1131 388 1181 servientes
407 1131 461 1180 Deo
483 1129 510 1179 in
533 1136 617 1180 sancta
637 1135 663 1180 et
681 1128 807 1197 inculpata

108 1209 236 1259 volrmtate
247 1209 376 1259 tormentis
387 1209 515 1276 injecerint
524 1228 531 1268 ;
548 1208 697 1275 ignorantes,
708 1207 806 1259 Altiesi-

107 1306 176 1338 mum
195 1294 401 1356 propugnatorem
419 1293 451 1341 et,
465 1287 616 1338 defensorem
640 1305 724 1337 eorum
747 1306 805 1347 esse,

107 1366 150 1433 qui
167 1366 194 1415 in
209 1384 272 1433 pura
291 1365 443 1425 conscientia,
457 1383 547 1415 nomen
564 1365 617 1433 ejus¹
634 1366 700 1415 omni
711 1366 805 1417 virtute

106 1441 206 1512 plenum
223 1445 320 1496 colrmt:
338 1445 377 1495 cui
397 1445 430 1494 sit
445 1444 522 1511 gloria
541 1445 568 1494 in
586 1443 682 1494 saccula
698 1445 805 1497 saeculo.

106 1541 166 1574 rum.
200 1524 286 1574 Amen.
321 1523 362 1573 Illi
378 1540 436 1573 vero
453 1522 480 1572 in
495 1522 585 1573 fiducia
601 1522 724 1590 patienter
743 1524 803 1574 tole-

107 1722 153 1760 ἐντὸς
170 1723 233 1768 ἑαυτῶν
248 1723 268 1759 οὔ
283 1722 361 1772 γίνονται.
390 1720 439 1760 Vide
466 1724 571 1771 περιβαλεῖν,
580 1721 618 1761 hoe
626 1720 700 1761 seilicet
708 1733 771 1770 sensu,
779 1728 802 1761 at

107 1775 234 1825 Herodotum,
248 1774 275 1815 vii
292 1773 334 1826 119.
350 1774 438 1815 DAVIS.
466 1776 490 1815 t'n
506 1776 614 1815 canaram
630 1776 649 1830 (i.
667 1789 683 1816 e.
700 1776 803 1817 cruciandi

107 1829 213 1870 Ootelerius
218 1830 284 1869 mallet
290 1831 378 1880 ἐξήρηναν,
387 1830 440 1869 Huic
466 1829 535 1883 tuaac)
544 1830 589 1881 ique
599 1830 756 1878 artemonem,-
769 1845 802 1871 vo-

107 1898 170 1924 merae
188 1884 300 1938 conjiciendi
318 1884 406 1924 licentiae
420 1890 440 1924 et
467 1898 546 1937 cemque
554 1888 597 1936 πυρί
607 1886 632 1925 ob
642 1889 754 1938 sequentem
763 1903 802 1937 περι

106 1939 271 1979 temeritatirecte
281 1939 356 1980 obstitit
364 1939 441 1980 Wotto-
468 1940 564 1980 excidisse.
608 1940 647 1982 sed
669 1940 726 1981 lectio
749 1941 802 1982 Msai

106 2007 147 2033 nus.
181 1994 275 2046 Exempla
291 1994 344 2034 vocis
362 1996 441 2045 ἐξερίζειν
467 1995 546 2035 omnino
564 1995 664 2035 retinenda
684 2000 726 2045 est3
750 2001 801 2037 reete

106 2062 155 2100 quae
170 2048 291 2102 desiderabat
308 2049 347 2098 ille,
360 2050 441 2101 praebet
467 2050 519 2089 enim
527 2054 593 2090 monet
598 2051 701 2104 Wottonus
709 2050 756 2090 haec
763 2065 801 2092 non

106 2103 197 2143 Thesami
206 2117 218 2143 a
227 2102 324 2156 Stephano
335 2104 440 2144 constiucti
466 2105 491 2145 de
499 2105 523 2145 iis
531 2110 608 2146 tantum
617 2106 655 2145 dici
664 2106 698 2159 qui
706 2105 727 2145 in
735 2105 800 2158 ignem

105 2158 165 2198 editio
178 2172 228 2198 nova
242 2158 362 2208 Parisiensis3
379 2173 440 2199 unum
466 2160 548 2212 conjecti
569 2161 651 2210 fuerunt,
674 2161 708 2200 sed
730 2160 755 2200 de
776 2161 800 2201 iis

105 2226 174 2266 nempe
187 2228 198 2253 e
211 2211 307 2254 Plutarch.
317 2214 357 2254 Vit.
372 2213 437 2267 Pomp.
467 2214 530 2264 etiam,
537 2217 561 2255 de
570 2216 639 2268 quibus
645 2215 726 2268 legimus
735 2216 799 2268 paullo

107 2268 250 2318 §56,alterum
264 2282 289 2308 cx
297 2268 380 2321 Appian.
391 2269 438 2309 Bell.
466 2284 523 2322 supra
529 2284 536 2320 5
556 2272 662 2321 ἐδιώχθησαν
677 2272 799 2310 δίκαιοι-ἐλι-

105 2322 146 2363 civ.
161 2322 176 2362 ii
190 2332 233 2373 151.
261 2324 360 2364 Ruchatus
374 2326 439 2374 vertit,
466 2327 714 2377 θάσθησαν-ἀπικτάνθῃσαν.

104 2379 139 2428 qut
150 2379 228 2418 clareat
240 2380 253 2418 ὰ
267 2386 293 2419 cet
307 2381 358 2419 cacis
370 2380 392 2419 dc
401 2380 439 2430 sa·
494 2393 523 2429 14.
535 2379 649 2435 [πα]ναρέτῳ]
654 2381 731 2432 Legunt
737 2380 796 2422 Oodd.

103 2445 153 2472 reosr.
172 2433 287 2486 Herzogius,
297 2434 326 2474 bie
334 2449 360 2474 aa
368 2435 438 2475 sotera
465 2435 510 2487 imp.
519 2448 563 2474 cum
570 2435 629 2475 Junio
638 2437 716 2487 ἐναρέτῳ·
724 2440 745 2475 at
754 2436 795 2476 MS.

107 2487 303 2530 Wutlaeatbranatea.
464 2503 503 2529 non
521 2490 607 2543 agnoscit
627 2503 649 2538 ⁶3
676 2490 797 2542 spatiumque

132 2556 161 2582 11.
172 2545 196 2583 εἰς
209 2546 263 2582 αἰκίαν
275 2546 389 2595 περιβαλεῖν]
401 2545 436 2584 Ju-
464 2549 508 2585 ante
521 2545 597 2585 literam
608 2561 618 2583 ν
628 2549 657 2584 est
669 2545 738 2585 saltem
751 2546 796 2585 dua-

103 2596 150 2646 nins,
161 2597 381 2648 Fellus,etOolomesius
389 2600 436 2639 mal·
463 2613 507 2639 rum
515 2600 619 2640 literarum.
639 2599 727 2639 Restituo
736 2599 796 2652 igitur

101 2651 142 2691 lent
151 2654 175 2692 εἷς
188 2655 256 2702 κάμινον
264 2658 368 2705 περιβαλεῖν,
378 2668 435 2707 quam
462 2657 554 2707 παναρέτῳ.
570 2654 650 2694 WOTT.
689 2654 745 2693 Hanc
758 2655 795 2694 lec-

101 2706 202 2746 lectionem
207 2708 329 2761 interpretati
334 2714 379 2750 sunt
383 2709 433 2750 Guil.
462 2710 539 2759 tionem,
548 2709 673 2761 proculdubio
682 2723 752 2757 veram,
762 2724 803 2757 ‹eir->

101 2760 176 2800 Burton
185 2767 204 2801 et
214 2763 327 2817 Herzogius.
345 2765 435 2805 Davisius
462 2764 528 2804 hibent
537 2765 608 2804 Russel.
620 2763 705 2804 Galland.
717 2764 793 2805 Home-

100 2815 148 2867 legit
162 2817 185 2855 εἷς
198 2820 252 2856 αἰκίαν
262 2823 360 2869 προβαλεῖν.
390 2819 435 2860 Gal·
462 2833 524 2859 mann.
549 2819 610 2859 Hefel.
634 2819 752 2871 Reithmayr.
774 2825 793 2860 et

99 2869 163 2909 landio
172 2872 276 2921 probabilis
285 2875 362 2914 videtur
371 2889 433 2914 emen-
461 2874 572 2914 Dresselius.
593 2874 682 2925 ,Vocem
700 2876 794 2924 πανάρετον

99 2924 222 2975 datioBirrii,
233 2929 440 2981 quisuspicaturOle-'
460 2930 567 2981 frequentat
581 2929 595 2969 S
610 2929 671 2970 Pater.
701 2928 729 2969 Of,
742 2930 764 2982 ᾗῇ
777 2944 793 2981 ι,

98 2982 433 3036 mmentcmscripsissestmtatavavpl
462 2998 479 3034 2,
490 2994 520 3035 57.

127 3056 174 3087 VOL.
184 3058 198 3087 1.
497 3063 508 3091 z
