1958 3490
323 239 364 281 AD
380 238 575 291 CORINTHIOS,
589 237 617 281 ivi
791 239 818 280 ni

123 356 188 413 Corin
199 364 288 414 antem,
300 363 321 406 et
333 373 408 422 snper
419 354 548 422 sacrificiu
565 355 616 420 ejus
632 360 681 403 non
697 353 818 410 adnectit:

121 433 312 497 etveontristutns
326 442 359 485 est
372 433 437 485 Cain
448 432 526 492 ualde,
539 442 561 484 et
573 431 680 484 concidit
691 431 819 494 nnltn'sno

121 515 155 565 Et
174 513 240 564 dimit
257 512 382 564 Dominus
400 513 470 563 Dens
481 511 525 580 nd
546 512 619 582 Cain,
637 512 723 573 Quare
743 510 820 562 tristis

115 593 202 660 fuctus
214 594 258 643 es?
285 593 319 643 Et
331 610 408 659 qnare
420 590 528 642 concidit
539 591 619 642 unltns
631 591 706 641 tntis?
730 590 820 642 Nonne

120 672 217 723 sirecte
229 671 326 738 offerus,
338 662 387 722 non
399 679 481 721 nutem
495 678 559 721 reete
570 665 678 729 divides
686 669 818 737 peccasti?

105 747 239 813 Quiescm
257 750 292 802 nd
309 760 331 802 te
348 750 472 802 conversio
489 751 546 818 ejns,
564 760 586 801 et
603 759 629 801 tn
642 749 820 816 principatum

120 830 220 882 babebis
239 829 325 898 ipsias.
359 832 393 881 Et
413 829 478 881 dinit
497 830 562 881 Cain
582 829 617 880 nd
633 829 696 879 Abel
706 829 820 896 fratrem

120 927 199 969 sunm,
218 910 385 961 Transeamus
404 909 432 960 in
452 926 575 977 campum.
609 909 643 959 Et
657 908 759 976 feretrum
779 903 818 968 esti

120 988 181 1039 dnm
201 998 277 1040 essent
297 988 324 1039 in
342 1006 437 1056 ccnnpc,
453 988 562 1039 surremit
581 987 646 1040 Cnin
657 1005 741 1055 ¹snper
756 987 821 1039 Abel

120 1068 235 1135 fratrem
254 1086 333 1128 scinne,
354 1078 376 1119 et
396 1067 486 1119 occidit
506 1085 567 1118 enm.
602 1067 707 1128 Videtis,
723 1067 819 1127 fratres,

119 1153 220 1215 propter
239 1147 320 1198 zelum
339 1153 365 1198 et
386 1147 505 1205 invidiam
526 1146 689 1197 fratricidium
709 1145 820 1197 commis-

118 1245 181 1278 erun.
216 1227 322 1295 Propter
341 1226 421 1278 zelum
440 1232 511 1294 pater
529 1232 614 1277 noster
629 1225 707 1277 Jacob
726 1243 741 1275 a
757 1224 920 1275 facienoum

826 1296 846 1329 41
855 1296 880 1330 sq.

119 1404 155 1443 erit
165 1405 269 1456 potestatis.
286 1404 428 1445 HEFELIUS.
481 1421 545 1455 χαρτος
571 1405 663 1455 ὁμαρτήσει
690 1406 816 1456 meptiarum]

147 1472 164 1510 9.
179 1461 277 1508 Διέλθωμεν
294 1461 318 1500 εἷς
337 1463 356 1498 τὸ
375 1458 450 1515 πεδίον]
481 1459 585 1500 Herodian.
597 1460 641 1511 ζήλῳ
650 1462 678 1498 καὶ
687 1462 730 1511 ἔριδι
741 1464 762 1509 τῇ
774 1463 817 1509 πρὸς

119 1513 166 1554 Non
179 1514 200 1554 in
212 1514 267 1554 LXX
278 1516 364 1555 versione
378 1520 454 1555 tuntum
481 1515 562 1562 ἀλλήλας.
595 1513 718 1569 [111i113.
750 1514 817 1555 Addas

119 1569 190 1622 legitur
223 1569 259 1609 hoe
296 1570 452 1610 additamentum.
481 1569 565 1622 ejusdem
581 1569 625 1609 libri
639 1570 661 1609 iii
678 1584 696 1620 3,
710 1572 819 1609 ἐστασίασαν

119 1623 175 1664 Idem
188 1624 259 1665 habent
272 1628 338 1665 textus
349 1625 452 1665 Samarita-
481 1627 500 1663 δὲ
516 1627 559 1675 πρὸς
574 1625 660 1673 ἀλλήλους
675 1631 698 1677 τῷ
713 1625 817 1677 αὐτῷ-ζήλῳ

119 1679 348 1732 nue,Vulgatue,Syrus‚
363 1680 454 1720 achinoe
481 1681 508 1717 καὶ
530 1677 592 1734 plata]
623 1679 649 1719 m
668 1679 689 1718 in
704 1679 815 1720 Nouresr.

119 1733 232 1774 Chaldaicos
248 1734 380 1786 Paraphrases.
390 1735 453 1775 ⁴Jona-
482 1734 594 1782 ἐπλήσθησαν
610 1735 666 1784 ζῆλον,
680 1733 723 1774 Aet.
738 1748 756 1783 v,
770 1733 814 1789 [17]

118 1788 182 1829 thenis
197 1803 266 1841 nempe
282 1795 301 1829 et
315 1790 454 1841 Hierosolymi.
482 1794 502 1828 et
515 1790 536 1828 in
549 1789 585 1841 Ep.
601 1789 626 1828 nd
639 1789 680 1829 Cal.
695 1788 715 1844 [v
727 1787 766 1844 20,]
783 1803 816 1829 an-

118 1848 168 1884 tina,
197 1845 268 1884 Nullus
284 1850 348 1885 autem
364 1845 453 1885 Judaico-
481 1849 594 1884 numeratur
608 1845 659 1884 inter
674 1858 732 1897 opera
750 1844 816 1884 carnis.

118 1911 162 1938 rum
169 1898 228 1939 Oodd,
236 1900 269 1952 qui
278 1899 375 1952 hucusque
382 1901 424 1939 noti
433 1913 455 1939 ae
482 1899 578 1939 Videntur
588 1904 653 1939 autem
664 1904 708 1939 tum
719 1899 737 1939 S.
749 1900 818 1952 Cypri-

119 1954 183 2006 collati
201 1959 252 1998 eunt,
266 1955 305 1995 tale
323 1955 369 2007 quid
385 1960 453 1995 servat.
482 1968 524 2003 ano,
533 1954 554 1993 in
563 1954 612 1994 libro
622 1955 645 1995 de
655 1955 700 1994 Zelo
712 1955 817 2000 etLivore.

118 2008 139 2047 N
140 2023 161 2048 ee
170 2009 259 2061 legebant
267 2010 314 2049 haee
322 2010 381 2050 rerba
390 2010 455 2050 Onke-
481 2014 524 2049 tum
534 2009 552 2049 Se
560 2010 637 2059 Basilio,
646 2012 684 2060 περὶ
694 2012 764 2060 Φθόνου,
771 2010 818 2050 haee

118 2063 152 2112 los,
161 2064 291 2116 Symmachus.
299 2065 425 2109 Theodotion.
435 2071 454 2105 et
482 2064 586 2104 Clementia
594 2070 638 2104 ante
646 2065 711 2105 oculos
718 2065 818 2106 obversata

117 2120 272 2171 uterqueArnbs.
287 2120 328 2172 Ipsi
334 2121 454 2161 Masorethae
480 2119 542 2159 fuisse.
558 2120 639 2160 Worn

118 2173 239 2217 dissentiunt.
251 2176 298 2214 dum
311 2176 344 2215 alii
358 2175 454 2216 codicibus
508 2174 532 2214 ib.
542 2173 673 2229 κατειργάσατο]
686 2175 718 2215 lta
727 2175 769 2215 MS.
778 2189 818 2215 non

119 2229 213 2270 Hebraeis
231 2235 297 2270 notam
313 2231 454 2284 adscripserunt
481 2233 618 2281 κατειργάσαντο,
626 2230 677 2283 quod
686 2235 730 2283 post
737 2231 817 2271 Wotton

118 2284 183 2324 deesse
196 2285 275 2337 aliquid,
289 2285 328 2332 alii,
344 2291 363 2325 et
377 2286 455 2339 quidem
482 2284 535 2325 dedit
545 2284 661 2325 Gallendius'¹

117 2339 209 2392 plerique,
228 2354 270 2379 eam
292 2341 403 2387 omiserunt,
421 2341 454 2381 alii
511 2353 540 2391 13.
549 2342 581 2378 Διὰ
591 2339 648 2395 ζῆλος]
659 2340 735 2380 Neutro
742 2340 817 2393 saepius

118 2396 234 2436 contrariam
245 2395 366 2447 addiderunt,
375 2410 454 2436 monen—
482 2394 553 2447 legitur
575 2395 611 2435 hoe
629 2396 744 2435 vocabulum
766 2397 818 2447 apud

117 2454 147 2489 tes
155 2451 247 2490 lectorem
256 2451 304 2490 nihil
313 2452 383 2491 deesse.
398 2452 456 2491 Plura
483 2450 602 2490 Clementem
619 2456 712 2490 nostrum.
743 2450 770 2491 Et
787 2451 817 2490 bis

118 2505 172 2546 dabit
190 2506 220 2546 De
239 2506 324 2551 Rossius,
342 2507 387 2547 Ver.
403 2507 455 2547 Lect.
482 2505 560 2557 quidem
581 2505 630 2544 infra
649 2506 670 2544 in
690 2506 727 2545 hoc
748 2505 815 2558 eapite.

118 2560 161 2601 Vet.
171 2561 221 2602 Test.
232 2562 257 2601 ad
265 2561 316 2602 hunc
324 2562 392 2602 locum.
482 2560 558 2601 Neutro
567 2561 596 2601 bie
605 2560 684 2613 ponitur
692 2561 713 2599 in
723 2560 732 2612 §
743 2569 761 2611 7.
786 2560 814 2600 Cf.

148 2629 177 2656 12.
193 2621 245 2666 ζῆλος
263 2619 290 2654 καὶ
308 2616 380 2672 φθόνος]
402 2621 456 2666 Ζῆλος
483 2616 521 2668 §9‚
536 2618 556 2654 τὸ
569 2618 593 2656 εἷς
606 2618 676 2654 θάνατον
687 2616 817 2666 ἅγονζῆλοο*

118 2671 231 2725 plerumque
243 2671 323 2712 inbono
334 2686 396 2722 sensu,
405 2686 453 2712 non·
482 2671 561 2723 et§14,
571 2675 648 2720 μυσαροῦ
657 2671 724 2718 ζήλους.
744 2669 817 2716 Contra

118 2739 217 2779 nunquam
231 2732 296 2767 autem
308 2727 329 2766 in
341 2728 392 2767 malo
405 2727 454 2767 uoci·
481 2731 546 2765 autem
561 2725 660 2765 masculini
675 2725 713 2764 tria
729 2726 817 2777 exempla

118 2780 177 2832 piar,
191 2788 211 2823 et
227 2782 279 2822 idem
295 2783 388 2835 signifieat
402 2783 454 2834 quod
481 2782 560 2833 praebet
576 2782 586 2832 ξ
599 2789 617 2830 5,
632 2793 711 2831 eamque
727 2780 816 2820 usitatio-

119 2838 188 2886 φθόνος,
212 2837 291 2877 Heriod.
312 2838 360 2890 Opp.
382 2842 402 2877 et
422 2837 453 2877 Di.
481 2850 522 2875 rem
538 2835 619 2880 formam
634 2835 693 2874 habes
708 2836 730 2887 ξς
741 2849 773 2885 43,
783 2846 815 2886 45.

122 2888 176 2944 [195,
186 2896 241 2942 Ζῆλος
254 2894 269 2931 δ’
283 2894 397 2944 ἀνθρώποισιν
411 2895 454 2941 ὀϊζυ-
482 2891 541 2931 Casus
551 2891 604 2940 recti,
614 2890 695 2935 articulo
709 2904 748 2929 non
760 2904 815 2943 prae-

118 2950 175 2996 ροῖσνν
191 2950 257 2987 ἅπασιν
275 2951 383 2989 Δυσκελαδος
405 2951 454 2987 ruri.
481 2945 784 2998 fixo,quatuorexemplallnbes
795 2946 816 2986 in
