2061 3403
209 171 247 215 xlii
378 172 599 216 RECENTIORUM
615 171 741 216 JUDICIA

238 289 367 347 Theophilus
387 293 458 334 autem
478 289 605 348 Raynaudus
625 289 648 332 in
667 287 825 332 Erotematibus
845 288 910 343 negat

209 358 328 415 Epistolam
343 359 369 402 ad
379 359 472 403 Mariam
481 359 593 417 Deiparam
608 375 651 402 esse
661 358 805 415 Ignatianam.
836 362 850 383 ‘¹
856 355 908 412 Epi-

210 434 224 455 “
234 429 311 472 stolam
328 431 422 483 tamen,”
440 429 517 486 inquit,
535 429 582 472 “ad
596 429 688 472 Mariam
706 427 852 471 Cassoboliten
866 440 909 469 esse

209 504 224 523 “
235 499 257 541 S.
269 499 351 556 Ignatii
364 500 444 543 foetum
456 500 579 556 genuinum,
592 504 651 542 extra
665 497 829 542 controversiam
840 512 895 554 pono
901 517 908 553 ,¹

209 568 333 626 “quiequid
357 569 484 613 eontrmium
508 569 569 626 pauci
593 569 678 625 quidam
703 568 791 612 Seetarii
813 566 907 611 effutive-

208 643 222 663 “
233 637 299 680 rintss’

93 711 198 754 Arbeilinus,
236 706 362 749 Eclmuudus
377 707 441 750 etiam
454 707 577 750 Albertiuus
595 707 676 751 Usserii
691 706 870 763 Responsiouibus
885 707 907 747 et

123 757 170 798 165⁵·

91 1183 177 1230 Dallaeus.

209 777 340 821 Hammontli
356 777 504 821 Dissertationi
520 777 606 820 minime
621 777 733 834 acquievit,
749 776 821 819 sedin
837 774 906 818 Libris

207 846 232 888 de
252 847 386 890 Euolraristia
407 846 482 890 Latine
500 846 561 890 editis
581 847 717 890 decretoriam
737 847 865 889 sententiam
883 844 906 887 in

206 915 257 958 haee
267 917 331 960 verba
344 915 445 972 protulit:
462 920 476 940 “
483 915 534 958 Non
548 915 669 971 negauerim
679 916 791 972 ignatium
801 914 906 972 Epistolas

206 990 220 1009 “
231 983 310 1041 aliquas
327 984 431 1041 scripsisse
436 1002 443 1036 3
459 983 496 1026 setl
513 984 530 1026 si
548 1000 598 1040 quas
615 984 704 1041 seripsit,
720 985 768 1028 illae
784 985 890 1041 perierunt
898 1001 904 1036 ς

206 1057 220 1076 “
231 1054 253 1093 01
264 1052 333 1108 plures
351 1052 402 1095 aliae
418 1052 457 1095 sub
472 1050 528 1094 illius
544 1052 628 1096 nomine
644 1053 698 1095 eirea
711 1053 806 1096 medium
821 1051 905 1095 seeundi

207 1126 221 1146 “
231 1122 308 1164 saeouli
324 1121 450 1177 compositae
466 1124 522 1174 sunt,
539 1137 563 1164 ae
576 1121 660 1165 incaute
678 1126 700 1166 et
713 1123 792 1179 absque
811 1121 905 1165 examine

207 1196 221 1215 “
231 1206 243 1232 a
255 1191 367 1233 Veteribus
382 1190 498 1246 1'eeeptae.”
527 1191 557 1233 Et
573 1191 645 1234 eodem
660 1207 715 1234 anno
732 1192 839 1234 Johanues
853 1191 904 1233 Dal-

204 1260 269 1322 laeus,
285 1260 338 1303 libro
356 1260 381 1302 de
397 1259 486 1317 Jejunlis
502 1262 523 1302 et
540 1260 706 1317 Quadi-agesimo
723 1262 795 1314 tertio,
812 1262 903 1317 (Dauen-

204 1329 264 1381 triae,
282 1331 345 1386 1654)
369 1329 468 1372 “Totum
484 1329 524 1372 1100
540 1330 596 1386 quod
612 1330 694 1387 Ignatii
714 1330 800 1374 nomine
816 1331 903 1373 01101111-

204 1399 448 1455 α1011111111111011111111
462 1414 514 1455 opus
529 1400 686 1456 supposititium
700 1415 752 1452 esse,
763 1399 902 1443 sanetissimo-

204 1474 218 1493 “
228 1483 268 1524 que
279 1468 372 1525 Martyri
386 1484 429 1511 uon
442 1467 514 1524 paneis
526 1473 574 1524 post
584 1469 627 1525 ejus
640 1472 731 1511 mortem
743 1468 804 1510 annis
817 1469 870 1511 falso
878 1462 904 1510 et

204 1544 264 1594 “per
281 1538 376 1581 fraudem
396 1537 525 1594 adscriptum
542 1538 612 1591 fuisse,
630 1541 675 1580 tam
693 1537 825 1580 evidentibus
844 1541 904 1594 patet

203 1613 216 1633 “
227 1607 365 1660 doeumentis,
373 1610 398 1650 111
408 1607 485 1649 mirum
496 1607 530 1659 sit,
538 1608 592 1650 hane
602 1607 741 1664 imposturam
751 1606 846 1650 homines
856 1623 902 1649 eru-

203 1683 217 1703 “
228 1676 343 1719 ditissimos
352 1680 398 1719 tam
408 1677 444 1719 diu
457 1677 521 1719 latere
535 1677 628 1733 potuisse
634 1677 656 1729 ;'’
672 1679 693 1719 et
703 1677 729 1719 de
740 1677 782 1718 Sex
792 1676 841 1729 illis,
852 1692 902 1733 quas

203 1746 301 1789 Usserius
319 1746 386 1789 voluit
402 1762 445 1800 esse
460 1761 508 1789 vere
528 1746 658 1803 Ignatiauas,
675 1746 739 1789 “Sed
756 1746 813 1803 quod
829 1746 903 1802 magni

160 1841 161 1846 =
203 1815 275 1858 “Viri
290 1830 340 1872 paee
358 1815 438 1857 dietum
453 1815 488 1867 sit,
503 1831 529 1858 ne
542 1815 594 1857 istae
608 1816 699 1872 quidem,
715 1831 767 1872 quas
780 1815 815 1858 ille
833 1815 901 1871 publi-

87 2038 170 2079 Marinus,

112 2083 160 2125 1655.

85 2454 184 2495 Boelrartus,

91 2515 93 2518 ·
110 2498 158 2540 1663.

203 1892 217 1911 “
228 1884 291 1937 eavit,
302 1901 315 1927 a
324 1884 405 1926 meliori
415 1900 478 1941 quam
488 1888 579 1927 caeterae
589 1900 653 1928 manu
663 1900 706 1927 esse
716 1885 838 1928 videntur.”

232 1954 323 1997 Interim
334 1956 405 1996 tamen
422 1969 465 1996 uon
481 1957 513 1996 est
529 1953 675 2006 omittendum,
690 1955 782 1997 nobilem
799 1954 822 1996 iu
834 1955 900 1996 Theo-

202 2023 510 2080 101110111101111,1011111011
525 2023 640 2076 Morinum,
655 2023 736 2066 collatis
751 2023 838 2067 (liversis
849 2023 900 2066 Edi-

202 2092 296 2135 tionibus
306 2108 332 2135 ex
342 2092 468 2148 Augustano
478 2094 500 2134 et
510 2091 630 2134 Florentino
641 2092 753 2135 0011101110
764 2092 899 2148 depromptis,

201 2163 224 2205 iu
235 2162 298 2205 aliam
312 2162 373 2218 plane
384 2161 487 2204 diversam
500 2161 630 2216 maximeque
644 2161 762 2203 mirandam
774 2163 900 2204 sententiam

200 2231 304 2274 incidisse.
330 2236 344 2256 “
351 2230 468 2287 Antiqua,”
479 2230 555 2287 inquit,
566 2236 580 2256 “
587 2230 748 2286 Ignatianarum
757 2230 899 2286 Epistolarum

200 2300 297 2344 “Editio
312 2300 430 2357 genuinum
443 2303 525 2342 textum
538 2299 597 2342 nobis
613 2299 704 2351 exhibet,
715 2315 771 2342 nova
780 2315 829 2344 vero
840 2317 898 2344 man-

200 2378 214 2397 “
225 2386 274 2414 eum
284 2374 306 2413 et
313 2369 485 2425 interpolatum.”
500 2370 541 2427 [De
550 2370 571 2411 S.
578 2370 657 2412 Eeeles.
666 2369 740 2411 Ordin.
749 2370 773 2411 P.
781 2370 819 2412 ΙΙΙ
825 2371 848 2413 111
857 2373 898 2430 11.]
932 2424 933 2427 Ἴ

229 2441 314 2483 Samuel
334 2442 405 2482 autem
425 2439 548 2492 Boehartus,
565 2439 598 2481 uir
617 2438 757 2491 doctissimus,
773 2439 796 2481 in
815 2439 898 2497 ingenti

199 2525 266 2567 opere,
278 2508 409 2561 Hieromieo,
420 2508 537 2564 Epistolam
552 2508 578 2550 ad
593 2508 705 2560 Romanos,
718 2508 808 2551 Eusebio
823 2510 897 2564 visam,

197 2580 315 2636 probatam,
326 2582 388 2634 atque
404 2578 532 2629 defloratam,
543 2593 585 2620 nou
595 2581 644 2620 ante
658 2577 795 2620 Constantini
805 2578 896 2636 Impera-

197 2650 249 2693 toris
259 2665 334 2693 aevum
344 2649 445 2704 seriptum
454 2647 524 2699 fuisse,
535 2662 623 2690 asserere
633 2662 675 2689 non
685 2647 798 2690 dubitavit.

165 2765 169 2780 ,
226 2720 320 2762 Tandem
331 2720 345 2761 J
346 2720 438 2762 ohannes
449 2717 554 2770 Dallaeus‚
561 2717 678 2772 Theologus
688 2732 699 2759 e
710 2717 780 2759 Gallia
791 2717 896 2762 0010110111-

145 2810 148 2817 ·
197 2806 252 2842 mus,
262 2788 398 2845 plurimisque
408 2788 431 2831 iu
441 2788 480 2830 hoe
490 2786 612 2842 praesertim
622 2801 698 2843 genere
708 2788 896 2832 controversiarum

197 2858 307 2901 elaboratis
325 2857 421 2915 operibus
437 2856 566 2908 notissimus,
580 2871 623 2897 non
638 2859 749 2898 contentus
764 2856 790 2899 iis
803 2873 855 2913 quae
870 2860 895 2902 (le

197 2928 308 2971 manifesta
323 2928 439 2983 impostura
454 2925 528 2977 obiter,
539 2925 591 2968 libro
603 2925 627 2968 tle
638 2926 652 2967 J
654 2925 736 2982 ejuniis,
747 2932 862 2981 monuerat,
874 2933 895 2971 et
