2017 3420
229 204 271 249 122
467 205 564 250 INDEX
579 204 751 259 VRRBORUM

232 315 325 366 ’Υμέτερος
353 317 596 369 διδτήνὺμετέρανάφροσό-
653 319 694 358 θεῖν
717 319 743 358 καί
757 318 859 367 ὑπεξῆλθεν.
879 317 935 358 Mart.
955 315 992 357 Po·

260 385 295 418 νην.
311 369 370 410 Olem.
389 371 400 410 Ι
416 380 448 422 47.
475 375 543 424 πέμψαι
561 374 599 412 τινὰ
645 373 688 426 'lya
699 383 718 423 5.

259 429 293 463 τῶν
310 427 399 478 ὑμετέρων.
419 426 597 480 Ign.Smyr11.11.
626 428 790 479 ’Υπερπγάλλεσθαπ
835 429 993 479 ὑπεραγαλλόμενος

215 514 216 517 ,
260 482 290 528 τῆς
305 482 386 532 ὑμετέρας
401 484 465 521 ἐκτῶν
478 484 524 531 ήλων
538 484 598 534 ἀσφα-
631 509 638 522 ,-
654 484 770 534 άπφαλίζαμαι
780 485 830 532 ὑμᾶς.
839 482 882 535 Ign.
891 480 964 522 Philad.
973 490 992 531 5.

260 536 311 576 λείας.
323 536 380 576 Mart.
392 537 455 589 Polyc.
469 550 498 588 13.
626 539 725 589 Ὕπεράγαν.
743 538 753 587 ἡ
762 538 898 586 νουθέτησις...
907 537 993 588 ὑπεράγαν

233 590 303 638 Ὑρνεῖν.
327 592 431 640 ὑμνήσαντες
440 594 469 632 τδν
477 596 524 632 Θεάν.
539 592 598 632 Mart.
655 593 745 644 ὠφέλιμος.
757 592 819 633 Olem.
827 593 839 632 I
848 593 881 642 56.

261 644 332 697 Ign.7.
627 648 769 699 Ὑπερασπισμός.
798 649 927 699 ὑπερασπισμός
944 648 994 684 ε’στιν

233 700 317 751 Ὓπάγειν,
346 699 391 740 οἶδεν
399 704 433 753 γάρ
444 735 447 741 .
457 735 460 742 .
470 732 474 741 .
484 707 518 745 ποῦ
530 705 598 754 ὑπάγει.
654 707 689 743 ταῖς
701 703 827 752 παιδευομένοις
840 704 873 742 ὑπὸ
886 706 915 742 τοῦ
925 701 995 740 Δεσπόέ

262 755 305 807 Ign.
316 755 388 796 Philad.
401 766 419 808 7.
654 774 688 797 που.
699 757 758 798 Olem.
767 758 779 798 I
789 758 822 807 56.

234 811 311 860 ΙΥπακοή.
337 811 600 862 Ἐνὼχ,όςε’νὺπακοήδίκαιας
627 812 767 864 ’Υπερασπιστήα
786 812 994 863 ὁὟφιστοςὺπέρμαχος

261 867 338 916 εὑρεθείς.
349 865 409 906 Olem.
420 866 432 905 I
443 880 459 917 9.
479 867 556 919 Ἀβραὰμ
655 870 681 906 καὶ
695 867 824 919 ὑπερασπιατής
839 868 891 907 ἔστιν,
906 865 965 906 Olem.
982 865 992 904 Ι

262 920 283 958 δι’
293 923 365 970 ὑπακοῆς
376 923 452 970 ἐξῆλθεν.
466 935 495 961 10.
524 924 599 962 δι’ὑπα-
656 932 687 972 45.

261 979 300 1024 κοής
312 976 429 1026 προσήνεγκεν
437 979 488 1016 αὑτὸν
497 979 561 1017 θυσίαν.
572 977 598 1017 ib.
627 977 746 1028 Ὑπερβαίνειν.
766 979 798 1016 τὰς
805 976 886 1026 ἡμετέρας
893 976 993 1022 σπουδάζων

261 1032 281 1068 τδ
291 1032 359 1071 ὑποδεές
369 1033 397 1069 διδ
406 1034 436 1080 τῆς
444 1034 521 1081 ὑπακοῆς.
535 1046 563 1083 19.
655 1033 736 1080 διατάξεις
750 1033 863 1083 ὑπερβαίνειν.
877 1031 934 1071 Mart.
948 1030 991 1082 Igu.

207 1107 209 1111 ·
234 1085 335 1125 Ὗπακοάειν.
359 1088 386 1124 καὶ
396 1089 412 1125 οἱ
422 1087 544 1127 ὑπακούσαντες
553 1089 599 1126 ε’σῶ-
621 1086 623 1091 ’
657 1100 673 1127 2.

262 1140 320 1188 θησαν.
338 1140 449 1192 Olem.I7.
478 1143 601 1192 ὑπακοόσωμεν
627 1142 753 1193 ’Υπερβάλλειν
773 1140 994 1191 ταῖς..ὑπερβαλλοιίσαις

260 1198 307 1243 τῇ..
317 1225 321 1234 .
331 1196 417 1244 βουλήσει
426 1198 484 1236 αὐτοῦ.
500 1211 518 1248 9.
546 1199 571 1237 εἰς
579 1199 600 1235 τδ
655 1199 705 1235 αὑτοῦ
719 1198 789 1247 δωρεαῖς
802 1199 833 1245 τής
846 1196 916 1246 εἰρήνης.
930 1194 992 1235 Olem.

261 1250 349 1289 ὑπακούειν
357 1252 401 1300 ὑμᾶς
409 1255 434 1302 τῷ
448 1254 539 1304 ε’πισκόπιρ.
555 1253 599 1305 Ign.
655 1251 667 1291 I
681 1264 710 1301 19.
743 1255 781 1291 ταῖς
799 1250 948 1302 ὑπερβαλλούσαις
965 1251 994 1288 καὶ

261 1303 310 1356 Eph.
331 1319 360 1346 20.
390 1307 456 1356 χαίρων
473 1308 601 1358 κατεπείγουσιν
655 1308 728 1353 ἐνδόξοις
738 1308 809 1357 δωρεαῖς
818 1308 876 1345 αὑτοῦ.
887 1318 919 1355 23.
939 1307 992 1355 ὑπερ-

262 1360 361 1409 ὑπήκουσεν.
374 1360 433 1401 Mart.
444 1362 485 1414 Igu.
497 1371 514 1411 5.
525 1376 530 1387 ⁴
655 1363 726 1407 βαλλων
734 1363 753 1398 τὸ
762 1364 802 1411 φῶς
816 1363 867 1399 αὑτοῦ
879 1361 921 1411 ὑπὲρ
931 1362 992 1399 πάντα.

234 1414 347 1465 Ὕπαλείφειν.
377 1417 408 1466 ὑφ’
418 1418 464 1464 ὑμῶν
477 1418 601 1467 ὑπολειφθῆναι
655 1415 801 1468 Ign Eph.19.

262 1469 323 1510 πίστει,
335 1470 377 1523 Ign.
389 1470 438 1523 Eph.
448 1485 465 1521 3.
628 1471 760 1522 Ὑπερδαξάζειν.
780 1471 913 1521 Ἀποδεχόμενός
923 1485 955 1508 σον
962 1470 994 1517 τήν

234 1524 320 1563 Ὑποντᾶν.
348 1529 385 1565 ταῖς
395 1527 492 1574 ἐκκλησίαις
504 1529 539 1565 ταῖς
548 1528 601 1565 ὑπαν-
656 1527 674 1564 ἐν
691 1530 728 1578 θεῷ
748 1528 823 1576 γνώμην,
838 1524 992 1575 ,..ὑπερδοξάζω.

262 1582 346 1627 τηαάοαις
364 1583 417 1633 αὐτῷ.
441 1581 499 1621 Mart.
518 1581 560 1634 Ign.
581 1593 600 1629 4.
656 1579 771 1633 Ign.Poly0.
786 1593 802 1619 1.

262 1634 326 1683 ὑπήντα
339 1638 384 1687 αὐτῷ
399 1639 409 1674 ὁ
423 1637 526 1687 εἷρήναρχος.
540 1636 600 1675 Mart.
628 1636 784 1686 Ὑπερεκπερισσῶς
799 1636 818 1673 δὲ
836 1635 883 1683 ἡμᾶς.
904 1633 963 1675 Glem.
981 1634 993 1673 I

263 1688 355 1741 Polyc.8.
657 1704 689 1730 20.

235 1744 329 1795 Ὑπόρχειν.
350 1747 600 1796 πρόσωπα...αὑθάδηὺπόρ-
628 1745 755 1795 ’Υπερεπαινείν
784 1744 995 1794 Ὀνήσιροςὺπερεπαινεῖ

262 1815 318 1848 χσντα.
335 1800 394 1840 olem.
409 1800 420 1839 I
431 1814 446 1841 1.
476 1802 494 1839 ἐν
507 1805 530 1852 τῷ
545 1803 601 1839 κανόνι
656 1803 702 1849 ὑμῶν
710 1801 740 1849 τήν
748 1797 832 1847 εὐταξίαν.
843 1799 884 1851 Ign.
894 1799 943 1851 Eph.
954 1800 972 1838 6.

262 1856 291 1902 τῆς
299 1856 384 1906 ὑποταγῆς
391 1857 507 1906 ὑπαρχούσας.
517 1855 542 1895 ib.
560 1857 600 1895 τοὺς
629 1856 754 1905 ’Υπερηφαυεῖν
782 1856 804 1891 ‘0
820 1854 850 1892 οὑν
864 1855 887 1902 μή
903 1855 994 1904 ἐρχόμενος

263 1909 282 1946 δέ
298 1911 410 1960 ηὲτεροκλινεῖς
432 1913 541 1962 ὑπάρχοντας.
568 1923 599 1949 11.
657 1910 828 1955 ἐπὶτδαὺτδ,οὑτος
840 1910 871 1958 ήδη
883 1911 991 1959 ὑπερηφανεῖ.

262 1967 292 2012 τῆς
305 1967 382 2014 γυναικὸς
393 1968 530 2016 ,ἔτερογνώμονος
545 1968 600 2015 ὑπαρ-
656 1965 699 2017 Ign.
712 1964 761 2017 Eph.
778 1974 796 2014 5.
824 1966 846 2002 τδ
860 1964 915 2013 δεσμά
928 1979 966 2011 μου,
981 1964 993 2001 δ

263 2019 367 2068 χοὺσης.ίί).
398 2020 484 2069 νοήσωμεν
492 2026 528 2060 πῶς
538 2022 600 2072 άόργη-
656 2023 688 2070 οὑχ
705 2019 854 2071 ὑπερηφανήσατε.
873 2018 947 2069 Smym.
961 2030 992 2057 10.

242 2111 243 2114 ,
263 2089 293 2113 τας
301 2075 377 2124 ὑπάρχει,
392 2088 424 2125 19.
451 2079 501 2113 τοῦτο
513 2076 602 2126 μονογενὲς
656 2076 726 2114 δούλους
735 2077 761 2113 καὶ
772 2074 835 2114 δοὺλας
846 2074 868 2122 μὴ
882 2073 992 2124 ὑπερηφάνει.

263 2129 344 2179 ὑπάρχον.
363 2138 395 2179 25.
432 2130 485 2181 Ἀγίου
507 2130 536 2169 οὑν
553 2131 602 2180 μερὶς
656 2129 748 2181 Polym.

263 2185 371 2234 ὑπάρχοντες.
393 2197 425 2234 3ο.
456 2188 533 2235 σκῆπτρα
550 2187 603 2223 αὑτοῦ
629 2186 747 2236 ’Υπερηφανίω
767 2183 991 2236 υὺκήλθενένκάμπῳ...

264 2240 294 2276 οὑκ
303 2239 321 2276 ἐν
329 2243 379 2289 μικρᾷ
394 2240 436 2287 δόξῃ
447 2241 556 2289 ὑπάρχουσιν.
567 2253 601 2289 32.
656 2240 775 2289 ὑπερηφανίας.
791 2238 853 2277 Olem.
868 2238 877 2276 I
889 2238 920 2278 16.
948 2239 992 2288 φεά-

264 2296 345 2344 στυγηταὶ
358 2298 382 2346 τῷ
397 2298 436 2346 θεῷ
449 2296 558 2345 ὑπάρχουσιν.
569 2303 602 2345 35.
656 2310 738 2345 γοντες..
748 2324 753 2334 .
762 2294 858 2342 βδελυκτήν
871 2294 992 2343 ὑπερηφανίαν,

264 2349 282 2386 ἐν
291 2350 345 2400 ἀγαθή
359 2349 458 2397 συνειδήσει
471 2351 554 2399 ὑπάρχων.
567 2362 601 2398 4Ι.
657 2363 689 2400 30.
716 2350 843 2399 ἀπορρίψαντες
852 2348 883 2397 ἀφ’
891 2350 965 2387 ἑαυτῶν.
974 2379 978 2388 .
987 2378 991 2387 .

265 2404 289 2443 εἷς
304 2405 344 2444 τοὺς
362 2406 473 2454 ἔτεροκλινεῖς
490 2405 601 2453 ὑπάρχοντας.
657 2406 777 2455 ὑπερηφανίαν.
789 2412 823 2453 35.

265 2466 296 2508 47.
333 2460 501 2510 Ἀπροσδεής...ὁ
515 2463 603 2507 Δεσπότης
629 2459 750 2510 Ὑπερήφανον
778 2460 797 2497 ἐν
806 2458 862 2509 ἀγάπη
874 2459 922 2496 οὐδὲν
930 2458 992 2507 ὑπερή-

264 2515 337 2564 ὑπάρχει
346 2519 379 2552 τῶν
389 2516 473 2554 ἁπάντων.
484 2523 514 2563 52.
542 2519 576 2552 τῶν
585 2516 604 2552 ἕν
657 2517 717 2564 φανον.
733 2513 793 2553 Glem.
810 2513 867 2563 149.
895 2513 994 2562 ἀποθέμεναι

264 2584 297 2606 τινι
310 2572 432 2619 παραπτώματι
445 2571 558 2619 ὑπαρχόντων.
569 2570 601 2618 56.
657 2571 687 2618 τήν
695 2600 698 2607 .
707 2600 710 2609 .
718 2600 722 2609 .
729 2569 839 2619 ὑπερήφανον
845 2568 960 2618 τήςγλώσσης

265 2624 400 2675 εὐλαβεστέρους
427 2625 470 2672 ἡμᾶς
492 2623 602 2673 ὑπάρχοντας.
658 2624 749 2663 αὐθάδειαν.
761 2633 793 2675 57.

266 2677 323 2718 Mart.
338 2679 402 2731 Polye.
419 2692 436 2718 2.
465 2681 481 2717 αἱ
496 2680 604 2729 πραδίδοντες
630 2679 738 2729 ’Υπέρμαχος
753 2675 994 2727 μὴείδάτεςότιὸὝφιστος

265 2734 316 2771 αὑτὸν
324 2736 379 2772 οἰκεῖοι
389 2737 470 2784 ὑπῆρχον.
482 2735 501 2772 ὑ.
658 2734 758 2783 ὑπέρροχος.
770 2732 832 2772 Olem.
843 2731 854 2771 I
864 2741 896 2781 45.

238 2788 338 2826 Ὑπατεὺειν.
366 2791 483 2828 ὑπατευόντων
500 2789 545 2838 παρὰ
561 2788 601 2826 Ῥω-
629 2789 718 2838 Ὕπεραχή.
740 2788 796 2836 ήκαθ
806 2788 891 2838 ὑπεροχήν
900 2787 992 2826 δοκοῦντας.

265 2843 325 2892 μαίοις.
335 2844 392 2884 Mart.
403 2845 447 2895 Igu.
458 2854 475 2895 7.
658 2843 716 2883 [δίαιτα.
726 2844 735 2881 l
746 2851 776 2893 57.

237 2899 342 2938 ’Υπεισιέναα
370 2905 405 2937 τῶν
415 2899 560 2947 δαιμόνωνὲλαιτυ
568 2900 601 2936 λα·
629 2899 734 2949 Ὕπέρτατος.
771 2897 902 2947 ε’νοπτριζόμεθα
919 2896 992 2944 τήν..

266 2956 361 3004 τρείαν...
372 2956 470 2994 ὑπεισιέναι.
486 2954 543 2993 Mart.
558 2955 600 3005 Igu.
658 2954 749 3004 ὑπερτάτην
766 2954 811 3003 άφιν
825 2954 882 2990 αὑτοῦ.
904 2949 962 2990 Glem.
982 2952 993 2990 Ι

267 3022 284 3047 2.
658 3010 689 3058 36.
709 3006 992 3058 αὑτδςθιρισεντῇὑπερτότηαὺ-

238 3064 374 3115 ιΥπεξέρχεσθαιΙ
397 3066 464 3104 ἔπειθον
473 3067 522 3103 αὑτὸν
531 3065 602 3112 ὑπεξελ-
658 3067 688 3102 τοῦ
697 3063 785 3111 βουλήσει.
797 3074 829 3110 40.
