<?xml version="1.0" encoding="UTF-8"?>
<!DOCTYPE html PUBLIC "-//W3C//DTD XHTML 1.0 Transitional//EN"
    "http://www.w3.org/TR/xhtml1/DTD/xhtml1-transitional.dtd">
<html xmlns="http://www.w3.org/1999/xhtml" xml:lang="en" lang="en">
 <head>
  <title>
</title>
<meta http-equiv="Content-Type" content="text/html;charset=utf-8" />
  <meta name='ocr-system' content='tesseract 3.04.00' />
  <meta name='ocr-capabilities' content='ocr_page ocr_carea ocr_par ocr_line ocrx_word'/>
</head>
<body>
  <div class='ocr_page' id='page_1' title='image "./MN41360ucmf_0/MN41360ucmf_0_0494.png"; bbox 0 0 2017 3420; ppageno 0'>
   <div class='ocr_carea' id='block_1_1' title="bbox 161 206 203 248">
    <p class='ocr_par' dir='ltr' id='par_1_1' title="bbox 161 206 203 248">
     <span class='ocr_line' id='line_1_1' title="bbox 161 206 203 248; baseline 0 -1"><span class='ocrx_word' id='word_1_1' title='bbox 161 206 203 248; x_wconf 72' lang='lat'>112</span> 
     </span>
    </p>
   </div>
   <div class='ocr_carea' id='block_1_2' title="bbox 158 318 528 419">
    <p class='ocr_par' dir='ltr' id='par_1_2' title="bbox 158 318 528 419">
     <span class='ocr_line' id='line_1_2' title="bbox 158 318 528 369; baseline 0.008 -15"><span class='ocrx_word' id='word_1_2' title='bbox 158 318 278 363; x_wconf 83' lang='grc' dir='ltr'>Σκεπάζεαθαι.</span> <span class='ocrx_word' id='word_1_3' title='bbox 305 318 332 356; x_wconf 83' lang='grc' dir='ltr'>ἵνα</span> <span class='ocrx_word' id='word_1_4' title='bbox 341 321 365 369; x_wconf 78' lang='grc' dir='ltr'>τῷ</span> <span class='ocrx_word' id='word_1_5' title='bbox 374 319 418 356; x_wconf 81' lang='grc' dir='ltr'>ε’λέει</span> <span class='ocrx_word' id='word_1_6' title='bbox 427 320 479 356; x_wconf 76' lang='grc' dir='ltr'>αὐτοῦ</span> <span class='ocrx_word' id='word_1_7' title='bbox 489 335 528 357; x_wconf 85' lang='grc' dir='ltr'>σκε-</span> 
     </span>
     <span class='ocr_line' id='line_1_3' title="bbox 158 371 419 419; baseline 0.011 -11"><span class='ocrx_word' id='word_1_8' title='bbox 158 407 160 416; x_wconf 64' lang='lat'>.</span> <span class='ocrx_word' id='word_1_9' title='bbox 184 372 282 419; x_wconf 75' lang='grc' dir='ltr'>πεισθῶμεν.</span> <span class='ocrx_word' id='word_1_10' title='bbox 294 371 354 410; x_wconf 78' lang='lat' dir='ltr'>Olem.</span> <span class='ocrx_word' id='word_1_11' title='bbox 366 372 376 410; x_wconf 87' lang='lat' dir='ltr'>I</span> <span class='ocrx_word' id='word_1_12' title='bbox 387 375 419 411; x_wconf 86' lang='lat'>28.</span> 
     </span>
    </p>
   </div>
   <div class='ocr_carea' id='block_1_3' title="bbox 105 427 527 475">
    <p class='ocr_par' dir='ltr' id='par_1_3' title="bbox 105 427 527 475">
     <span class='ocr_line' id='line_1_4' title="bbox 105 427 527 475; baseline 0.009 -13"><span class='ocrx_word' id='word_1_13' title='bbox 105 441 107 447; x_wconf 67' lang='lat'><strong>⁴</strong></span> <span class='ocrx_word' id='word_1_14' title='bbox 158 429 224 464; x_wconf 82' lang='grc' dir='ltr'>Σκεῦας.</span> <span class='ocrx_word' id='word_1_15' title='bbox 254 429 264 463; x_wconf 90' lang='grc' dir='ltr'>ὁ</span> <span class='ocrx_word' id='word_1_16' title='bbox 275 427 362 475; x_wconf 73' lang='grc' dir='ltr'>κεραμεὺς,</span> <span class='ocrx_word' id='word_1_17' title='bbox 372 428 401 471; x_wconf 80' lang='grc' dir='ltr'>ἐὰν</span> <span class='ocrx_word' id='word_1_18' title='bbox 409 430 449 475; x_wconf 79' lang='grc' dir='ltr'>ποιῇ</span> <span class='ocrx_word' id='word_1_19' title='bbox 462 431 527 466; x_wconf 80' lang='grc' dir='ltr'>σκεῦος.</span> 
     </span>
    </p>
   </div>
   <div class='ocr_carea' id='block_1_4' title="bbox 158 478 533 3074">
    <p class='ocr_par' dir='ltr' id='par_1_4' title="bbox 185 478 310 519">
     <span class='ocr_line' id='line_1_5' title="bbox 185 478 310 519; baseline 0 -1"><span class='ocrx_word' id='word_1_20' title='bbox 185 478 245 519; x_wconf 81' lang='lat' dir='ltr'>Olem.</span> <span class='ocrx_word' id='word_1_21' title='bbox 256 479 310 518; x_wconf 79' lang='lat'>118.</span> 
     </span>
    </p>

    <p class='ocr_par' dir='ltr' id='par_1_5' title="bbox 158 533 528 746">
     <span class='ocr_line' id='line_1_6' title="bbox 158 533 526 584; baseline 0.008 -14"><span class='ocrx_word' id='word_1_22' title='bbox 158 533 216 581; x_wconf 74' lang='grc' dir='ltr'>Σκηνῆ.</span> <span class='ocrx_word' id='word_1_23' title='bbox 251 535 283 582; x_wconf 75' lang='grc' dir='ltr'>τὴν</span> <span class='ocrx_word' id='word_1_24' title='bbox 302 536 364 583; x_wconf 78' lang='grc' dir='ltr'>σκηνὴν</span> <span class='ocrx_word' id='word_1_25' title='bbox 381 538 411 572; x_wconf 78' lang='grc' dir='ltr'>τοῦ</span> <span class='ocrx_word' id='word_1_26' title='bbox 430 533 526 584; x_wconf 77' lang='grc' dir='ltr'>μαρτυρίου,</span> 
     </span>
     <span class='ocr_line' id='line_1_7' title="bbox 185 587 526 638; baseline -0.003 -11"><span class='ocrx_word' id='word_1_27' title='bbox 185 587 245 627; x_wconf 78' lang='lat' dir='ltr'>Olem.</span> <span class='ocrx_word' id='word_1_28' title='bbox 257 587 268 627; x_wconf 83' lang='lat' dir='ltr'>I</span> <span class='ocrx_word' id='word_1_29' title='bbox 279 602 312 638; x_wconf 83' lang='lat'>43.</span> <span class='ocrx_word' id='word_1_30' title='bbox 341 589 410 628; x_wconf 76' lang='grc' dir='ltr'>κλείσας</span> <span class='ocrx_word' id='word_1_31' title='bbox 421 590 451 636; x_wconf 79' lang='grc' dir='ltr'>τὴν</span> <span class='ocrx_word' id='word_1_32' title='bbox 460 589 526 636; x_wconf 78' lang='grc' dir='ltr'>σκηνὴν,</span> 
     </span>
     <span class='ocr_line' id='line_1_8' title="bbox 185 641 528 693; baseline 0 -14"><span class='ocrx_word' id='word_1_33' title='bbox 185 643 294 693; x_wconf 75' lang='grc' dir='ltr'>ἐσφράγισεν</span> <span class='ocrx_word' id='word_1_34' title='bbox 303 645 333 691; x_wconf 83' lang='grc' dir='ltr'>τὰς</span> <span class='ocrx_word' id='word_1_35' title='bbox 342 644 413 681; x_wconf 85' lang='grc' dir='ltr'>κλεῖδας.</span> <span class='ocrx_word' id='word_1_36' title='bbox 421 641 447 681; x_wconf 77' lang='lat' dir='ltr'>ib.</span> <span class='ocrx_word' id='word_1_37' title='bbox 463 643 528 691; x_wconf 73' lang='grc' dir='ltr'>ἤνοιξεν</span> 
     </span>
     <span class='ocr_line' id='line_1_9' title="bbox 185 696 471 746; baseline 0 -12"><span class='ocrx_word' id='word_1_38' title='bbox 185 698 215 745; x_wconf 82' lang='grc' dir='ltr'>τὴν</span> <span class='ocrx_word' id='word_1_39' title='bbox 224 698 288 745; x_wconf 82' lang='grc' dir='ltr'>σκηνὴν</span> <span class='ocrx_word' id='word_1_40' title='bbox 296 701 327 735; x_wconf 78' lang='grc' dir='ltr'>τοῦ</span> <span class='ocrx_word' id='word_1_41' title='bbox 336 699 434 746; x_wconf 90' lang='grc' dir='ltr'>μαρτυρίου.</span> <span class='ocrx_word' id='word_1_42' title='bbox 445 696 471 735; x_wconf 80' lang='lat' dir='ltr'>ib.</span> 
     </span>
    </p>

    <p class='ocr_par' dir='ltr' id='par_1_6' title="bbox 159 753 529 963">
     <span class='ocr_line' id='line_1_10' title="bbox 159 753 529 801; baseline 0 -13"><span class='ocrx_word' id='word_1_43' title='bbox 159 754 250 801; x_wconf 78' lang='grc' dir='ltr'>Σκῆπτρον.</span> <span class='ocrx_word' id='word_1_44' title='bbox 279 753 303 788; x_wconf 81' lang='grc' dir='ltr'>Τό</span> <span class='ocrx_word' id='word_1_45' title='bbox 316 754 403 800; x_wconf 78' lang='grc' dir='ltr'>σκῆπτρον</span> <span class='ocrx_word' id='word_1_46' title='bbox 411 754 441 799; x_wconf 82' lang='grc' dir='ltr'>τῆς</span> <span class='ocrx_word' id='word_1_47' title='bbox 451 753 529 800; x_wconf 87' lang='grc' dir='ltr'>μεγαλω-</span> 
     </span>
     <span class='ocr_line' id='line_1_11' title="bbox 187 805 529 853; baseline -0.006 -10"><span class='ocrx_word' id='word_1_48' title='bbox 187 805 239 853; x_wconf 78' lang='grc' dir='ltr'>σύνης</span> <span class='ocrx_word' id='word_1_49' title='bbox 250 809 281 843; x_wconf 85' lang='grc' dir='ltr'>τοῦ</span> <span class='ocrx_word' id='word_1_50' title='bbox 291 809 341 844; x_wconf 76' lang='grc' dir='ltr'>θεοῦ.</span> <span class='ocrx_word' id='word_1_51' title='bbox 353 805 414 844; x_wconf 82' lang='lat' dir='ltr'>Olem.</span> <span class='ocrx_word' id='word_1_52' title='bbox 426 805 437 843; x_wconf 87' lang='lat' dir='ltr'>I</span> <span class='ocrx_word' id='word_1_53' title='bbox 449 805 479 843; x_wconf 88' lang='lat'>16.</span> <span class='ocrx_word' id='word_1_54' title='bbox 508 806 529 842; x_wconf 86' lang='grc' dir='ltr'>τὰ</span> 
     </span>
     <span class='ocr_line' id='line_1_12' title="bbox 186 860 527 909; baseline 0 -13"><span class='ocrx_word' id='word_1_55' title='bbox 186 861 205 897; x_wconf 80' lang='grc' dir='ltr'>δὲ</span> <span class='ocrx_word' id='word_1_56' title='bbox 213 861 267 898; x_wconf 82' lang='grc' dir='ltr'>λαιπδ</span> <span class='ocrx_word' id='word_1_57' title='bbox 278 862 357 909; x_wconf 76' lang='grc' dir='ltr'>σκῆπτρα</span> <span class='ocrx_word' id='word_1_58' title='bbox 369 861 420 897; x_wconf 77' lang='grc' dir='ltr'>αὐτοῦ</span> <span class='ocrx_word' id='word_1_59' title='bbox 432 861 462 897; x_wconf 77' lang='grc' dir='ltr'>οὒκ</span> <span class='ocrx_word' id='word_1_60' title='bbox 474 860 492 896; x_wconf 82' lang='grc' dir='ltr'>ε’ν</span> <span class='ocrx_word' id='word_1_61' title='bbox 501 875 527 907; x_wconf 91' lang='grc' dir='ltr'>μι-</span> 
     </span>
     <span class='ocr_line' id='line_1_13' title="bbox 186 915 318 963; baseline 0 0"><span class='ocrx_word' id='word_1_62' title='bbox 186 917 218 963; x_wconf 63' lang='grc' dir='ltr'>1νί</span> <span class='ocrx_word' id='word_1_63' title='bbox 227 915 274 961; x_wconf 77' lang='grc' dir='ltr'>δόξα·</span> <span class='ocrx_word' id='word_1_64' title='bbox 286 926 318 963; x_wconf 80' lang='lat'>32=</span> 
     </span>
    </p>

    <p class='ocr_par' dir='ltr' id='par_1_7' title="bbox 159 968 528 1179">
     <span class='ocr_line' id='line_1_14' title="bbox 159 968 528 1018; baseline 0 -14"><span class='ocrx_word' id='word_1_65' title='bbox 159 968 263 1018; x_wconf 82' lang='grc' dir='ltr'>Σκληρόνειν.</span> <span class='ocrx_word' id='word_1_66' title='bbox 280 970 373 1017; x_wconf 82' lang='grc' dir='ltr'>σκληρῦναι</span> <span class='ocrx_word' id='word_1_67' title='bbox 382 968 412 1015; x_wconf 81' lang='grc' dir='ltr'>τὴν</span> <span class='ocrx_word' id='word_1_68' title='bbox 420 968 490 1016; x_wconf 74' lang='grc' dir='ltr'>’καρδίαν</span> <span class='ocrx_word' id='word_1_69' title='bbox 498 968 528 1011; x_wconf 78' lang='grc' dir='ltr'>αὖ·</span> 
     </span>
     <span class='ocr_line' id='line_1_15' title="bbox 185 1020 527 1071; baseline -0.003 -12"><span class='ocrx_word' id='word_1_70' title='bbox 185 1025 221 1065; x_wconf 77' lang='grc' dir='ltr'>τοῦ,</span> <span class='ocrx_word' id='word_1_71' title='bbox 228 1023 283 1060; x_wconf 82' lang='grc' dir='ltr'>καθὼς</span> <span class='ocrx_word' id='word_1_72' title='bbox 289 1021 400 1071; x_wconf 81' lang='grc' dir='ltr'>ε’σκληρόνθη.</span> <span class='ocrx_word' id='word_1_73' title='bbox 410 1020 470 1061; x_wconf 77' lang='lat' dir='ltr'>Olem.</span> <span class='ocrx_word' id='word_1_74' title='bbox 478 1021 489 1058; x_wconf 88' lang='lat' dir='ltr'>I</span> <span class='ocrx_word' id='word_1_75' title='bbox 496 1029 527 1070; x_wconf 84' lang='grc'>51.</span> 
     </span>
     <span class='ocr_line' id='line_1_16' title="bbox 185 1076 528 1124; baseline 0 -11"><span class='ocrx_word' id='word_1_76' title='bbox 185 1076 212 1113; x_wconf 82' lang='grc' dir='ltr'>διὰ</span> <span class='ocrx_word' id='word_1_77' title='bbox 221 1077 241 1113; x_wconf 85' lang='grc' dir='ltr'>τό</span> <span class='ocrx_word' id='word_1_78' title='bbox 251 1077 376 1124; x_wconf 75' lang='grc' dir='ltr'>σκληρυνθηναι</span> <span class='ocrx_word' id='word_1_79' title='bbox 385 1077 440 1113; x_wconf 79' lang='grc' dir='ltr'>αὐτῶν</span> <span class='ocrx_word' id='word_1_80' title='bbox 446 1077 476 1114; x_wconf 80' lang='grc' dir='ltr'>τὰς</span> <span class='ocrx_word' id='word_1_81' title='bbox 485 1076 528 1113; x_wconf 88' lang='grc' dir='ltr'>ἀσυ-</span> 
     </span>
     <span class='ocr_line' id='line_1_17' title="bbox 186 1129 363 1179; baseline -0.006 -11"><span class='ocrx_word' id='word_1_82' title='bbox 186 1131 243 1168; x_wconf 80' lang='grc' dir='ltr'>νέτους</span> <span class='ocrx_word' id='word_1_83' title='bbox 252 1131 325 1179; x_wconf 86' lang='grc' dir='ltr'>καρδίας.</span> <span class='ocrx_word' id='word_1_84' title='bbox 336 1129 363 1169; x_wconf 83' lang='lat' dir='ltr'>ib.</span> 
     </span>
    </p>

    <p class='ocr_par' dir='ltr' id='par_1_8' title="bbox 159 1185 529 1397">
     <span class='ocr_line' id='line_1_18' title="bbox 159 1185 529 1234; baseline 0.003 -13"><span class='ocrx_word' id='word_1_85' title='bbox 159 1186 235 1223; x_wconf 86' lang='grc' dir='ltr'>Σκυπεῖυ.</span> <span class='ocrx_word' id='word_1_86' title='bbox 270 1185 372 1234; x_wconf 85' lang='grc' dir='ltr'>ἀφειλουσιν</span> <span class='ocrx_word' id='word_1_87' title='bbox 390 1185 410 1221; x_wconf 86' lang='grc' dir='ltr'>τὸ</span> <span class='ocrx_word' id='word_1_88' title='bbox 428 1185 483 1221; x_wconf 84' lang='grc' dir='ltr'>κοινόν</span> <span class='ocrx_word' id='word_1_89' title='bbox 500 1186 529 1231; x_wconf 77' lang='grc' dir='ltr'>τῆς</span> 
     </span>
     <span class='ocr_line' id='line_1_19' title="bbox 186 1237 528 1286; baseline -0.003 -10"><span class='ocrx_word' id='word_1_90' title='bbox 186 1239 256 1277; x_wconf 78' lang='grc' dir='ltr'>ε’λπίδος</span> <span class='ocrx_word' id='word_1_91' title='bbox 268 1240 344 1276; x_wconf 82' lang='grc' dir='ltr'>σκοπεῖν.</span> <span class='ocrx_word' id='word_1_92' title='bbox 356 1237 416 1276; x_wconf 75' lang='lat' dir='ltr'>Glem.</span> <span class='ocrx_word' id='word_1_93' title='bbox 427 1238 477 1286; x_wconf 83' lang='lat'>151.</span> <span class='ocrx_word' id='word_1_94' title='bbox 506 1238 528 1285; x_wconf 76' lang='grc' dir='ltr'>μὴ</span> 
     </span>
     <span class='ocr_line' id='line_1_20' title="bbox 185 1291 527 1340; baseline -0.003 -10"><span class='ocrx_word' id='word_1_95' title='bbox 185 1294 237 1340; x_wconf 88' lang='grc' dir='ltr'>μόνον</span> <span class='ocrx_word' id='word_1_96' title='bbox 251 1296 355 1331; x_wconf 81' lang='grc' dir='ltr'>σκοποῦντες</span> <span class='ocrx_word' id='word_1_97' title='bbox 368 1293 387 1329; x_wconf 87' lang='grc' dir='ltr'>τδ</span> <span class='ocrx_word' id='word_1_98' title='bbox 401 1292 440 1329; x_wconf 83' lang='grc' dir='ltr'>καθ’</span> <span class='ocrx_word' id='word_1_99' title='bbox 454 1291 527 1330; x_wconf 81' lang='grc' dir='ltr'>ἑαυτοός.</span> 
     </span>
     <span class='ocr_line' id='line_1_21' title="bbox 187 1345 348 1397; baseline -0.006 -13"><span class='ocrx_word' id='word_1_100' title='bbox 187 1345 244 1385; x_wconf 76' lang='lat' dir='ltr'>Mart.</span> <span class='ocrx_word' id='word_1_101' title='bbox 256 1345 320 1397; x_wconf 81' lang='lat' dir='ltr'>Polyc.</span> <span class='ocrx_word' id='word_1_102' title='bbox 332 1358 348 1384; x_wconf 92' lang='lat'>1.</span> 
     </span>
    </p>

    <p class='ocr_par' dir='ltr' id='par_1_9' title="bbox 160 1400 530 1559">
     <span class='ocr_line' id='line_1_22' title="bbox 160 1400 530 1450; baseline -0.003 -12"><span class='ocrx_word' id='word_1_103' title='bbox 160 1402 228 1439; x_wconf 82' lang='grc' dir='ltr'>Σκοπός.</span> <span class='ocrx_word' id='word_1_104' title='bbox 264 1402 317 1439; x_wconf 84' lang='grc' dir='ltr'>τὸν..</span> <span class='ocrx_word' id='word_1_105' title='bbox 328 1400 473 1450; x_wconf 81' lang='grc' dir='ltr'>,παραδεδομένον</span> <span class='ocrx_word' id='word_1_106' title='bbox 491 1400 530 1448; x_wconf 79' lang='grc' dir='ltr'>ἡμῖν</span> 
     </span>
     <span class='ocr_line' id='line_1_23' title="bbox 186 1453 501 1504; baseline 0 -12"><span class='ocrx_word' id='word_1_107' title='bbox 186 1457 215 1503; x_wconf 79' lang='grc' dir='ltr'>τῆς</span> <span class='ocrx_word' id='word_1_108' title='bbox 224 1454 290 1504; x_wconf 76' lang='grc' dir='ltr'>εἰρήνης</span> <span class='ocrx_word' id='word_1_109' title='bbox 299 1456 370 1493; x_wconf 87' lang='grc' dir='ltr'>σκοπόν.</span> <span class='ocrx_word' id='word_1_110' title='bbox 382 1453 441 1492; x_wconf 83' lang='lat' dir='ltr'>Olem.</span> <span class='ocrx_word' id='word_1_111' title='bbox 452 1454 461 1492; x_wconf 92' lang='lat' dir='ltr'>I</span> <span class='ocrx_word' id='word_1_112' title='bbox 471 1466 501 1504; x_wconf 91' lang='lat'>19.</span> 
     </span>
     <span class='ocr_line' id='line_1_24' title="bbox 160 1508 528 1559; baseline 0 -13"><span class='ocrx_word' id='word_1_113' title='bbox 160 1511 273 1558; x_wconf 87' lang='grc' dir='ltr'>Σκορπισμάς.</span> <span class='ocrx_word' id='word_1_114' title='bbox 293 1510 398 1558; x_wconf 81' lang='grc' dir='ltr'>σκορπισμοί</span> <span class='ocrx_word' id='word_1_115' title='bbox 407 1508 476 1546; x_wconf 77' lang='grc' dir='ltr'>ἀστέων.</span> <span class='ocrx_word' id='word_1_116' title='bbox 485 1508 528 1559; x_wconf 81' lang='lat' dir='ltr'>Igu.</span> 
     </span>
    </p>

    <p class='ocr_par' dir='ltr' id='par_1_10' title="bbox 186 1562 307 1611">
     <span class='ocr_line' id='line_1_25' title="bbox 186 1562 307 1611; baseline 0 -10"><span class='ocrx_word' id='word_1_117' title='bbox 186 1562 243 1601; x_wconf 84' lang='lat' dir='ltr'>Rom.</span> <span class='ocrx_word' id='word_1_118' title='bbox 256 1571 274 1611; x_wconf 88' lang='lat'>5.</span> <span class='ocrx_word' id='word_1_119' title='bbox 302 1576 307 1580; x_wconf 70' lang='grc'><strong><em>’</em></strong></span> 
     </span>
    </p>

    <p class='ocr_par' dir='ltr' id='par_1_11' title="bbox 159 1618 529 1772">
     <span class='ocr_line' id='line_1_26' title="bbox 159 1618 529 1666; baseline 0.003 -12"><span class='ocrx_word' id='word_1_120' title='bbox 159 1619 224 1656; x_wconf 81' lang='grc' dir='ltr'>Σκόπας.</span> <span class='ocrx_word' id='word_1_121' title='bbox 252 1618 356 1666; x_wconf 68' lang='grc' dir='ltr'>εἰσῆλθομεν</span> <span class='ocrx_word' id='word_1_122' title='bbox 365 1619 388 1656; x_wconf 88' lang='grc' dir='ltr'>εἰς</span> <span class='ocrx_word' id='word_1_123' title='bbox 397 1618 426 1654; x_wconf 81' lang='grc' dir='ltr'>τὸν</span> <span class='ocrx_word' id='word_1_124' title='bbox 435 1619 499 1665; x_wconf 85' lang='grc' dir='ltr'>κόσμον</span> <span class='ocrx_word' id='word_1_125' title='bbox 507 1618 529 1655; x_wconf 82' lang='grc' dir='ltr'>ὣς</span> 
     </span>
     <span class='ocr_line' id='line_1_27' title="bbox 186 1669 492 1720; baseline 0 -12"><span class='ocrx_word' id='word_1_126' title='bbox 186 1672 204 1708; x_wconf 92' lang='grc' dir='ltr'>ε’κ</span> <span class='ocrx_word' id='word_1_127' title='bbox 213 1674 251 1710; x_wconf 80' lang='grc' dir='ltr'>τοῦ,</span> <span class='ocrx_word' id='word_1_128' title='bbox 260 1703 264 1710; x_wconf 95' lang='grc'>.</span> <span class='ocrx_word' id='word_1_129' title='bbox 273 1673 358 1710; x_wconf 75' lang='grc' dir='ltr'>σκότους.</span> <span class='ocrx_word' id='word_1_130' title='bbox 369 1669 428 1710; x_wconf 69' lang='lat' dir='ltr'>Olem.</span> <span class='ocrx_word' id='word_1_131' title='bbox 439 1670 450 1708; x_wconf 87' lang='lat' dir='ltr'>I</span> <span class='ocrx_word' id='word_1_132' title='bbox 461 1673 492 1720; x_wconf 79' lang='grc'>38.</span> 
     </span>
     <span class='ocr_line' id='line_1_28' title="bbox 160 1724 529 1772; baseline -0.003 -10"><span class='ocrx_word' id='word_1_133' title='bbox 160 1729 238 1763; x_wconf 78' lang='grc' dir='ltr'>Σκοτοόν.</span> <span class='ocrx_word' id='word_1_134' title='bbox 266 1726 276 1772; x_wconf 79' lang='grc' dir='ltr'>ἡ</span> <span class='ocrx_word' id='word_1_135' title='bbox 287 1725 370 1764; x_wconf 74' lang='grc' dir='ltr'>ἀσύνετος</span> <span class='ocrx_word' id='word_1_136' title='bbox 384 1727 411 1762; x_wconf 82' lang='grc' dir='ltr'>καὶ</span> <span class='ocrx_word' id='word_1_137' title='bbox 424 1724 529 1772; x_wconf 74' lang='grc' dir='ltr'>ἐσκοτωμένη</span> 
     </span>
    </p>

    <p class='ocr_par' dir='ltr' id='par_1_12' title="bbox 187 1778 447 1827">
     <span class='ocr_line' id='line_1_29' title="bbox 187 1778 447 1827; baseline 0.004 -11"><span class='ocrx_word' id='word_1_138' title='bbox 187 1780 251 1817; x_wconf 81' lang='grc' dir='ltr'>διάνοια</span> <span class='ocrx_word' id='word_1_139' title='bbox 259 1779 312 1827; x_wconf 84' lang='grc' dir='ltr'>ἡμῶν.</span> <span class='ocrx_word' id='word_1_140' title='bbox 323 1778 405 1817; x_wconf 68' lang='grc' dir='ltr'>01611κῖ</span> <span class='ocrx_word' id='word_1_141' title='bbox 415 1780 447 1827; x_wconf 79' lang='grc'>36.</span> 
     </span>
    </p>

    <p class='ocr_par' dir='ltr' id='par_1_13' title="bbox 161 1834 530 1937">
     <span class='ocr_line' id='line_1_30' title="bbox 161 1834 530 1882; baseline 0.003 -12"><span class='ocrx_word' id='word_1_142' title='bbox 161 1834 234 1880; x_wconf 79' lang='grc' dir='ltr'>Σκάληξ.</span> <span class='ocrx_word' id='word_1_143' title='bbox 269 1836 366 1882; x_wconf 84' lang='grc' dir='ltr'>σηπομένης</span> <span class='ocrx_word' id='word_1_144' title='bbox 384 1834 402 1870; x_wconf 76' lang='grc' dir='ltr'>δὲ</span> <span class='ocrx_word' id='word_1_145' title='bbox 420 1836 450 1881; x_wconf 78' lang='grc' dir='ltr'>τῆς</span> <span class='ocrx_word' id='word_1_146' title='bbox 468 1834 530 1882; x_wconf 85' lang='grc' dir='ltr'>σαρκὸς</span> 
     </span>
     <span class='ocr_line' id='line_1_31' title="bbox 188 1886 519 1937; baseline 0 -13"><span class='ocrx_word' id='word_1_147' title='bbox 188 1889 258 1935; x_wconf 83' lang='grc' dir='ltr'>σκώληξ</span> <span class='ocrx_word' id='word_1_148' title='bbox 267 1904 293 1926; x_wconf 90' lang='grc' dir='ltr'>τις</span> <span class='ocrx_word' id='word_1_149' title='bbox 302 1891 384 1937; x_wconf 86' lang='grc' dir='ltr'>γεννᾶται.</span> <span class='ocrx_word' id='word_1_150' title='bbox 396 1886 456 1926; x_wconf 81' lang='lat' dir='ltr'>Olem.</span> <span class='ocrx_word' id='word_1_151' title='bbox 466 1886 477 1924; x_wconf 92' lang='lat' dir='ltr'>I</span> <span class='ocrx_word' id='word_1_152' title='bbox 487 1894 519 1934; x_wconf 85' lang='lat'>25.</span> 
     </span>
    </p>

    <p class='ocr_par' dir='ltr' id='par_1_14' title="bbox 162 1941 530 2045">
     <span class='ocr_line' id='line_1_32' title="bbox 162 1941 530 1992; baseline -0.003 -14"><span class='ocrx_word' id='word_1_153' title='bbox 162 1941 233 1991; x_wconf 78' lang='grc' dir='ltr'>Σμύρνη.</span> <span class='ocrx_word' id='word_1_154' title='bbox 248 1944 302 1988; x_wconf 84' lang='grc' dir='ltr'>σηκὸν</span> <span class='ocrx_word' id='word_1_155' title='bbox 311 1944 365 1992; x_wconf 78' lang='grc' dir='ltr'>ἐαυτῷ</span> <span class='ocrx_word' id='word_1_156' title='bbox 374 1944 419 1980; x_wconf 84' lang='grc' dir='ltr'>ποιεῖ</span> <span class='ocrx_word' id='word_1_157' title='bbox 430 1942 448 1978; x_wconf 83' lang='grc' dir='ltr'>ἐκ</span> <span class='ocrx_word' id='word_1_158' title='bbox 459 1943 530 1985; x_wconf 79' lang='grc' dir='ltr'>λιβάνου</span> 
     </span>
     <span class='ocr_line' id='line_1_33' title="bbox 188 1994 440 2045; baseline 0.004 -13"><span class='ocrx_word' id='word_1_159' title='bbox 188 1996 215 2032; x_wconf 83' lang='grc' dir='ltr'>καὶ</span> <span class='ocrx_word' id='word_1_160' title='bbox 224 1995 305 2045; x_wconf 81' lang='grc' dir='ltr'>σμύρνης,</span> <span class='ocrx_word' id='word_1_161' title='bbox 318 1994 378 2034; x_wconf 80' lang='lat' dir='ltr'>Olem.</span> <span class='ocrx_word' id='word_1_162' title='bbox 388 1995 397 2033; x_wconf 80' lang='grc' dir='ltr'>ἰ</span> <span class='ocrx_word' id='word_1_163' title='bbox 409 2003 440 2043; x_wconf 82' lang='lat'>25.</span> 
     </span>
    </p>

    <p class='ocr_par' dir='ltr' id='par_1_15' title="bbox 162 2049 532 2369">
     <span class='ocr_line' id='line_1_34' title="bbox 162 2049 530 2098; baseline 0.003 -12"><span class='ocrx_word' id='word_1_164' title='bbox 162 2049 223 2098; x_wconf 82' lang='grc' dir='ltr'>Σοφία.</span> <span class='ocrx_word' id='word_1_165' title='bbox 246 2050 286 2086; x_wconf 77' lang='grc' dir='ltr'>οὐδὲ</span> <span class='ocrx_word' id='word_1_166' title='bbox 295 2050 323 2086; x_wconf 85' lang='grc' dir='ltr'>διὰ</span> <span class='ocrx_word' id='word_1_167' title='bbox 332 2052 362 2097; x_wconf 81' lang='grc' dir='ltr'>της</span> <span class='ocrx_word' id='word_1_168' title='bbox 371 2049 451 2098; x_wconf 81' lang='grc' dir='ltr'>ἡμετέρας</span> <span class='ocrx_word' id='word_1_169' title='bbox 460 2049 530 2097; x_wconf 83' lang='grc' dir='ltr'>σοφίας.</span> 
     </span>
     <span class='ocr_line' id='line_1_35' title="bbox 189 2102 532 2151; baseline -0.006 -10"><span class='ocrx_word' id='word_1_170' title='bbox 189 2102 250 2142; x_wconf 78' lang='lat' dir='ltr'>Olem.</span> <span class='ocrx_word' id='word_1_171' title='bbox 270 2102 281 2140; x_wconf 87' lang='grc' dir='ltr'>Ι</span> <span class='ocrx_word' id='word_1_172' title='bbox 300 2115 333 2151; x_wconf 82' lang='lat'>32.</span> <span class='ocrx_word' id='word_1_173' title='bbox 372 2102 482 2141; x_wconf 81' lang='grc' dir='ltr'>ἐνδεικνόαθω</span> <span class='ocrx_word' id='word_1_174' title='bbox 502 2103 532 2149; x_wconf 78' lang='grc' dir='ltr'>τὴν</span> 
     </span>
     <span class='ocr_line' id='line_1_36' title="bbox 189 2155 532 2206; baseline -0.006 -11"><span class='ocrx_word' id='word_1_175' title='bbox 189 2158 255 2206; x_wconf 82' lang='grc' dir='ltr'>σοφίαν</span> <span class='ocrx_word' id='word_1_176' title='bbox 272 2158 331 2195; x_wconf 78' lang='grc' dir='ltr'>αὐτοῦ,</span> <span class='ocrx_word' id='word_1_177' title='bbox 351 2158 383 2205; x_wconf 80' lang='grc'>38.</span> <span class='ocrx_word' id='word_1_178' title='bbox 424 2155 482 2195; x_wconf 74' lang='grc' dir='ltr'>Οὕτως</span> <span class='ocrx_word' id='word_1_179' title='bbox 499 2157 532 2205; x_wconf 82' lang='grc' dir='ltr'>γὰρ</span> 
     </span>
     <span class='ocr_line' id='line_1_37' title="bbox 188 2211 531 2261; baseline -0.003 -13"><span class='ocrx_word' id='word_1_180' title='bbox 188 2212 236 2261; x_wconf 80' lang='grc' dir='ltr'>λέγει</span> <span class='ocrx_word' id='word_1_181' title='bbox 245 2211 255 2258; x_wconf 87' lang='grc' dir='ltr'><em>ἡ</em></span> <span class='ocrx_word' id='word_1_182' title='bbox 266 2212 361 2260; x_wconf 89' lang='grc' dir='ltr'>πανάρετος</span> <span class='ocrx_word' id='word_1_183' title='bbox 370 2211 431 2260; x_wconf 86' lang='grc' dir='ltr'>σοφία,</span> <span class='ocrx_word' id='word_1_184' title='bbox 442 2218 473 2259; x_wconf 86' lang='lat'>57.</span> <span class='ocrx_word' id='word_1_185' title='bbox 500 2224 531 2247; x_wconf 89' lang='grc' dir='ltr'>κα·</span> 
     </span>
     <span class='ocr_line' id='line_1_38' title="bbox 188 2265 532 2313; baseline -0.006 -10"><span class='ocrx_word' id='word_1_186' title='bbox 188 2265 314 2313; x_wconf 77' lang='grc' dir='ltr'>τακολουθῆσαι</span> <span class='ocrx_word' id='word_1_187' title='bbox 328 2269 349 2312; x_wconf 77' lang='grc' dir='ltr'>τῇ</span> <span class='ocrx_word' id='word_1_188' title='bbox 365 2266 420 2313; x_wconf 78' lang='grc' dir='ltr'>σοφίᾳ</span> <span class='ocrx_word' id='word_1_189' title='bbox 435 2268 465 2302; x_wconf 85' lang='grc' dir='ltr'>τοῦ</span> <span class='ocrx_word' id='word_1_190' title='bbox 478 2279 532 2311; x_wconf 90' lang='grc' dir='ltr'>μακα-</span> 
     </span>
     <span class='ocr_line' id='line_1_39' title="bbox 188 2317 504 2369; baseline -0.006 -12"><span class='ocrx_word' id='word_1_191' title='bbox 188 2321 233 2369; x_wconf 80' lang='grc' dir='ltr'>ρίου,</span> <span class='ocrx_word' id='word_1_192' title='bbox 242 2350 245 2358; x_wconf 94' lang='grc'>.</span> <span class='ocrx_word' id='word_1_193' title='bbox 254 2319 339 2358; x_wconf 76' lang='grc' dir='ltr'>,Παύλου</span> <span class='ocrx_word' id='word_1_194' title='bbox 350 2318 415 2369; x_wconf 80' lang='lat' dir='ltr'>Polyc.</span> <span class='ocrx_word' id='word_1_195' title='bbox 425 2317 473 2356; x_wconf 87' lang='lat' dir='ltr'>Phil.</span> <span class='ocrx_word' id='word_1_196' title='bbox 485 2331 504 2367; x_wconf 85' lang='lat'>3.</span> 
     </span>
    </p>

    <p class='ocr_par' dir='ltr' id='par_1_16' title="bbox 162 2371 533 2479">
     <span class='ocr_line' id='line_1_40' title="bbox 162 2371 533 2424; baseline -0.005 -13"><span class='ocrx_word' id='word_1_197' title='bbox 162 2375 247 2423; x_wconf 82' lang='grc' dir='ltr'>Σοφίζειν.</span> <span class='ocrx_word' id='word_1_198' title='bbox 275 2375 358 2424; x_wconf 82' lang='grc' dir='ltr'>Χριστὸν.</span> <span class='ocrx_word' id='word_1_199' title='bbox 367 2405 371 2412; x_wconf 89' lang='grc'>.</span> <span class='ocrx_word' id='word_1_200' title='bbox 379 2375 415 2412; x_wconf 78' lang='grc' dir='ltr'>,τὸν</span> <span class='ocrx_word' id='word_1_201' title='bbox 424 2371 477 2410; x_wconf 71' lang='grc' dir='ltr'>οὕτως</span> <span class='ocrx_word' id='word_1_202' title='bbox 490 2374 533 2420; x_wconf 80' lang='grc' dir='ltr'>ὑμᾶς</span> 
     </span>
     <span class='ocr_line' id='line_1_41' title="bbox 189 2426 464 2479; baseline -0.004 -14"><span class='ocrx_word' id='word_1_203' title='bbox 189 2429 294 2477; x_wconf 87' lang='grc' dir='ltr'>σοφίσαντα.</span> <span class='ocrx_word' id='word_1_204' title='bbox 305 2427 349 2479; x_wconf 78' lang='lat' dir='ltr'>Ign.</span> <span class='ocrx_word' id='word_1_205' title='bbox 361 2426 437 2478; x_wconf 71' lang='lat' dir='ltr'>Smyrn.</span> <span class='ocrx_word' id='word_1_206' title='bbox 450 2439 464 2464; x_wconf 85' lang='lat'>1.</span> 
     </span>
    </p>

    <p class='ocr_par' dir='ltr' id='par_1_17' title="bbox 162 2480 533 2694">
     <span class='ocr_line' id='line_1_42' title="bbox 162 2480 531 2531; baseline -0.005 -12"><span class='ocrx_word' id='word_1_207' title='bbox 162 2484 223 2531; x_wconf 84' lang='grc' dir='ltr'>Σοφός.</span> <span class='ocrx_word' id='word_1_208' title='bbox 251 2485 261 2519; x_wconf 87' lang='grc' dir='ltr'>ὁ</span> <span class='ocrx_word' id='word_1_209' title='bbox 273 2484 332 2531; x_wconf 83' lang='grc' dir='ltr'>σοφός</span> <span class='ocrx_word' id='word_1_210' title='bbox 341 2481 451 2520; x_wconf 80' lang='grc' dir='ltr'>ε’νδεικνύσθω</span> <span class='ocrx_word' id='word_1_211' title='bbox 460 2480 491 2528; x_wconf 81' lang='grc' dir='ltr'>τὴν</span> <span class='ocrx_word' id='word_1_212' title='bbox 501 2496 531 2518; x_wconf 91' lang='grc' dir='ltr'>σο-</span> 
     </span>
     <span class='ocr_line' id='line_1_43' title="bbox 188 2534 533 2586; baseline -0.009 -13"><span class='ocrx_word' id='word_1_213' title='bbox 188 2537 237 2586; x_wconf 87' lang='grc' dir='ltr'>φίαν.</span> <span class='ocrx_word' id='word_1_214' title='bbox 258 2534 318 2575; x_wconf 79' lang='lat' dir='ltr'>Olem.</span> <span class='ocrx_word' id='word_1_215' title='bbox 336 2537 345 2574; x_wconf 91' lang='lat' dir='ltr'>I</span> <span class='ocrx_word' id='word_1_216' title='bbox 363 2538 393 2585; x_wconf 73' lang='lat'>38.</span> <span class='ocrx_word' id='word_1_217' title='bbox 422 2538 456 2583; x_wconf 73' lang='grc' dir='ltr'>ἤτω</span> <span class='ocrx_word' id='word_1_218' title='bbox 475 2536 533 2583; x_wconf 82' lang='grc' dir='ltr'>σοφὸς</span> 
     </span>
     <span class='ocr_line' id='line_1_44' title="bbox 189 2589 531 2639; baseline -0.006 -12"><span class='ocrx_word' id='word_1_219' title='bbox 189 2592 207 2628; x_wconf 90' lang='grc' dir='ltr'>ε“ν</span> <span class='ocrx_word' id='word_1_220' title='bbox 217 2591 301 2639; x_wconf 87' lang='grc' dir='ltr'>διακρίσει</span> <span class='ocrx_word' id='word_1_221' title='bbox 314 2590 377 2639; x_wconf 89' lang='grc' dir='ltr'>λόγων.</span> <span class='ocrx_word' id='word_1_222' title='bbox 388 2589 420 2638; x_wconf 60' lang='lat'>248.</span> <span class='ocrx_word' id='word_1_223' title='bbox 447 2592 485 2626; x_wconf 83' lang='grc' dir='ltr'>Ποῦ</span> <span class='ocrx_word' id='word_1_224' title='bbox 500 2604 531 2625; x_wconf 89' lang='grc' dir='ltr'>σο-</span> 
     </span>
     <span class='ocr_line' id='line_1_45' title="bbox 188 2644 394 2694; baseline 0.005 -13"><span class='ocrx_word' id='word_1_225' title='bbox 188 2646 223 2694; x_wconf 83' lang='grc' dir='ltr'>φός</span> <span class='ocrx_word' id='word_1_226' title='bbox 229 2657 235 2693; x_wconf 75' lang='lat'>3</span> <span class='ocrx_word' id='word_1_227' title='bbox 250 2644 293 2694; x_wconf 84' lang='lat' dir='ltr'>Ign.</span> <span class='ocrx_word' id='word_1_228' title='bbox 305 2644 354 2694; x_wconf 87' lang='lat' dir='ltr'>Eph.</span> <span class='ocrx_word' id='word_1_229' title='bbox 364 2645 394 2682; x_wconf 83' lang='lat'>18.</span> 
     </span>
    </p>

    <p class='ocr_par' dir='ltr' id='par_1_18' title="bbox 162 2695 532 2910">
     <span class='ocr_line' id='line_1_46' title="bbox 162 2695 531 2748; baseline -0.003 -12"><span class='ocrx_word' id='word_1_230' title='bbox 162 2700 243 2748; x_wconf 81' lang='grc' dir='ltr'>Σπείρειν.</span> <span class='ocrx_word' id='word_1_231' title='bbox 268 2699 370 2746; x_wconf 71' lang='grc' dir='ltr'>Ἐξηλθενὸ</span> <span class='ocrx_word' id='word_1_232' title='bbox 380 2698 460 2747; x_wconf 86' lang='grc' dir='ltr'>σπείρων.</span> <span class='ocrx_word' id='word_1_233' title='bbox 471 2695 531 2735; x_wconf 77' lang='lat' dir='ltr'>Olem.</span> 
     </span>
     <span class='ocr_line' id='line_1_47' title="bbox 189 2752 532 2801; baseline 0.003 -11"><span class='ocrx_word' id='word_1_234' title='bbox 189 2752 200 2790; x_wconf 88' lang='lat' dir='ltr'>I</span> <span class='ocrx_word' id='word_1_235' title='bbox 211 2764 241 2800; x_wconf 83' lang='lat'>24.</span> <span class='ocrx_word' id='word_1_236' title='bbox 271 2753 300 2791; x_wconf 73' lang='grc' dir='ltr'>οὓς</span> <span class='ocrx_word' id='word_1_237' title='bbox 311 2753 342 2790; x_wconf 82' lang='grc' dir='ltr'>οἰκ</span> <span class='ocrx_word' id='word_1_238' title='bbox 353 2753 422 2790; x_wconf 81' lang='grc' dir='ltr'>εἰάσατε</span> <span class='ocrx_word' id='word_1_239' title='bbox 431 2755 500 2801; x_wconf 78' lang='grc' dir='ltr'>σπεῖραι</span> <span class='ocrx_word' id='word_1_240' title='bbox 509 2753 532 2791; x_wconf 86' lang='grc' dir='ltr'>εἰς</span> 
     </span>
     <span class='ocr_line' id='line_1_48' title="bbox 188 2805 532 2857; baseline -0.003 -13"><span class='ocrx_word' id='word_1_241' title='bbox 188 2809 236 2855; x_wconf 77' lang='grc' dir='ltr'>ὑμᾶς.</span> <span class='ocrx_word' id='word_1_242' title='bbox 252 2806 299 2857; x_wconf 84' lang='lat' dir='ltr'>Ign.</span> <span class='ocrx_word' id='word_1_243' title='bbox 315 2805 364 2857; x_wconf 77' lang='lat' dir='ltr'>Eph.</span> <span class='ocrx_word' id='word_1_244' title='bbox 381 2818 400 2856; x_wconf 91' lang='lat'>9.</span> <span class='ocrx_word' id='word_1_245' title='bbox 434 2807 458 2845; x_wconf 83' lang='grc' dir='ltr'>εἰς</span> <span class='ocrx_word' id='word_1_246' title='bbox 474 2807 493 2843; x_wconf 85' lang='grc' dir='ltr'>τδ</span> <span class='ocrx_word' id='word_1_247' title='bbox 509 2806 532 2853; x_wconf 80' lang='grc' dir='ltr'>μὴ</span> 
     </span>
     <span class='ocr_line' id='line_1_49' title="bbox 188 2859 499 2910; baseline -0.006 -11"><span class='ocrx_word' id='word_1_248' title='bbox 188 2861 318 2910; x_wconf 80' lang='grc' dir='ltr'>παραδέξασθαι</span> <span class='ocrx_word' id='word_1_249' title='bbox 326 2862 347 2898; x_wconf 76' lang='grc' dir='ltr'>τὸ</span> <span class='ocrx_word' id='word_1_250' title='bbox 357 2862 464 2910; x_wconf 87' lang='grc' dir='ltr'>σπειρόμενα.</span> <span class='ocrx_word' id='word_1_251' title='bbox 474 2859 499 2898; x_wconf 89' lang='lat' dir='ltr'>ib.</span> 
     </span>
    </p>

    <p class='ocr_par' dir='ltr' id='par_1_19' title="bbox 161 2913 532 3074">
     <span class='ocr_line' id='line_1_50' title="bbox 161 2913 530 2965; baseline 0.003 -14"><span class='ocrx_word' id='word_1_252' title='bbox 161 2915 235 2963; x_wconf 80' lang='grc' dir='ltr'>Σπέρμα.</span> <span class='ocrx_word' id='word_1_253' title='bbox 246 2915 347 2962; x_wconf 76' lang='grc' dir='ltr'>βληθέντων</span> <span class='ocrx_word' id='word_1_254' title='bbox 352 2916 460 2965; x_wconf 89' lang='grc' dir='ltr'>σπερμάτων.</span> <span class='ocrx_word' id='word_1_255' title='bbox 469 2913 530 2953; x_wconf 78' lang='lat' dir='ltr'>Olem.</span> 
     </span>
     <span class='ocr_line' id='line_1_51' title="bbox 189 2967 531 3019; baseline 0.003 -13"><span class='ocrx_word' id='word_1_256' title='bbox 189 2967 200 3006; x_wconf 91' lang='grc' dir='ltr'>Ι</span> <span class='ocrx_word' id='word_1_257' title='bbox 215 2980 247 3016; x_wconf 77' lang='lat'>24.</span> <span class='ocrx_word' id='word_1_258' title='bbox 281 2971 300 3007; x_wconf 80' lang='grc' dir='ltr'>ἐκ</span> <span class='ocrx_word' id='word_1_259' title='bbox 314 2970 412 3019; x_wconf 77' lang='grc' dir='ltr'>σπέρματος</span> <span class='ocrx_word' id='word_1_260' title='bbox 425 2969 456 3017; x_wconf 81' lang='grc' dir='ltr'>μὲν</span> <span class='ocrx_word' id='word_1_261' title='bbox 469 2967 531 3014; x_wconf 82' lang='grc' dir='ltr'>Δαβίδ.</span> 
     </span>
     <span class='ocr_line' id='line_1_52' title="bbox 189 3021 532 3074; baseline 0.003 -15"><span class='ocrx_word' id='word_1_262' title='bbox 189 3021 232 3073; x_wconf 81' lang='lat' dir='ltr'>Igu.</span> <span class='ocrx_word' id='word_1_263' title='bbox 254 3022 306 3074; x_wconf 80' lang='lat' dir='ltr'>Eph.</span> <span class='ocrx_word' id='word_1_264' title='bbox 324 3024 354 3061; x_wconf 86' lang='lat'>18.</span> <span class='ocrx_word' id='word_1_265' title='bbox 391 3026 422 3060; x_wconf 83' lang='grc' dir='ltr'>τοῦ</span> <span class='ocrx_word' id='word_1_266' title='bbox 442 3023 532 3072; x_wconf 79' lang='grc' dir='ltr'>γευομένου</span> 
     </span>
    </p>
   </div>
   <div class='ocr_carea' id='block_1_5' title="bbox 399 204 685 254">
    <p class='ocr_par' dir='ltr' id='par_1_20' title="bbox 399 204 685 254">
     <span class='ocr_line' id='line_1_53' title="bbox 399 204 685 254; baseline -0.003 -5"><span class='ocrx_word' id='word_1_267' title='bbox 399 206 497 249; x_wconf 84' lang='lat' dir='ltr'><strong>INDEX</strong></span> <span class='ocrx_word' id='word_1_268' title='bbox 512 204 685 254; x_wconf 77' lang='lat' dir='ltr'><strong>VERBORUM</strong></span> 
     </span>
    </p>
   </div>
   <div class='ocr_carea' id='block_1_6' title="bbox 555 317 925 801">
    <p class='ocr_par' dir='ltr' id='par_1_21' title="bbox 581 317 924 423">
     <span class='ocr_line' id='line_1_54' title="bbox 581 317 924 370; baseline -0.006 -13"><span class='ocrx_word' id='word_1_269' title='bbox 581 319 600 357; x_wconf 72' lang='grc' dir='ltr'>ἐν</span> <span class='ocrx_word' id='word_1_270' title='bbox 617 320 686 370; x_wconf 75' lang='grc' dir='ltr'>ὑστέρῳ</span> <span class='ocrx_word' id='word_1_271' title='bbox 709 319 727 356; x_wconf 77' lang='grc' dir='ltr'>ἐκ</span> <span class='ocrx_word' id='word_1_272' title='bbox 749 318 846 368; x_wconf 77' lang='grc' dir='ltr'>σπέρματος</span> <span class='ocrx_word' id='word_1_273' title='bbox 864 317 924 363; x_wconf 82' lang='grc' dir='ltr'>Δαβίδ.</span> 
     </span>
     <span class='ocr_line' id='line_1_55' title="bbox 581 372 668 423; baseline 0 -12"><span class='ocrx_word' id='word_1_274' title='bbox 581 372 637 412; x_wconf 88' lang='lat' dir='ltr'>Rom.</span> <span class='ocrx_word' id='word_1_275' title='bbox 650 381 668 423; x_wconf 83' lang='lat'>7.</span> 
     </span>
    </p>

    <p class='ocr_par' dir='ltr' id='par_1_22' title="bbox 555 426 925 801">
     <span class='ocr_line' id='line_1_56' title="bbox 555 426 923 475; baseline -0.003 -10"><span class='ocrx_word' id='word_1_276' title='bbox 555 427 638 466; x_wconf 79' lang='grc' dir='ltr'>Σπεόδειν.</span> <span class='ocrx_word' id='word_1_277' title='bbox 669 426 773 475; x_wconf 73' lang='grc' dir='ltr'>σπεύσωμεν</span> <span class='ocrx_word' id='word_1_278' title='bbox 784 428 826 474; x_wconf 76' lang='grc' dir='ltr'>μετὰ</span> <span class='ocrx_word' id='word_1_279' title='bbox 838 426 923 470; x_wconf 82' lang='grc' dir='ltr'>ἐκτενείας.</span> 
     </span>
     <span class='ocr_line' id='line_1_57' title="bbox 582 479 925 531; baseline -0.009 -11"><span class='ocrx_word' id='word_1_280' title='bbox 582 480 643 521; x_wconf 77' lang='lat' dir='ltr'>Olem.</span> <span class='ocrx_word' id='word_1_281' title='bbox 652 480 663 519; x_wconf 86' lang='grc' dir='ltr'><strong>Ι</strong></span> <span class='ocrx_word' id='word_1_282' title='bbox 671 492 704 531; x_wconf 85' lang='lat'>33.</span> <span class='ocrx_word' id='word_1_283' title='bbox 733 482 825 527; x_wconf 76' lang='grc' dir='ltr'>ἔσπευδε..</span> <span class='ocrx_word' id='word_1_284' title='bbox 836 510 852 520; x_wconf 89' lang='lat'>..</span> <span class='ocrx_word' id='word_1_285' title='bbox 862 479 925 518; x_wconf 84' lang='grc' dir='ltr'>,Πυλά-</span> 
     </span>
     <span class='ocr_line' id='line_1_58' title="bbox 582 533 924 585; baseline -0.006 -11"><span class='ocrx_word' id='word_1_286' title='bbox 582 536 776 585; x_wconf 86' lang='grc' dir='ltr'>καρπον...θεάσασθαι.</span> <span class='ocrx_word' id='word_1_287' title='bbox 784 533 841 573; x_wconf 70' lang='lat' dir='ltr'>Mart.</span> <span class='ocrx_word' id='word_1_288' title='bbox 852 533 895 585; x_wconf 81' lang='lat' dir='ltr'>Ign.</span> <span class='ocrx_word' id='word_1_289' title='bbox 905 546 924 583; x_wconf 83' lang='lat'>3.</span> 
     </span>
     <span class='ocr_line' id='line_1_59' title="bbox 577 589 924 637; baseline -0.006 -10"><span class='ocrx_word' id='word_1_290' title='bbox 577 591 631 634; x_wconf 57' lang='grc' dir='ltr'>7αὐτὸς</span> <span class='ocrx_word' id='word_1_291' title='bbox 652 590 684 637; x_wconf 78' lang='grc' dir='ltr'>μὲν</span> <span class='ocrx_word' id='word_1_292' title='bbox 702 590 778 636; x_wconf 81' lang='grc' dir='ltr'>ἐξελθεῖν</span> <span class='ocrx_word' id='word_1_293' title='bbox 798 589 887 627; x_wconf 75' lang='grc' dir='ltr'>ἔσπευδεν.</span> <span class='ocrx_word' id='word_1_294' title='bbox 907 595 924 637; x_wconf 83' lang='grc'>5.</span> 
     </span>
     <span class='ocr_line' id='line_1_60' title="bbox 581 643 925 691; baseline -0.006 -10"><span class='ocrx_word' id='word_1_295' title='bbox 581 643 674 682; x_wconf 78' lang='grc' dir='ltr'>σπεύδοντι</span> <span class='ocrx_word' id='word_1_296' title='bbox 692 644 753 681; x_wconf 84' lang='grc' dir='ltr'>θᾶττον</span> <span class='ocrx_word' id='word_1_297' title='bbox 769 644 877 691; x_wconf 79' lang='grc' dir='ltr'>ἀναχωρῆσαι</span> <span class='ocrx_word' id='word_1_298' title='bbox 895 645 925 680; x_wconf 77' lang='grc' dir='ltr'>τοῦ</span> 
     </span>
     <span class='ocr_line' id='line_1_61' title="bbox 582 696 925 747; baseline -0.003 -12"><span class='ocrx_word' id='word_1_299' title='bbox 582 700 654 747; x_wconf 90' lang='grc' dir='ltr'>κόσμου.</span> <span class='ocrx_word' id='word_1_300' title='bbox 679 696 705 736; x_wconf 88' lang='lat' dir='ltr'>ib.</span> <span class='ocrx_word' id='word_1_301' title='bbox 747 697 770 745; x_wconf 80' lang='grc' dir='ltr'>μὴ</span> <span class='ocrx_word' id='word_1_302' title='bbox 793 698 879 747; x_wconf 76' lang='grc' dir='ltr'>φθονῆσαι</span> <span class='ocrx_word' id='word_1_303' title='bbox 901 699 925 747; x_wconf 79' lang='grc' dir='ltr'>τῷ</span> 
     </span>
     <span class='ocr_line' id='line_1_62' title="bbox 582 750 923 801; baseline -0.003 -11"><span class='ocrx_word' id='word_1_304' title='bbox 582 751 675 790; x_wconf 81' lang='grc' dir='ltr'>σπεύδοντι</span> <span class='ocrx_word' id='word_1_305' title='bbox 697 755 741 801; x_wconf 86' lang='grc' dir='ltr'>πρὸς</span> <span class='ocrx_word' id='word_1_306' title='bbox 762 753 793 789; x_wconf 88' lang='grc' dir='ltr'>τὸν</span> <span class='ocrx_word' id='word_1_307' title='bbox 814 751 881 801; x_wconf 75' lang='grc' dir='ltr'>Κύριον.</span> <span class='ocrx_word' id='word_1_308' title='bbox 905 750 923 789; x_wconf 90' lang='grc'>6.</span> 
     </span>
    </p>
   </div>
   <div class='ocr_carea' id='block_1_7' title="bbox 582 806 979 845">
    <p class='ocr_par' dir='ltr' id='par_1_23' title="bbox 582 806 979 845">
     <span class='ocr_line' id='line_1_63' title="bbox 582 806 979 845; baseline -0.005 -1"><span class='ocrx_word' id='word_1_309' title='bbox 582 807 699 845; x_wconf 44' lang='grc' dir='ltr'>ἔσπευδεννείς</span> <span class='ocrx_word' id='word_1_310' title='bbox 712 808 732 843; x_wconf 83' lang='grc' dir='ltr'>τὸ</span> <span class='ocrx_word' id='word_1_311' title='bbox 746 807 816 843; x_wconf 86' lang='grc' dir='ltr'>στάδιον</span> <span class='ocrx_word' id='word_1_312' title='bbox 827 806 877 843; x_wconf 76' lang='grc' dir='ltr'>αὐτόν</span> <span class='ocrx_word' id='word_1_313' title='bbox 888 806 924 842; x_wconf 87' lang='grc' dir='ltr'>εἰσ·</span> <span class='ocrx_word' id='word_1_314' title='bbox 978 809 979 812; x_wconf 72' lang='grc'>’</span> 
     </span>
    </p>
   </div>
   <div class='ocr_carea' id='block_1_8' title="bbox 555 858 941 3020">
    <p class='ocr_par' dir='ltr' id='par_1_24' title="bbox 556 858 926 1290">
     <span class='ocr_line' id='line_1_64' title="bbox 582 858 832 910; baseline -0.004 -12"><span class='ocrx_word' id='word_1_315' title='bbox 582 864 659 910; x_wconf 86' lang='grc' dir='ltr'>αγαγεῖν.</span> <span class='ocrx_word' id='word_1_316' title='bbox 670 860 728 899; x_wconf 76' lang='lat' dir='ltr'>Mart.</span> <span class='ocrx_word' id='word_1_317' title='bbox 740 858 803 910; x_wconf 77' lang='lat' dir='ltr'>Polyo.</span> <span class='ocrx_word' id='word_1_318' title='bbox 815 859 832 897; x_wconf 92' lang='lat'>6.</span> 
     </span>
     <span class='ocr_line' id='line_1_65' title="bbox 556 913 924 964; baseline 0 -12"><span class='ocrx_word' id='word_1_319' title='bbox 556 915 711 964; x_wconf 81' lang='grc' dir='ltr'>Σπλαγχνίζεσθαι.</span> <span class='ocrx_word' id='word_1_320' title='bbox 739 913 825 960; x_wconf 83' lang='grc' dir='ltr'>Ἠλέησεν</span> <span class='ocrx_word' id='word_1_321' title='bbox 833 915 866 962; x_wconf 81' lang='grc' dir='ltr'>γάρ</span> <span class='ocrx_word' id='word_1_322' title='bbox 878 913 924 961; x_wconf 78' lang='grc' dir='ltr'>ἡμᾶς,</span> 
     </span>
     <span class='ocr_line' id='line_1_66' title="bbox 583 966 891 1019; baseline -0.006 -13"><span class='ocrx_word' id='word_1_323' title='bbox 583 970 609 1006; x_wconf 82' lang='grc' dir='ltr'>καί</span> <span class='ocrx_word' id='word_1_324' title='bbox 619 969 762 1019; x_wconf 87' lang='grc' dir='ltr'>σπλαγχνισθείς.</span> <span class='ocrx_word' id='word_1_325' title='bbox 773 966 832 1006; x_wconf 78' lang='lat' dir='ltr'>Olem.</span> <span class='ocrx_word' id='word_1_326' title='bbox 843 966 866 1005; x_wconf 92' lang='grc' dir='ltr'>Π</span> <span class='ocrx_word' id='word_1_327' title='bbox 875 980 891 1005; x_wconf 90' lang='lat'>1.</span> 
     </span>
     <span class='ocr_line' id='line_1_67' title="bbox 556 1021 926 1073; baseline -0.005 -13"><span class='ocrx_word' id='word_1_328' title='bbox 556 1024 663 1073; x_wconf 81' lang='grc' dir='ltr'>Σπλάγχνον,</span> <span class='ocrx_word' id='word_1_329' title='bbox 700 1021 826 1071; x_wconf 79' lang='grc' dir='ltr'>ε’στερνισμίνοι</span> <span class='ocrx_word' id='word_1_330' title='bbox 843 1021 872 1069; x_wconf 79' lang='grc' dir='ltr'>ἦτε</span> <span class='ocrx_word' id='word_1_331' title='bbox 890 1023 926 1059; x_wconf 77' lang='grc' dir='ltr'>τοῖς</span> 
     </span>
     <span class='ocr_line' id='line_1_68' title="bbox 583 1075 925 1126; baseline -0.009 -12"><span class='ocrx_word' id='word_1_332' title='bbox 583 1078 697 1126; x_wconf 84' lang='grc' dir='ltr'>σπλάγχνοις.</span> <span class='ocrx_word' id='word_1_333' title='bbox 720 1075 779 1115; x_wconf 77' lang='lat' dir='ltr'>Olem.</span> <span class='ocrx_word' id='word_1_334' title='bbox 799 1075 810 1113; x_wconf 91' lang='lat' dir='ltr'>I</span> <span class='ocrx_word' id='word_1_335' title='bbox 832 1088 848 1114; x_wconf 88' lang='lat'>2.</span> <span class='ocrx_word' id='word_1_336' title='bbox 890 1076 925 1124; x_wconf 74' lang='grc' dir='ltr'>ἔχει</span> 
     </span>
     <span class='ocr_line' id='line_1_69' title="bbox 583 1129 924 1180; baseline -0.003 -12"><span class='ocrx_word' id='word_1_337' title='bbox 583 1133 679 1180; x_wconf 85' lang='grc' dir='ltr'>σπλάγχνα</span> <span class='ocrx_word' id='word_1_338' title='bbox 693 1131 722 1169; x_wconf 76' lang='grc' dir='ltr'>ε’πί</span> <span class='ocrx_word' id='word_1_339' title='bbox 736 1129 853 1178; x_wconf 79' lang='grc' dir='ltr'>φοβουμένους</span> <span class='ocrx_word' id='word_1_340' title='bbox 868 1130 924 1167; x_wconf 76' lang='grc' dir='ltr'>αὐτόν.</span> 
     </span>
     <span class='ocr_line' id='line_1_70' title="bbox 585 1183 925 1234; baseline -0.006 -12"><span class='ocrx_word' id='word_1_341' title='bbox 585 1196 617 1234; x_wconf 79' lang='lat'>23.</span> <span class='ocrx_word' id='word_1_342' title='bbox 645 1185 680 1223; x_wconf 85' lang='grc' dir='ltr'>ἀπὸ</span> <span class='ocrx_word' id='word_1_343' title='bbox 694 1185 800 1234; x_wconf 84' lang='grc' dir='ltr'>σπλάγχνων</span> <span class='ocrx_word' id='word_1_344' title='bbox 812 1184 858 1221; x_wconf 87' lang='grc' dir='ltr'>ἰδίων</span> <span class='ocrx_word' id='word_1_345' title='bbox 867 1183 925 1233; x_wconf 75' lang='grc' dir='ltr'>προϊέ-</span> 
     </span>
     <span class='ocr_line' id='line_1_71' title="bbox 582 1237 926 1290; baseline 0 -15"><span class='ocrx_word' id='word_1_346' title='bbox 582 1253 636 1286; x_wconf 87' lang='grc' dir='ltr'>μενος.</span> <span class='ocrx_word' id='word_1_347' title='bbox 662 1238 739 1290; x_wconf 76' lang='lat' dir='ltr'>Fragm.</span> <span class='ocrx_word' id='word_1_348' title='bbox 759 1237 800 1276; x_wconf 78' lang='lat' dir='ltr'>viii.</span> <span class='ocrx_word' id='word_1_349' title='bbox 841 1239 882 1276; x_wconf 77' lang='grc' dir='ltr'>κατὰ</span> <span class='ocrx_word' id='word_1_350' title='bbox 904 1238 926 1275; x_wconf 83' lang='grc' dir='ltr'>τὰ</span> 
     </span>
    </p>

    <p class='ocr_par' dir='ltr' id='par_1_25' title="bbox 563 1292 925 1386">
     <span class='ocr_line' id='line_1_72' title="bbox 563 1292 925 1343; baseline -0.003 -13"><span class='ocrx_word' id='word_1_351' title='bbox 563 1306 566 1314; x_wconf 77' lang='lat'><strong><em>‘</em></strong></span> <span class='ocrx_word' id='word_1_352' title='bbox 583 1294 676 1343; x_wconf 85' lang='grc' dir='ltr'>σπλάγχνα</span> <span class='ocrx_word' id='word_1_353' title='bbox 690 1293 701 1329; x_wconf 87' lang='grc' dir='ltr'>ἀ</span> <span class='ocrx_word' id='word_1_354' title='bbox 717 1294 765 1342; x_wconf 76' lang='grc' dir='ltr'>ἔχετε</span> <span class='ocrx_word' id='word_1_355' title='bbox 779 1295 797 1330; x_wconf 81' lang='grc' dir='ltr'>ἓν</span> <span class='ocrx_word' id='word_1_356' title='bbox 810 1299 831 1329; x_wconf 88' lang='lat' dir='ltr'>X.</span> <span class='ocrx_word' id='word_1_357' title='bbox 845 1293 865 1330; x_wconf 83' lang='lat'>¹1.</span> <span class='ocrx_word' id='word_1_358' title='bbox 882 1292 925 1343; x_wconf 83' lang='lat' dir='ltr'>Ign.</span> 
     </span>
     <span class='ocr_line' id='line_1_73' title="bbox 583 1345 701 1386; baseline 0.008 -2"><span class='ocrx_word' id='word_1_359' title='bbox 583 1345 659 1386; x_wconf 79' lang='lat' dir='ltr'>Philad.</span> <span class='ocrx_word' id='word_1_360' title='bbox 670 1360 701 1385; x_wconf 90' lang='lat'>10.</span> 
     </span>
    </p>

    <p class='ocr_par' dir='ltr' id='par_1_26' title="bbox 556 1400 925 1548">
     <span class='ocr_line' id='line_1_74' title="bbox 556 1400 925 1449; baseline 0 -12"><span class='ocrx_word' id='word_1_361' title='bbox 556 1402 683 1446; x_wconf 87' lang='grc' dir='ltr'>Σπονδίζεσθαι.</span> <span class='ocrx_word' id='word_1_362' title='bbox 715 1401 773 1438; x_wconf 79' lang='grc' dir='ltr'>Πλέον</span> <span class='ocrx_word' id='word_1_363' title='bbox 788 1416 816 1449; x_wconf 90' lang='grc' dir='ltr'>μοι</span> <span class='ocrx_word' id='word_1_364' title='bbox 832 1401 854 1448; x_wconf 87' lang='grc' dir='ltr'>μὴ</span> <span class='ocrx_word' id='word_1_365' title='bbox 870 1400 925 1448; x_wconf 85' lang='grc' dir='ltr'>παρά-</span> 
     </span>
     <span class='ocr_line' id='line_1_75' title="bbox 583 1453 924 1505; baseline -0.006 -12"><span class='ocrx_word' id='word_1_366' title='bbox 583 1456 653 1504; x_wconf 80' lang='grc' dir='ltr'>σχησθε</span> <span class='ocrx_word' id='word_1_367' title='bbox 661 1458 692 1493; x_wconf 86' lang='grc' dir='ltr'>τοῦ</span> <span class='ocrx_word' id='word_1_368' title='bbox 702 1456 825 1502; x_wconf 75' lang='grc' dir='ltr'>σπονδισθῗηνοι</span> <span class='ocrx_word' id='word_1_369' title='bbox 832 1458 875 1505; x_wconf 76' lang='grc' dir='ltr'>Θεῷ.</span> <span class='ocrx_word' id='word_1_370' title='bbox 882 1453 924 1505; x_wconf 78' lang='lat' dir='ltr'>Igu.</span> 
     </span>
     <span class='ocr_line' id='line_1_76' title="bbox 583 1508 670 1548; baseline 0 -1"><span class='ocrx_word' id='word_1_371' title='bbox 583 1508 638 1548; x_wconf 88' lang='lat' dir='ltr'>Rom.</span> <span class='ocrx_word' id='word_1_372' title='bbox 651 1522 670 1547; x_wconf 87' lang='lat'>2.</span> 
     </span>
    </p>

    <p class='ocr_par' dir='ltr' id='par_1_27' title="bbox 555 1563 927 1667">
     <span class='ocr_line' id='line_1_77' title="bbox 555 1563 927 1612; baseline -0.003 -12"><span class='ocrx_word' id='word_1_373' title='bbox 555 1565 626 1612; x_wconf 65' lang='grc' dir='ltr'>Σπόρος.</span> <span class='ocrx_word' id='word_1_374' title='bbox 656 1566 665 1600; x_wconf 85' lang='grc' dir='ltr'>ὁ</span> <span class='ocrx_word' id='word_1_375' title='bbox 675 1565 741 1612; x_wconf 79' lang='grc' dir='ltr'>σπόρος</span> <span class='ocrx_word' id='word_1_376' title='bbox 750 1565 809 1600; x_wconf 90' lang='grc' dir='ltr'>κόκκου</span> <span class='ocrx_word' id='word_1_377' title='bbox 818 1563 855 1600; x_wconf 85' lang='grc' dir='ltr'>τίνα</span> <span class='ocrx_word' id='word_1_378' title='bbox 863 1564 927 1611; x_wconf 85' lang='grc' dir='ltr'>τρόπον</span> 
     </span>
     <span class='ocr_line' id='line_1_78' title="bbox 582 1616 790 1667; baseline 0 -13"><span class='ocrx_word' id='word_1_379' title='bbox 582 1618 652 1667; x_wconf 89' lang='grc' dir='ltr'>γίνεται.</span> <span class='ocrx_word' id='word_1_380' title='bbox 664 1616 726 1656; x_wconf 74' lang='lat' dir='ltr'>Olem.</span> <span class='ocrx_word' id='word_1_381' title='bbox 736 1616 747 1654; x_wconf 83' lang='grc' dir='ltr'>Ῑ</span> <span class='ocrx_word' id='word_1_382' title='bbox 758 1625 790 1664; x_wconf 73' lang='grc'>24.</span> 
     </span>
    </p>

    <p class='ocr_par' dir='ltr' id='par_1_28' title="bbox 556 1672 941 2694">
     <span class='ocr_line' id='line_1_79' title="bbox 556 1672 927 1720; baseline -0.005 -12"><span class='ocrx_word' id='word_1_383' title='bbox 556 1673 663 1717; x_wconf 80' lang='grc' dir='ltr'>Σπουδάζειν.</span> <span class='ocrx_word' id='word_1_384' title='bbox 697 1672 739 1708; x_wconf 83' lang='grc' dir='ltr'>Ἐὰν</span> <span class='ocrx_word' id='word_1_385' title='bbox 753 1672 787 1720; x_wconf 74' lang='grc' dir='ltr'>γάρ</span> <span class='ocrx_word' id='word_1_386' title='bbox 802 1672 927 1718; x_wconf 84' lang='grc' dir='ltr'>σπουδάσωμεν</span> 
     </span>
     <span class='ocr_line' id='line_1_80' title="bbox 583 1724 925 1775; baseline -0.006 -12"><span class='ocrx_word' id='word_1_387' title='bbox 583 1726 698 1775; x_wconf 82' lang='grc' dir='ltr'>ἀγαθοποιεῖν.</span> <span class='ocrx_word' id='word_1_388' title='bbox 710 1724 770 1763; x_wconf 74' lang='lat' dir='ltr'>Olem.</span> <span class='ocrx_word' id='word_1_389' title='bbox 780 1725 799 1763; x_wconf 87' lang='lat' dir='ltr'>II</span> <span class='ocrx_word' id='word_1_390' title='bbox 812 1737 841 1763; x_wconf 91' lang='lat'>10.</span> <span class='ocrx_word' id='word_1_391' title='bbox 870 1731 925 1763; x_wconf 84' lang='grc' dir='ltr'>Σπου-</span> 
     </span>
     <span class='ocr_line' id='line_1_81' title="bbox 584 1779 926 1829; baseline -0.003 -12"><span class='ocrx_word' id='word_1_392' title='bbox 584 1781 663 1828; x_wconf 85' lang='grc' dir='ltr'>δάσωμεν</span> <span class='ocrx_word' id='word_1_393' title='bbox 676 1780 706 1817; x_wconf 69' lang='grc' dir='ltr'>οὖν</span> <span class='ocrx_word' id='word_1_394' title='bbox 719 1780 742 1827; x_wconf 82' lang='grc' dir='ltr'>μὴ</span> <span class='ocrx_word' id='word_1_395' title='bbox 756 1779 890 1817; x_wconf 82' lang='grc' dir='ltr'>ἀντιτάσσεσθαι</span> <span class='ocrx_word' id='word_1_396' title='bbox 903 1782 926 1829; x_wconf 76' lang='grc' dir='ltr'>τῷ</span> 
     </span>
     <span class='ocr_line' id='line_1_82' title="bbox 584 1832 941 1885; baseline -0.003 -14"><span class='ocrx_word' id='word_1_397' title='bbox 584 1835 677 1885; x_wconf 80' lang='grc' dir='ltr'>ε’πισκόπῳ.</span> <span class='ocrx_word' id='word_1_398' title='bbox 689 1833 732 1885; x_wconf 81' lang='lat' dir='ltr'>Ign.</span> <span class='ocrx_word' id='word_1_399' title='bbox 741 1832 791 1884; x_wconf 78' lang='lat' dir='ltr'>Eph.</span> <span class='ocrx_word' id='word_1_400' title='bbox 801 1842 820 1881; x_wconf 89' lang='lat'>5.</span> <span class='ocrx_word' id='word_1_401' title='bbox 839 1833 861 1881; x_wconf 78' lang='grc' dir='ltr'>μὴ</span> <span class='ocrx_word' id='word_1_402' title='bbox 872 1848 925 1871; x_wconf 86' lang='grc' dir='ltr'>σπου-</span> <span class='ocrx_word' id='word_1_403' title='bbox 940 1855 941 1858; x_wconf 37' lang='lat'>¹</span> 
     </span>
     <span class='ocr_line' id='line_1_83' title="bbox 584 1887 926 1936; baseline 0 -11"><span class='ocrx_word' id='word_1_404' title='bbox 584 1889 662 1934; x_wconf 86' lang='grc' dir='ltr'>δάζοντες</span> <span class='ocrx_word' id='word_1_405' title='bbox 691 1887 835 1936; x_wconf 75' lang='grc' dir='ltr'>ἀντιμιμίησασθαι</span> <span class='ocrx_word' id='word_1_406' title='bbox 861 1887 926 1925; x_wconf 73' lang='grc' dir='ltr'>αὐτούς.</span> 
     </span>
     <span class='ocr_line' id='line_1_84' title="bbox 586 1943 926 1990; baseline -0.003 -11"><span class='ocrx_word' id='word_1_407' title='bbox 586 1953 617 1981; x_wconf 90' lang='lat'>10.</span> <span class='ocrx_word' id='word_1_408' title='bbox 646 1943 716 1989; x_wconf 82' lang='grc' dir='ltr'>μιμηταὶ</span> <span class='ocrx_word' id='word_1_409' title='bbox 729 1943 748 1978; x_wconf 79' lang='grc' dir='ltr'>δὲ</span> <span class='ocrx_word' id='word_1_410' title='bbox 759 1945 790 1980; x_wconf 81' lang='grc' dir='ltr'>τοῦ</span> <span class='ocrx_word' id='word_1_411' title='bbox 799 1943 862 1990; x_wconf 87' lang='grc' dir='ltr'>Κυρίου</span> <span class='ocrx_word' id='word_1_412' title='bbox 872 1956 926 1979; x_wconf 88' lang='grc' dir='ltr'>σπου-</span> 
     </span>
     <span class='ocr_line' id='line_1_85' title="bbox 585 1994 927 2044; baseline -0.003 -11"><span class='ocrx_word' id='word_1_413' title='bbox 585 1997 660 2044; x_wconf 79' lang='grc' dir='ltr'>δάζομεν</span> <span class='ocrx_word' id='word_1_414' title='bbox 671 1994 717 2033; x_wconf 82' lang='grc' dir='ltr'>εἶναι.</span> <span class='ocrx_word' id='word_1_415' title='bbox 728 1995 754 2033; x_wconf 86' lang='lat' dir='ltr'>il).</span> <span class='ocrx_word' id='word_1_416' title='bbox 783 1997 886 2041; x_wconf 83' lang='grc' dir='ltr'>Σπουδάζετε</span> <span class='ocrx_word' id='word_1_417' title='bbox 898 1995 927 2032; x_wconf 80' lang='grc' dir='ltr'>οιίν</span> 
     </span>
     <span class='ocr_line' id='line_1_86' title="bbox 584 2049 927 2099; baseline -0.006 -11"><span class='ocrx_word' id='word_1_418' title='bbox 584 2053 687 2099; x_wconf 82' lang='grc' dir='ltr'>πυκνότερον</span> <span class='ocrx_word' id='word_1_419' title='bbox 706 2049 826 2099; x_wconf 78' lang='grc' dir='ltr'>συνέρχεσθαι.</span> <span class='ocrx_word' id='word_1_420' title='bbox 845 2061 875 2098; x_wconf 78' lang='lat'>13.</span> <span class='ocrx_word' id='word_1_421' title='bbox 909 2049 927 2086; x_wconf 78' lang='grc' dir='ltr'>ἐν</span> 
     </span>
     <span class='ocr_line' id='line_1_87' title="bbox 585 2104 927 2152; baseline -0.006 -11"><span class='ocrx_word' id='word_1_422' title='bbox 585 2105 654 2152; x_wconf 79' lang='grc' dir='ltr'>ὁμονοίᾳ</span> <span class='ocrx_word' id='word_1_423' title='bbox 678 2106 722 2141; x_wconf 75' lang='grc' dir='ltr'>θεοῦ</span> <span class='ocrx_word' id='word_1_424' title='bbox 748 2105 852 2150; x_wconf 78' lang='grc' dir='ltr'>σπουδάζετε</span> <span class='ocrx_word' id='word_1_425' title='bbox 873 2104 927 2141; x_wconf 88' lang='grc' dir='ltr'>πάντα</span> 
     </span>
     <span class='ocr_line' id='line_1_88' title="bbox 585 2157 928 2209; baseline -0.006 -13"><span class='ocrx_word' id='word_1_426' title='bbox 585 2160 676 2207; x_wconf 89' lang='grc' dir='ltr'>πράσσειν.</span> <span class='ocrx_word' id='word_1_427' title='bbox 691 2157 757 2209; x_wconf 79' lang='lat' dir='ltr'>Magn.</span> <span class='ocrx_word' id='word_1_428' title='bbox 771 2158 790 2196; x_wconf 85' lang='lat'>6.</span> <span class='ocrx_word' id='word_1_429' title='bbox 824 2158 928 2203; x_wconf 84' lang='grc' dir='ltr'>Σπουδάζετε</span> 
     </span>
     <span class='ocr_line' id='line_1_89' title="bbox 586 2212 928 2261; baseline 0 -13"><span class='ocrx_word' id='word_1_430' title='bbox 586 2212 615 2250; x_wconf 75' lang='grc' dir='ltr'>οὖν</span> <span class='ocrx_word' id='word_1_431' title='bbox 629 2213 745 2259; x_wconf 78' lang='grc' dir='ltr'>βεβαιωθῆναι</span> <span class='ocrx_word' id='word_1_432' title='bbox 760 2212 779 2249; x_wconf 80' lang='grc' dir='ltr'>ἐν</span> <span class='ocrx_word' id='word_1_433' title='bbox 794 2215 830 2251; x_wconf 84' lang='grc' dir='ltr'>τοῖς</span> <span class='ocrx_word' id='word_1_434' title='bbox 845 2213 928 2261; x_wconf 79' lang='grc' dir='ltr'>δόγμασιν</span> 
     </span>
     <span class='ocr_line' id='line_1_90' title="bbox 585 2265 928 2316; baseline 0 -14"><span class='ocrx_word' id='word_1_435' title='bbox 585 2270 616 2303; x_wconf 82' lang='grc' dir='ltr'>τοῦ</span> <span class='ocrx_word' id='word_1_436' title='bbox 630 2268 701 2316; x_wconf 84' lang='grc' dir='ltr'>Κυρίου.</span> <span class='ocrx_word' id='word_1_437' title='bbox 716 2279 745 2316; x_wconf 84' lang='lat'>13.</span> <span class='ocrx_word' id='word_1_438' title='bbox 773 2267 883 2304; x_wconf 82' lang='grc' dir='ltr'>Σπουδάσατε</span> <span class='ocrx_word' id='word_1_439' title='bbox 899 2265 928 2303; x_wconf 79' lang='grc' dir='ltr'>οὖν</span> 
     </span>
     <span class='ocr_line' id='line_1_91' title="bbox 584 2318 926 2370; baseline -0.003 -13"><span class='ocrx_word' id='word_1_440' title='bbox 584 2324 615 2368; x_wconf 79' lang='grc' dir='ltr'>μιᾷ</span> <span class='ocrx_word' id='word_1_441' title='bbox 624 2320 726 2370; x_wconf 77' lang='grc' dir='ltr'>εἰχαριστίη</span> <span class='ocrx_word' id='word_1_442' title='bbox 734 2321 815 2369; x_wconf 79' lang='grc' dir='ltr'>χρῆσθαι,</span> <span class='ocrx_word' id='word_1_443' title='bbox 826 2318 898 2358; x_wconf 73' lang='lat' dir='ltr'>Philad.</span> <span class='ocrx_word' id='word_1_444' title='bbox 908 2332 926 2366; x_wconf 81' lang='lat'>4.</span> 
     </span>
     <span class='ocr_line' id='line_1_92' title="bbox 586 2374 927 2423; baseline -0.006 -11"><span class='ocrx_word' id='word_1_445' title='bbox 586 2376 704 2420; x_wconf 79' lang='grc' dir='ltr'>σπουδάζοντα</span> <span class='ocrx_word' id='word_1_446' title='bbox 734 2375 753 2411; x_wconf 80' lang='grc' dir='ltr'>δὲ</span> <span class='ocrx_word' id='word_1_447' title='bbox 780 2375 808 2412; x_wconf 80' lang='grc' dir='ltr'>ἐπὶ</span> <span class='ocrx_word' id='word_1_448' title='bbox 834 2374 927 2423; x_wconf 84' lang='grc' dir='ltr'>Ἀρμενίαν.</span> 
     </span>
     <span class='ocr_line' id='line_1_93' title="bbox 585 2426 929 2479; baseline -0.006 -12"><span class='ocrx_word' id='word_1_449' title='bbox 585 2426 642 2468; x_wconf 69' lang='lat' dir='ltr'>Mart.</span> <span class='ocrx_word' id='word_1_450' title='bbox 668 2427 712 2479; x_wconf 75' lang='lat' dir='ltr'>Igu.</span> <span class='ocrx_word' id='word_1_451' title='bbox 738 2440 755 2465; x_wconf 87' lang='lat'>2.</span> <span class='ocrx_word' id='word_1_452' title='bbox 796 2429 826 2467; x_wconf 83' lang='grc' dir='ltr'>τὰς</span> <span class='ocrx_word' id='word_1_453' title='bbox 848 2427 929 2477; x_wconf 77' lang='grc' dir='ltr'>ἡμετέρας</span> 
     </span>
     <span class='ocr_line' id='line_1_94' title="bbox 586 2482 927 2532; baseline -0.006 -12"><span class='ocrx_word' id='word_1_454' title='bbox 586 2484 686 2528; x_wconf 79' lang='grc' dir='ltr'>σπουδάζων</span> <span class='ocrx_word' id='word_1_455' title='bbox 709 2482 793 2529; x_wconf 77' lang='grc' dir='ltr'>διατάξεις</span> <span class='ocrx_word' id='word_1_456' title='bbox 814 2482 927 2532; x_wconf 82' lang='grc' dir='ltr'>ὑπερβαίνειν.</span> 
     </span>
     <span class='ocr_line' id='line_1_95' title="bbox 585 2534 928 2585; baseline -0.006 -11"><span class='ocrx_word' id='word_1_457' title='bbox 585 2534 611 2574; x_wconf 83' lang='lat' dir='ltr'>ib.</span> <span class='ocrx_word' id='word_1_458' title='bbox 640 2537 744 2582; x_wconf 85' lang='grc' dir='ltr'>σπουδάζειν</span> <span class='ocrx_word' id='word_1_459' title='bbox 759 2535 809 2575; x_wconf 83' lang='grc' dir='ltr'>ὅστις</span> <span class='ocrx_word' id='word_1_460' title='bbox 824 2538 882 2585; x_wconf 79' lang='grc' dir='ltr'>τάχιον</span> <span class='ocrx_word' id='word_1_461' title='bbox 897 2538 928 2573; x_wconf 88' lang='grc' dir='ltr'>τοῦ</span> 
     </span>
     <span class='ocr_line' id='line_1_96' title="bbox 586 2589 927 2640; baseline 0.003 -13"><span class='ocrx_word' id='word_1_462' title='bbox 586 2592 652 2639; x_wconf 81' lang='grc' dir='ltr'>χρωτός</span> <span class='ocrx_word' id='word_1_463' title='bbox 665 2591 718 2628; x_wconf 75' lang='grc' dir='ltr'>αὐτοῦ</span> <span class='ocrx_word' id='word_1_464' title='bbox 731 2591 803 2640; x_wconf 76' lang='grc' dir='ltr'>ἅψηται.</span> <span class='ocrx_word' id='word_1_465' title='bbox 817 2589 875 2629; x_wconf 60' lang='lat' dir='ltr'>Mam</span> <span class='ocrx_word' id='word_1_466' title='bbox 891 2589 927 2628; x_wconf 82' lang='lat' dir='ltr'>Po·</span> 
     </span>
     <span class='ocr_line' id='line_1_97' title="bbox 586 2643 663 2694; baseline 0.013 -13"><span class='ocrx_word' id='word_1_467' title='bbox 586 2643 663 2694; x_wconf 79' lang='lat' dir='ltr'>lyo.13.</span> 
     </span>
    </p>

    <p class='ocr_par' dir='ltr' id='par_1_29' title="bbox 559 2697 929 2807">
     <span class='ocr_line' id='line_1_98' title="bbox 559 2697 929 2748; baseline -0.003 -14"><span class='ocrx_word' id='word_1_468' title='bbox 559 2700 657 2737; x_wconf 83' lang='grc' dir='ltr'>Σπουδαῖος.</span> <span class='ocrx_word' id='word_1_469' title='bbox 683 2700 742 2736; x_wconf 75' lang='grc' dir='ltr'>Πλέον</span> <span class='ocrx_word' id='word_1_470' title='bbox 751 2700 844 2737; x_wconf 79' lang='grc' dir='ltr'>σπουδαῖος</span> <span class='ocrx_word' id='word_1_471' title='bbox 852 2699 899 2748; x_wconf 82' lang='grc' dir='ltr'>γίνου</span> <span class='ocrx_word' id='word_1_472' title='bbox 909 2697 929 2734; x_wconf 75' lang='grc' dir='ltr'>οὗ</span> 
     </span>
     <span class='ocr_line' id='line_1_99' title="bbox 586 2750 766 2807; baseline 0.011 -18"><span class='ocrx_word' id='word_1_473' title='bbox 586 2750 606 2807; x_wconf 70' lang='grc' dir='ltr'>εἰ.</span> <span class='ocrx_word' id='word_1_474' title='bbox 617 2751 661 2803; x_wconf 81' lang='lat' dir='ltr'>Ign.</span> <span class='ocrx_word' id='word_1_475' title='bbox 673 2751 736 2802; x_wconf 83' lang='lat' dir='ltr'>Polyo.</span> <span class='ocrx_word' id='word_1_476' title='bbox 748 2764 766 2801; x_wconf 80' lang='grc'>3.</span> 
     </span>
    </p>

    <p class='ocr_par' dir='ltr' id='par_1_30' title="bbox 559 2804 928 2912">
     <span class='ocr_line' id='line_1_100' title="bbox 559 2804 928 2854; baseline 0.005 -12"><span class='ocrx_word' id='word_1_477' title='bbox 559 2807 661 2845; x_wconf 82' lang='grc' dir='ltr'>Σπουδαίως.</span> <span class='ocrx_word' id='word_1_478' title='bbox 690 2806 729 2844; x_wconf 78' lang='grc' dir='ltr'>καθ’</span> <span class='ocrx_word' id='word_1_479' title='bbox 739 2806 760 2854; x_wconf 83' lang='grc' dir='ltr'>ἢν</span> <span class='ocrx_word' id='word_1_480' title='bbox 769 2807 865 2845; x_wconf 88' lang='grc' dir='ltr'>σπουδαίως</span> <span class='ocrx_word' id='word_1_481' title='bbox 876 2804 928 2854; x_wconf 83' lang='grc' dir='ltr'>συνῄ-</span> 
     </span>
     <span class='ocr_line' id='line_1_101' title="bbox 586 2859 787 2912; baseline 0.015 -16"><span class='ocrx_word' id='word_1_482' title='bbox 586 2875 633 2898; x_wconf 86' lang='grc' dir='ltr'>εσαν.</span> <span class='ocrx_word' id='word_1_483' title='bbox 643 2859 703 2899; x_wconf 74' lang='lat' dir='ltr'>Mar&#39;fi.</span> <span class='ocrx_word' id='word_1_484' title='bbox 713 2860 756 2912; x_wconf 82' lang='lat' dir='ltr'>Ign.</span> <span class='ocrx_word' id='word_1_485' title='bbox 768 2861 787 2899; x_wconf 89' lang='grc'>6.</span> 
     </span>
    </p>

    <p class='ocr_par' dir='ltr' id='par_1_31' title="bbox 559 2913 930 3020">
     <span class='ocr_line' id='line_1_102' title="bbox 559 2913 929 2963; baseline 0.003 -13"><span class='ocrx_word' id='word_1_486' title='bbox 559 2913 631 2961; x_wconf 80' lang='grc' dir='ltr'>Σπουδίη.</span> <span class='ocrx_word' id='word_1_487' title='bbox 664 2915 776 2963; x_wconf 66' lang='grc' dir='ltr'>τῆς...ἰιπε“ρ</span> <span class='ocrx_word' id='word_1_488' title='bbox 794 2917 823 2962; x_wconf 78' lang='grc' dir='ltr'>τῆς</span> <span class='ocrx_word' id='word_1_489' title='bbox 841 2915 929 2963; x_wconf 78' lang='grc' dir='ltr'>ἀθλήσεως</span> 
     </span>
     <span class='ocr_line' id='line_1_103' title="bbox 587 2967 930 3020; baseline 0.006 -15"><span class='ocrx_word' id='word_1_490' title='bbox 587 2969 668 3016; x_wconf 74' lang='grc' dir='ltr'>σπουδῆς.</span> <span class='ocrx_word' id='word_1_491' title='bbox 679 2967 737 3008; x_wconf 70' lang='lat' dir='ltr'>Mart.</span> <span class='ocrx_word' id='word_1_492' title='bbox 749 2970 792 3020; x_wconf 72' lang='lat' dir='ltr'>Igu.</span> <span class='ocrx_word' id='word_1_493' title='bbox 804 2982 823 3017; x_wconf 84' lang='lat'>4.</span> <span class='ocrx_word' id='word_1_494' title='bbox 851 2969 881 3016; x_wconf 76' lang='grc' dir='ltr'>τὴν</span> <span class='ocrx_word' id='word_1_495' title='bbox 887 2969 930 3018; x_wconf 83' lang='grc' dir='ltr'>πρὸς</span> 
     </span>
    </p>
   </div>
   <div class='ocr_carea' id='block_1_9' title="bbox 586 3021 929 3072">
    <p class='ocr_par' dir='ltr' id='par_1_32' title="bbox 586 3021 929 3072">
     <span class='ocr_line' id='line_1_104' title="bbox 586 3021 929 3072; baseline 0 -13"><span class='ocrx_word' id='word_1_496' title='bbox 586 3022 649 3072; x_wconf 73' lang='grc' dir='ltr'>Κύριον</span> <span class='ocrx_word' id='word_1_497' title='bbox 664 3024 717 3060; x_wconf 77' lang='grc' dir='ltr'>αὐτοῦ</span> <span class='ocrx_word' id='word_1_498' title='bbox 733 3022 815 3070; x_wconf 76' lang='grc' dir='ltr'>σπουδήν.</span> <span class='ocrx_word' id='word_1_499' title='bbox 832 3022 858 3062; x_wconf 79' lang='lat' dir='ltr'>ib.</span> <span class='ocrx_word' id='word_1_500' title='bbox 886 3021 929 3068; x_wconf 78' lang='grc' dir='ltr'>ἀπή-</span> 
     </span>
    </p>
   </div>
   <div class='ocr_carea' id='block_1_10' title="bbox 0 0 1022 3420">
    <p class='ocr_par' dir='ltr' id='par_1_33' title="bbox 0 0 1022 3420">
     <span class='ocr_line' id='line_1_105' title="bbox 0 0 1022 3420; baseline 0 0"><span class='ocrx_word' id='word_1_501' title='bbox 0 0 1022 3420; x_wconf 95' lang='lat' dir='ltr'> </span> 
     </span>
    </p>
   </div>
  </div>
 </body>
</html>
