2017 3420
165 204 193 247 14
406 204 503 248 INDEX
518 204 689 249 VERBORUM

194 317 260 354 Πάντες
274 318 298 367 τῷ
317 315 403 367 ε’πισκόπιρ
421 317 532 355 ἀκολουθεῖτε.

196 370 271 423 Smyrn.
283 372 300 409 8.

167 426 274 464 Ἀκολοοθος.
302 426 357 463 πάντα
371 427 395 464 εἷς
413 426 535 476 καλοκαγαθίαν

194 481 285 519 ἀκόλουθα.
301 480 343 533 Igu.
354 480 403 532 Eph.
416 494 446 529 14.
466 483 487 519 τά
496 481 535 520 τοῦ·

195 552 231 576 τοις
249 537 338 574 ἀκόλουθα.
360 535 417 576 Μακί.
436 536 499 588 Polyc.
515 538 533 575 8.

195 592 244 642 ἕτερα
253 590 319 630 τοάτοις
327 592 416 630 ἀκόλουθα.
428 604 445 642 9.
473 592 533 630 ἀπεθέ-

195 648 239 695 μεθα
247 646 291 684 όπου
300 647 327 684 καὶ
336 647 428 685 ἀκόλουθον
437 647 462 695 ἦν.
477 649 506 686 18.

168 702 275 752 ’ἀκόρεστοςΙ
299 702 391 750 ἀκόρεστος
399 702 452 742 πόθος
461 703 485 741 είς
493 696 535 752 ἀγα-

196 758 278 795 θοποιίαυ.
296 755 355 795 (llem.
365 756 376 794 I
387 769 404 795 2.

168 811 248 850 Ἀκοίιειν,
263 813 313 862 ἐντῷ
322 811 394 849 ἀκοῦσαι
402 813 453 850 αὐτὸν
461 813 495 850 ἀπὸ
504 815 535 849 τοῦ

196 866 292 917 ὁμοφύλου.
303 865 362 905 (llem.
373 866 384 904 I
394 879 412 914 4.
440 866 535 915 ἠκούσαμεν

197 923 224 959 καὶ
237 922 264 960 ε’πί
277 925 311 958 τῶν
319 922 396 971 πατέρων
409 922 459 970 ἡμῶν.
476 934 500 971 23
515 926 534 961 el]

196 975 219 1014 Π
231 988 260 1014 11.
295 978 366 1013 Πάντων
381 975 411 1013 οῦν
425 977 535 1024 βλεπομένων

196 1034 223 1069 καὶ
240 1031 348 1078 ἀκουομένων.
369 1029 380 1068 I
397 1033 426 1070 28.
452 1032 533 1080 αἰσχρά,

196 1087 222 1123 καί
235 1086 295 1132 ἀνάξια
309 1087 339 1133 τῆς
353 1086 371 1123 έν
380 1089 450 1137 Χριστῷ
461 1086 533 1136 ἀγωγῆς,

195 1140 290 1179 ἀκουέσθοι.
302 1148 333 1190 47.
354 1143 370 1177 οί
379 1140 466 1180 ἀκοῦοντες
475 1142 534 1191 ὥσπερ

194 1199 258 1246 μικρῶν
273 1196 393 1245 ἁμαρτάνομεν.
408 1194 431 1234 Π
442 1208 458 1234 Ι.
486 1196 536 1234 αὐτοί

195 1267 219 1297 τε,
237 1251 265 1287 καί
282 1253 299 1288 οί
316 1249 404 1289 ἀκούοντες
422 1252 482 1288 αὐτῶν.
503 1264 532 1290 10.

195 1305 296 1344 ἀκούσαντες
309 1306 342 1355 γὰρ
356 1305 444 1353 δεδεμένον
455 1306 489 1344 ἀπὸ
503 1313 534 1343 Σο-

194 1363 237 1410 ρίας,
252 1360 294 1412 Ign.
305 1359 353 1411 Eph.
367 1372 382 1398 1.
411 1360 438 1398 ίνα
451 1362 497 1409 ὑμῶν
507 1363 534 1399 καὶ

195 1415 264 1463 ἀκοάση.
289 1431 306 1463 4.
344 1416 383 1452 οὐδὲ
404 1415 473 1453 ἀκούετέ
489 1432 534 1455 τινος

194 1471 248 1508 πλέον
265 1474 309 1521 ἥπερ
326 1470 384 1517 Ἰησοῦ
407 1474 489 1520 Χριστοῦ.
513 1472 532 1523 Ἰ6.

195 1527 222 1563 καί
231 1528 260 1573 τῆς
269 1526 342 1574 ἡσυχίας
352 1526 403 1562 αὐτοῦ
415 1525 484 1564 ἀκούειν.
503 1538 511 1564 Ι
515 1536 532 1575 5.

195 1582 257 1628 ὁμοίως
266 1582 293 1617 καὶ
302 1583 312 1617 ὁ
320 1579 384 1617 ἀκοῦον
393 1581 448 1619 αὐτοῦ.
462 1581 491 1619 Ι6.
516 1583 534 1619 ἐν

194 1636 251 1685 ἀγάπη
260 1634 334 1673 ἀκοῦσαί
341 1650 378 1682 μου.
389 1633 446 1674 Trall.
460 1648 489 1674 12.
510 1638 533 1685 μὴ

195 1690 263 1728 ἀκούετε
272 1691 328 1728 αὐτοῦ.
340 1688 412 1728 Philad.
425 1691 442 1728 6.
463 1697 533 1740 Χριστι-

194 1748 266 1794 ιινισμάν
274 1745 343 1783 ἀκοῦειν.
358 1744 383 1783 ib.
412 1745 460 1783 Ἐπεί
469 1749 533 1793 ἤκουσά

126 1821 127 1824 ¹
194 1816 243 1838 τινων
252 1802 340 1850 λεγόντων.
355 1801 372 1838 8.
398 1801 418 1837 τῦ
427 1801 458 1849 μὲν
466 1805 533 1850 πρῶτον

194 1855 273 1893 ἀκούσας.
286 1854 343 1894 Mafa.
354 1854 446 1905 Polyc.,5.
475 1855 533 1894 Ἀκοό-

195 1925 228 1948 σας
246 1911 265 1947 δὲ
279 1910 340 1948 αὐτοῦς
354 1912 442 1959 παρόντας.
460 1918 477 1960 7.
506 1912 532 1948 ε’κ-

194 1964 300 2012 πλάττεσθαι
308 1965 348 2003 τοῦς
356 1964 450 2004 ἀκούοντας.
461 1966 485 2004 ib.
510 1968 533 2005 όος

194 2021 236 2067 μηδὲ
249 2019 352 2068 ἀκουαθῖηναί
364 2035 401 2056 τινα
412 2019 498 2058 δύνασθαι.
514 2023 531 2059 8.

194 2079 228 2111 τῶν
236 2074 320 2123 ἡμετέρων
330 2076 346 2111 οἶ
359 2077 440 2122 παρόντες
453 2078 531 2123 ἥκουσαν,

195 2141 213 2178 9.
246 2130 359 2172 ἀκουσάντων,
376 2129 402 2165 ὅτι
422 2129 533 2180 Πολῦκαρπας

195 2185 309 2231 συνείληπται.
327 2183 352 2222 ib.
380 2185 422 2231 μετὰ
438 2187 533 2234 παρρησίας

193 2240 249 2288 ἀκουε.
267 2251 296 2277 10.
325 2240 354 2277 δὸς
368 2238 430 2287 ἡμέραν
442 2240 469 2276 καί
483 2241 531 2277 άκου-

194 2310 231 2332 οον,
246 2293 271 2332 ib.

165 2350 253 2398 Ἀκριβῶς,
282 2350 358 2396 ἐδίδαξεν
372 2350 449 2398 ἀκριβῶς.
468 2348 526 2400 Polyc
560 2388 561 2391 ,

194 2404 242 2442 Phil.
254 2417 271 2453 3.

165 2461 252 2507 Ἀκρίτας.
281 2461 301 2497 τὸ
310 2460 328 2496 δὲ
338 2460 376 2498 ἔθος
386 2490 390 2497 .
399 2459 493 2509 ..ἀκρίτως
502 2460 534 2508 ὑφ’

193 2516 254 2552 ἑαυτοῦ
267 2515 368 2564 κρατύνεται.
385 2513 531 2565 Olen1.Fragn1.

193 2569 217 2608 vi.

165 2626 287 2673 Ἀκρόβνστος.
325 2624 334 2672 ἢ
357 2626 403 2674 παρὰ
424 2623 532 2674 ἀκροβῦστου

192 2680 303 2726 ’ίουδαϊυμιόνΙ
319 2679 361 2731 Ign.
372 2678 445 2718 Philad.
457 2680 474 2717 6.

161 2735 223 2772 Ἄκων.
246 2733 262 2772 εί
270 2751 286 2772 τι
295 2734 363 2773 όκοντες
371 2735 458 2783 ἡμάρτετε.
471 2732 530 2772 Olem.

193 2788 232 2828 12.
262 2790 347 2827 Κάναῦτό
362 2791 380 2827 δὲ
394 2791 454 2828 άκοντο
468 2790 490 2838 μὴ
505 2789 532 2826 θε-

192 2844 244 2893 λίηση.
260 2843 302 2896 ign.
313 2844 368 2883 Rom.
380 2853 397 2893 5.
416 2846 456 2884 ’τοῦς
466 2846 484 2882 ἒν
492 2844 532 2881 Ῥώ-

178 2928 179 2931 ‘
192 2916 215 2947 μῃ
232 2905 266 2937 τῶν
281 2900 362 2949 ἀδελφῶν
376 2901 449 2939 όκοντας,
472 2898 529 2937 Mari.

193 2954 235 3006 Igu.
247 2964 264 3003 5.
293 2956 340 3002 ἡμεῖς
351 2955 382 3002 μὲν
390 2955 458 2994 ἀκοντες
467 2955 530 3004 ἀπηγό-

193 3010 240 3055 μεθα.
255 3009 280 3048 ib.

165 3065 267 3110 Ἀλοζονεία
292 3065 391 3112 ἀποθέμενοι
402 3067 459 3103 πᾶσαν
469 3065 529 3110 ἀλαζο-

587 315 636 355 νείαν.
654 313 713 355 (llem.
725 315 736 354 I
747 328 776 366 13.
805 318 840 355 τοῖς
854 316 872 353 έν
883 316 925 354 ἀλα

587 370 641 420 ζονείη
650 402 655 410 .
663 402 667 410 .
675 400 679 410 .
687 374 765 421 μυσαροῦ
772 370 831 419 ζίηλους
839 371 924 422 ἀρχηγοῖς.

590 439 619 474 14.
647 427 677 464 οὐκ
693 425 744 474 ἢλθεν
759 427 776 464 ἐν
792 428 851 477 κόμπῳ
865 427 926 473 ἀλαζο-

588 484 635 520 νείας.
648 481 678 520 16.
707 481 839 531 ε’γκαυχωμένοις
852 483 870 519 έν
883 482 925 519 ἀλα-

588 536 641 586 ζονεία
650 538 743 587 τοῦλόγου
752 538 811 575 αὐτῶν.
823 548 853 574 21.
871 537 925 586 ἀπορ-

587 593 669 642 ρίφαυτες
678 622 682 631 .
690 622 694 630 .
702 592 813 638 ,ἀλαζονείαν
830 600 861 641 35.

560 646 704 693 Ἀλαζουεόεσθαι.
722 647 774 695 μηδὲν
782 647 923 695 ἀλαζονευόμενοι.

588 699 648 741 (ίίαιιι.
659 701 670 740 Ι
680 714 697 740 2.
726 704 736 739 ὁ
751 704 800 752 όγνός
808 733 811 740 ,
820 732 824 740 .
834 731 838 740 .
847 701 869 750 μὴ
883 702 926 739 ἀλα-

588 758 686 803 ζονευέσθω.
702 759 733 807 38.

561 810 640 858 Ἀλαζών.
657 812 688 859 τὴν
696 812 768 858 ἀλαζόνα
805 813 834 859 τῆς
843 812 926 861 γλώσσης

588 868 633 915 ὑμῶν
642 867 734 906 αὐθάδειαν.
749 865 807 905 Olem.
818 866 829 904 I
839 874 870 916 37.

560 921 652 970 Ἀλείφειν.
667 923 689 970 μὴ
697 921 792 971 ἀλείφεσθε
801 921 886 959 δυσωδίαν
894 923 925 969 τῆς

587 977 702 1015 διδασκαλίας.
716 976 759 1027 Ign.
769 975 818 1027 Eph.
832 984 861 1025 ι’7.

559 1030 642 1079 Ἀλήθεια.
678 1031 820 1079 καταδεξαμένους
832 1032 858 1076 τὰ
875 1032 925 1081 λόγια

587 1086 639 1123 αὐτοῦ
647 1086 665 1124 έν
674 1088 726 1137 φόβῳ
735 1086 762 1123 καί
773 1086 848 1135 ἀληθείᾳ.
864 1084 923 1125 Olem.

587 1140 599 1179 Ῑ
610 1152 639 1191 19.
671 1140 697 1179 ἐπ’
714 1141 792 1189 ἀληθείας
800 1170 805 1179 .
812 1170 817 1180 .
825 1170 829 1178 .
836 1141 925 1188 τελειωθῆ-

587 1211 636 1233 οεται
644 1197 664 1232 τό
672 1195 751 1245 βούλημα
760 1196 815 1235 αῦτοῦ.
833 1208 863 1245 23.
884 1195 925 1243 ἀλόη-

588 1251 634 1288 θειον
651 1251 679 1288 διὰ
696 1251 771 1290 πίστεως
792 1251 869 1298 ποιήσας.
891 1263 922 1300 31.

587 1305 656 1353 ἀλήθεια
665 1306 683 1343 ἐν
691 1307 782 1355 παρρησίᾳ.
800 1313 830 1355 35.
854 1306 924 1343 ἀκολου-

587 1359 664 1408 θήσωμευ
676 1363 696 1409 τῇ
710 1362 744 1412 όδῲ
757 1364 786 1409 τῆς
799 1360 883 1408 ἀληθείας.
897 1359 923 1399 ib.

587 1415 613 1453 ἐπ’
628 1416 706 1463 ἀληθείας
720 1419 834 1464 πνευματικῶς
848 1416 924 1454 ἐπέστει-

586 1473 617 1507 λεν
626 1471 668 1519 ίνμῖν.
680 1478 711 1520 47.
735 1472 764 1508 τόν
772 1472 837 1521 πατέρα
845 1473 875 1518 τῆς
883 1470 924 1518 ἀλη-

587 1524 637 1564 θείας.
647 1524 669 1563 Π
679 1539 696 1575 3.
725 1525 765 1563 ὅταν
777 1528 857 1573 λαλῶμεν
868 1526 924 1565 αὑταῖς

586 1580 671 1628 ἀληθειαν.
690 1593 720 1619 12.
749 1581 828 1630 Διαφορά
845 1582 924 1629 τυγχάνει

586 1635 665 1683 ἀληθείας
674 1637 700 1673 καί
710 1636 801 1683 συνηθείας.
813 1634 889 1686 Fragm.
897 1634 922 1674 vi.

586 1690 656 1737 ἀλήθεια
664 1691 738 1740 γνησίως
747 1690 841 1738 ζητουμένη,
852 1690 877 1728 ib.
894 1691 924 1738 τὴν

586 1745 666 1793 ἀληθειαν
674 1746 705 1783 οὐκ
713 1746 763 1795 ἔχειν.
773 1744 812 1784 viii.
833 1748 924 1784 τυποῦνται

586 1800 665 1847 ἀληθείας
680 1800 732 1851 τόπῳ,
753 1799 778 1839 ib.
806 1801 867 1839 πάντες
883 1801 924 1837 κατὰ

586 1855 665 1902 ἀληθειαν
674 1857 717 1903 ζῆτε,
727 1855 770 1907 Ign.
781 1854 829 1906 Eph.
839 1855 855 1893 6.
871 1854 924 1903 πλέον

586 1906 698 1959 η’περίἸησοῦ
713 1912 788 1961 Χριστοῦ
801 1912 894 1948 λαλοῦντος
906 1911 924 1946 έν

586 1965 659 2013 ἀληθείᾳ.
670 1964 695 2003 ib.
710 1966 762 2002 Τέκνα
771 1965 800 2002 οῦν
806 1967 870 2015 φωτός,
878 1961 922 2018 [καί]

586 2019 669 2067 ἀληθείας,
692 2019 764 2058 Philad.
781 2033 797 2059 2.
832 2019 924 2069 σονίηγοροι

586 2078 616 2111 τοῦ
625 2075 696 2111 θανάτου
705 2078 771 2123 μᾶλλον
779 2075 789 2122 ἢ
798 2077 828 2122 τῆς
838 2074 921 2121 ἀληθείας.

587 2128 661 2180 Smyrn.
673 2137 690 2177 5.
719 2131 765 2178 ὑμῶν
773 2132 792 2166 τό
803 2129 885 2167 σύντονον
894 2131 922 2176 τῆς

586 2184 669 2230 ἀληθείας,
690 2183 753 2236 Polye.
770 2192 787 2234 7.
820 2184 923 2221 δουλεάσοτε

586 2241 610 2289 τῷ
623 2242 660 2288 Θεῷ
675 2239 693 2275 εὐ
701 2237 753 2290 φόβιρ
763 2240 789 2276 καὶ
798 2239 872 2287 ἀληθείᾳ.
887 2238 922 2278 Po·
938 2237 939 2241 ί

586 2292 621 2344 lyc.
638 2292 685 2332 Phil.
703 2305 719 2331 2.
748 2295 777 2332 τόν
792 2295 831 2344 περὶ
844 2294 923 2341 ἀληθείας

586 2350 642 2397 λόγου.
659 2361 676 2398 3.
708 2348 815 2399 στεργοῦσας
828 2349 868 2387 τοῦς
884 2350 922 2386 ἔαυ-

586 2406 619 2439 τῶν
632 2403 693 2453 ἀνδρας
711 2405 729 2441 ἐν
742 2406 789 2451 πόση
808 2402 882 2452 ἀληθείᾳ.
904 2416 921 2451 4.

586 2459 693 2507 πορευόμενοι
707 2460 748 2497 κατὰ
761 2459 791 2507 τὴν
803 2459 882 2507 ἀλήθειαν
892 2463 922 2497 τοῦ

586 2513 653 2561 Κυρίου.
669 2522 686 2562 5.

559 2568 640 2615 Ἀλήθεια
655 2569 675 2605 δι1
684 2569 921 2619 ἀδόντωνθηρίωνόλὴθωμαι,

586 2622 628 2673 Ign.
639 2622 693 2662 Rom.
705 2636 722 2672 4.

558 2678 635 2725 Ἀληθίης.
649 2681 678 2717 τὰς
683 2680 751 2726 ἀληθεῖς
755 2679 813 2729 ῥήσεις
819 2678 920 2727 Πνεῦμοτος.

587 2732 646 2771 Olem.
660 2733 712 2783 145.
740 2735 759 2771 τὸ
774 2735 792 2771 δὲ
805 2733 922 2773 ἕθος,,.ε’ίτε

585 2788 651 2835 ἀληθὲς,
659 2788 691 2827 εἴτε
696 2790 765 2838 φευδές.
776 2788 852 2840 Fl'agm.
860 2788 885 2827 vi.
901 2791 922 2826 τὰ

585 2843 669 2891 μιμήματα
678 2847 707 2892 τῆς
718 2845 791 2892 ἀληθοῦς
800 2845 870 2894 ἀγάπης.
886 2843 921 2882 Ρο-

585 2897 620 2949 lyc.
631 2897 678 2937 Phil.
689 2911 704 2938 1.
733 2900 798 2949 ἀγάπης
806 2901 840 2949 γὰρ
849 2900 921 2947 ἀληθοῦς

585 2955 611 2990 καί
618 2953 688 2998 βεβαίας
695 2955 746 2992 ἐστίν.
758 2953 815 2993 Mari).
823 2954 886 3007 Polye.
897 2966 912 2992 1.

559 3008 649 3055 Ἀληθιυός.
678 3011 697 3046 τδ
707 3010 758 3056 όνσμα
767 3013 797 3046 τοῦ
806 3010 886 3057 ἀληθινοῦ
895 3011 921 3046 καὶ

585 3065 636 3111 μόνον
659 3068 707 3103 θεοῦ.
732 3063 790 3103 Oleln.
808 3064 819 3102 I
835 3078 866 3114 43.
903 3066 920 3102 ἐν
