1958 3490
336 212 409 255 VITA
423 213 460 255 ΕΤ
476 212 615 255 scurrula.
775 208 828 252 xxiii

126 332 163 368 tur.
184 325 262 367 Scilicet
272 337 311 364 nou
320 324 348 364 ita
357 324 458 364 cohaerent
467 324 526 363 verba
536 322 621 376 Ignatii:
635 323 681 372 'apt
690 322 708 359 ἐν
717 322 768 371 σαρκὶ
777 322 828 359 αὐτὸν

126 393 169 439 οἶδα,
179 393 213 433 sed
226 392 267 432 sic:
281 392 326 442 Ἐγὼ
340 392 358 429 ἐν
370 393 422 441 σαρκὶ
435 393 486 429 αὐτὸν
498 389 535 429 οἶδα
549 391 595 429 ὄντα.
623 387 668 428 Pari
681 387 738 427 modo
748 386 829 427 Vossius

127 455 190 500 senior
197 458 274 507 erravit,
282 458 302 497 in
309 457 393 510 quodam
400 457 512 497 Philostrati
521 456 564 496 loco
573 458 593 495 τὸ
602 454 639 494 οἶδα
648 455 730 495 reddens
738 467 774 507 per
781 453 829 503 aldi,

126 531 205 567 notatus
218 523 289 564 ideirco
303 536 315 562 a
328 523 350 562 cl.
365 522 459 573 Fabricio,
469 522 560 563 Biblioth.
573 521 638 562 Graec.
648 521 681 561 lib.
692 521 722 560 IV
731 534 771 572 cap.
782 519 831 559 xxiv

127 593 136 644 ξ
150 606 172 631 12
188 604 226 632 n.1
242 604 261 644 p.
271 600 301 640 54.
331 589 363 630 Sic
372 590 461 629 Julianus
474 589 589 642 imperator,
600 589 654 629 Orat.
664 588 690 638 iv,
704 586 777 636 scribit,
792 585 831 625 οἶδα

126 660 156 709 μὲν
165 659 196 696 οὖν
208 660 236 695 καὶ
244 659 330 695 Πλάτωνα
341 658 370 694 τὸν
382 657 440 706 μέγαν.
469 655 485 694 Ε
495 655 565 708 quibus
574 655 637 695 verbis
651 668 707 694 nemo
721 652 830 699 confecerit,

126 723 227 763 lulianum
239 721 347 774 significare
360 722 399 761 suis
411 726 472 762 semet
484 721 544 761 oculis
553 721 623 761 vidisse
633 722 732 761 Platonem
742 719 829 760 Philoso-

126 790 192 842 phum.
208 787 281 829 dcun
290 787 400 829 FRUDIT.
411 788 476 828 LIPs.
505 788 602 840 Septemb.
613 796 670 839 1713.

153 856 219 896 Verbo
228 853 301 907 Ignatii
315 854 364 894 male
378 854 515 894 intellexerunt
524 854 643 894 Maestraeus
655 853 676 893 in
688 853 739 893 notis
749 853 774 892 ad
783 853 830 905 Epi-

126 923 195 963 stolam
206 922 285 974 Ignatii,
296 921 427 961 Montacutius
436 921 456 960 in
467 920 540 974 Origin.
552 921 622 961 Eccles.
631 921 645 960 ii
653 929 699 971 457,
708 925 728 960 et
738 919 829 969 Huetiue‚

127 989 237 1029 Demonstr.
249 989 322 1041 Evang.
333 988 345 1028 i.
356 1002 387 1041 pp.
399 997 428 1039 17,
439 991 467 1027 18.

153 1052 301 1109 kiracorporale]
313 1057 413 1104 σωματικόν,
424 1054 547 1106 Sophroniua
570 1054 611 1094 Ubi
620 1053 697 1093 videtur
706 1066 760 1092 error
768 1052 831 1104 irrep·

126 1122 178 1172 sisse,
192 1127 212 1163 et
221 1119 329 1175 'legendum
343 1123 455 1171 «inoperata,
465 1121 590 1173 incorporale,
600 1120 650 1161 sicut
663 1120 684 1160 in
695 1118 831 1160 vetustissimis

127 1187 242 1241 Hieronymi
250 1188 390 1240 exemplaribus
398 1192 508 1228 constanter
516 1187 593 1240 legitur,
602 1192 621 1227 et
630 1187 680 1227 sicut
688 1187 751 1239 ipsum
759 1186 830 1225 Hiero-

126 1267 207 1306 nymum
216 1253 318 1294 Prooemio
327 1254 348 1293 in
357 1254 389 1294 lib.
400 1257 423 1293 18
433 1254 454 1293 in
463 1254 540 1293 Esaiam
553 1253 611 1294 etiam
623 1253 692 1306 legisse
701 1256 786 1305 apparet,
796 1252 830 1292 ubi

126 1320 164 1360 ista
177 1319 275 1360 exstitisse
288 1320 309 1359 in
323 1320 429 1373 Evangelio
444 1321 586 1360 Nazaraeorum
601 1334 612 1359 a
627 1333 647 1359 se
661 1333 723 1372 nuper
736 1318 830 1359 translato

126 1391 226 1427 memorat.
250 1386 418 1437 LFMOYNIUS,
428 1387 472 1427 Var.
484 1387 535 1427 Sacr.
545 1387 559 1426 ii
568 1389 612 1435 418.

154 1451 159 1481 ¹
168 1467 201 1504 epo
211 1467 240 1492 rae
249 1451 346 1508 inperare]
357 1454 410 1494 Haec
417 1455 475 1494 verba
484 1467 519 1493 nec
528 1453 623 1493 habentur
631 1452 682 1504 apud
692 1450 829 1503 Sophronium,

127 1532 161 1559 nec
171 1519 191 1558 in
200 1519 282 1559 vetustis
292 1520 432 1572 exemplaribus
442 1519 608 1560 emendatioribus.
624 1517 758 1558 ERASMUS.

153 1593 169 1614 m
178 1586 254 1625 Peneus
263 1587 298 1637 eet]
310 1585 360 1626 Acta
369 1586 459 1639 Martyiii
468 1586 541 1638 ignatii
549 1585 665 1638 interpolata
674 1584 745 1625 habent
755 1584 829 1624 Graece

126 1650 273 1703 Metaphrastes,
289 1664 314 1690 20
328 1653 373 1692 Dec.
391 1657 411 1693 et
427 1653 496 1692 exinde
513 1652 582 1692 Latine
599 1651 666 1692 Surius
682 1656 701 1691 et
718 1651 828 1697 Bollandus¹

128 1716 217 1756 Calendis
234 1718 339 1758 Februarz
360 1719 432 1758 Graece
449 1724 468 1759 et
485 1718 554 1759 Latine
570 1718 590 1757 in
606 1717 696 1758 Patribus
711 1717 830 1770 Apostolicis

127 1783 240 1823 Gotelerius¹
270 1784 378 1824 Siueeriora
386 1785 399 1824 J
400 1799 427 1825 ao.
434 1785 526 1825 Usserius
535 1785 555 1824 in
565 1784 627 1824 lucem
636 1783 716 1836 protulit
726 1783 795 1823 Latine
805 1798 830 1823 ex
855 1831 857 1834 .

126 1849 200 1902 duplici
213 1850 290 1890 diversa
303 1850 468 1903 interpretatione,
482 1865 540 1903 quam
554 1855 657 1902 utramque
670 1864 680 1890 e
694 1848 751 1891 MSS.
767 1850 828 1890 Godd.

126 1931 170 1957 cum
179 1917 231 1958 notis
242 1918 322 1958 eruditis
331 1919 418 1972 vulgavit
429 1919 449 1958 in
458 1918 570 1970 Appendice
580 1918 686 1971 Ignatiana,
697 1917 757 1957 Lond.
771 1919 830 1968 1647,

128 1997 145 2032 4.
160 1983 227 2024 Etiam
235 1983 330 2025 Graecum
337 1983 433 2026 Actorum
440 1985 514 2038 ignatii
524 1985 622 2037 exemplar
631 1984 652 2024 in
660 1983 709 2024 Bibl.
719 1983 829 2033 Bodleiano,
849 1983 850 1987 ’

127 2050 160 2090 sed
167 2050 328 2102 interpolatorum
335 2051 407 2104 reperit
413 2066 419 2101 3
432 2051 497 2105 itaque
504 2052 588 2092 editione
596 2051 698 2104 indignum
705 2050 829 2092 existimavit.

127 2116 181 2157 Haec
189 2131 236 2158 vero
247 2131 260 2156 a
269 2117 354 2163 Philone,
364 2118 416 2167 Gaio,
426 2123 446 2158 et
456 2118 589 2170 Agathopode,
599 2118 695 2167 Diaconie,
706 2118 738 2170 qui
750 2118 831 2158 beatum

127 2183 200 2223 Ghristi
207 2183 315 2236 Martyrem
325 2198 335 2223 e
343 2184 400 2236 Syria
409 2184 495 2224 comitati
505 2189 564 2234 erant,
573 2184 667 2236 descripta
674 2183 732 2223 luisse
741 2183 778 2223 sibi
787 2198 831 2236 per-

127 2249 194 2290 suadet
201 2263 207 2300 3
222 2255 242 2290 et
255 2263 301 2290 sane
314 2250 335 2290 in
347 2251 476 2291 monumentis
488 2250 546 2303 hujus
559 2239 634 2302 generis
643 2249 733 2290 videntur
742 2263 783 2290 esse
792 2250 831 2291 fide

127 2315 245 2368 dignissima.
273 2317 322 2357 Post
337 2317 439 2357 Usserium
456 2317 522 2357 eadem
537 2317 606 2357 dedere
621 2317 725 2356 Bollandus
740 2317 761 2356 in
774 2317 831 2357 Actis

127 2381 214 2422 Sanctor.
226 2382 316 2422 Galendis
328 2383 384 2423 Febr.
393 2388 441 2423 tom.
451 2384 459 2423 i
470 2397 489 2435 p.
502 2397 526 2434 13
536 2397 563 2436 sq.
579 2388 599 2423 et
612 2383 718 2423 Goteleriue
731 2384 752 2423 in
767 2384 830 2424 Patri·

126 2447 162 2487 bus
177 2447 304 2501 Apostolieis,
317 2453 364 2488 tom.
376 2463 392 2488 2.
423 2449 495 2489 Graece
511 2449 593 2501 denique
610 2453 629 2489 et
646 2449 714 2489 Latine
731 2464 741 2489 e
758 2449 830 2490 Godice

127 2513 241 2555 Golbertiuo
260 2515 321 2555 edidit
337 2515 464 2556 Theodericus
482 2516 593 2560 Ruinartus,
609 2515 630 2555 in
646 2515 701 2556 Actis
720 2516 830 2568 Martyrum

128 2580 213 2630 Seleetis,
223 2581 283 2621 Paris.
294 2582 351 2632 1689,
360 2595 377 2630 4.
406 2581 471 2634 Atque
480 2581 525 2621 inde
535 2582 547 2620 J
549 2596 565 2622 o.
576 2582 669 2622 Ernestus
680 2583 748 2630 Grabe,
758 2586 805 2621 tom.
818 2590 828 2620 '2

127 2647 227 2701 Spicilegii
237 2648 323 2697 Petrum,
333 2647 395 2688 Oxon.
409 2650 466 2699 1699,
475 2651 492 2687 8.
503 2662 546 2701 pag.
558 2662 576 2700 9.
600 2648 646 2688 Plio.
658 2648 743 2700 litigius,
753 2648 774 2686 in
784 2647 830 2687 Bib-

127 2713 209 2754 liotheca
228 2714 309 2753 Petrum
325 2714 442 2766 Apostoliea,
462 2715 513 2767 Lips.
532 2717 589 2767 1699,
607 2717 624 2763 8,
643 2729 665 2754 ac
683 2715 764 2767 denique
781 2705 834 2754 Tha

128 2779 216 2820 Smithus
229 2780 253 2820 ad
265 2781 336 2821 calcem
346 2782 477 2834 Epistolarum
487 2782 565 2834 Ignatii,
576 2781 637 2820 Oxon.
651 2790 707 2832 1709,
719 2796 736 2830 4.
765 2782 791 2820 Iu
800 2781 831 2822 his

127 2845 182 2886 Actis
192 2847 281 2899 Epistola
290 2847 363 2900 Ignatii
372 2849 396 2887 ad
406 2849 503 2888 Romanos
515 2848 587 2887 Graece
600 2847 672 2886 sincere
685 2848 762 2899 legitur,
772 2861 832 2900 quam

128 2911 148 2951 in
158 2913 246 2954 Mediceo
257 2913 327 2954 (lodice
337 2915 427 2955 omissam
436 2916 501 2955 videre
512 2919 611 2967 optaverat
621 2914 647 2953 Is.
657 2914 743 2965 Vossius,
752 2920 832 2955 conten-

127 2983 159 3018 tus
173 2980 252 3020 iuterim
266 2981 402 3033 interpolatum
417 2996 441 3022 ex
450 2983 510 3023 veteri
521 2981 607 3022 versione
617 2980 686 3021 Latina
699 2996 797 3022 recensere
811 2987 831 3022 et

128 3046 226 3099 castigare.
243 3047 395 3088 FABRICIUS.
