1958 3490
309 238 407 305 INDEX
426 236 609 280 uDIrIONUM.
755 234 805 280 lxvii

198 353 226 396 In
238 354 277 396 hac
289 352 388 407 editione,
399 356 481 410 practer
495 352 537 395 alia
551 351 694 395 additamenta
707 350 734 394 ad
748 351 807 394 volu·
816 358 920 398 clamucio.

169 421 232 465 minis
242 421 328 466 secundi
337 422 422 476 calcem,
430 420 539 465 Guilielmi
551 423 602 480 (non
612 420 707 478 chrici)
718 420 807 473 Burton,

169 489 243 545 Boisii,
253 493 275 534 et
288 491 370 535 Davisii
383 491 407 535 in
420 495 531 549 utramque
545 490 662 548 Epistolam
676 489 807 534 animadver-

169 559 244 614 siones,
254 563 355 619 notasque
365 577 412 606 suas
422 561 497 620 adjecit
507 561 607 614 Clericus,
617 559 673 604 unde
682 575 725 604 non
734 575 808 617 parum

168 624 295 675 incommodi
314 632 387 676 lectori
407 632 500 684 affertur,
517 631 594 689 quippe
611 630 645 674 cui
661 629 768 688 Epistolae
784 629 808 672 in

168 701 226 744 tomo
238 700 306 758 primo
318 705 368 746 sunt
377 702 485 760 legendae,
494 701 605 758 Notaeque
619 701 642 744 111
657 699 746 745 secundo
761 714 807 756 pcr-

168 772 232 825 petuo
244 771 378 827 quaerendae.

114 844 191 900 1687,1
201 846 296 900 doadiai,
308 847 320 889 8
330 846 382 890 min.

198 914 282 959 Procas
296 916 439 968 Gououasrus,
450 915 568 958 Sanoroftio
578 913 740 971 Archicpisoopo
752 914 807 957 Can-

168 984 269 1028 tuariensi
283 984 466 1038 Bibliothecarius,
478 984 596 1042 Epistolam
610 988 720 1041 utramque
735 983 808 1036 edidit,

108 1110 110 1113 ἡ
169 1068 217 1096 eum
231 1055 310 1098 notulis
324 1055 402 1111 paucis,
412 1055 507 1098 versione
522 1054 653 1098 Coteleriana
667 1052 738 1109 priori,
748 1052 808 1097 alteri

168 1123 298 1167 Vendeliana
311 1125 412 1182 apposita.
443 1123 589 1167 Pracmittitur
599 1122 711 1167 Vcndelini
724 1122 749 1166 de
760 1122 807 1166 Ole-

169 1193 246 1237 mentis
269 1196 363 1251 tempore
388 1193 503 1237 Divinatio.
548 1193 693 1251 Subjiciuntur
716 1192 808 1236 Thomas

169 1261 274 1305 Brunonis
289 1263 315 1307 dc
329 1263 465 1320 Theraperitis
479 1263 574 1307 Philonis
586 1262 719 1316 Dissertatio,
730 1266 751 1306 et
765 1263 807 1306 fas-

169 1331 247 1375 ciculus
261 1332 405 1390 Epistolarum
422 1333 552 1390 singularem
570 1349 582 1376 a
597 1332 660 1376 variis
675 1332 726 1376 viris
740 1332 807 1376 doctis

168 1401 299 1458 scriptarum.

114 1471 176 1526 1694,
191 1471 286 1525 Loadiuc',
307 1473 463 1529 Repetitionem
483 1472 545 1530 hujus
566 1472 664 1515 editionis
686 1471 807 1515 nesciebant

169 1540 275 1584 Fabricius
285 1546 307 1585 et
318 1542 432 1586 Harlesius.

113 1616 174 1674 1699,
185 1616 274 1672 lausiac,
285 1617 297 1659 8
309 1617 359 1660 min.

196 1686 285 1730 Tuomrs
295 1687 397 1740 Irarerus,
404 1686 427 1730 in
437 1686 569 1730 Bibliotheca
578 1687 667 1743 Patrum
674 1685 805 1743 Apostolico-

167 1770 214 1798 rum
225 1755 399 1809 Graeco-Iratina,
409 1759 520 1813 utramque
530 1756 648 1814 Epistolam
657 1755 722 1809 dedit,
732 1771 758 1798 ex
773 1755 805 1799 ed.

168 1824 287 1878 Oolomcsii,
307 1841 355 1868 cum
375 1828 473 1869 notarum
490 1826 534 1883 ejus
551 1824 659 1883 spicilegio
664 1842 671 1878 ;
691 1828 713 1868 et
732 1824 806 1881 prioris

167 1894 283 1938 versionem
295 1896 309 1937 J
309 1894 409 1938 unianam
422 1910 435 1938 a
445 1895 502 1939 Fello
512 1895 644 1949 recensitam,
654 1895 739 1938 alterius
748 1895 805 1938 Ven-

167 1963 278 2008 delianam.
819 1966 821 1968 ¹

195 2033 307 2077 Praemisit
321 2034 425 2091 eruditam
440 2035 465 2078 de
479 2034 577 2078 Patribus
587 2034 714 2092 Apostolicis
724 2034 805 2078 Disser-

130 2105 132 2113 ‘
166 2102 275 2147 tationem.

113 2177 174 2232 1718,
187 2178 332 2234 consacratae,
343 2180 362 2223 8.
375 2180 434 2237 Tppc'o
443 2180 571 2223 Academicis.

197 2247 311 2292 Hernicus
321 2248 417 2292 Worrou
430 2265 441 2292 e
454 2248 506 2293 0011.
522 2250 544 2292 S.
556 2249 570 2291 J
571 2249 632 2292 ohan.
643 2250 725 2307 Evang.
737 2250 763 2293 A.
773 2250 805 2293 M.

168 2316 258 2360 MStum
273 2317 298 2361 de
312 2333 367 2362 novo
381 2319 479 2373 contulit,
494 2334 563 2375 quem,
579 2334 643 2376 quum
661 2319 735 2363 unicus
752 2324 806 2364 esset

168 2386 246 2441 Codex,
256 2390 401 2444 praeterquam
415 2388 438 2431 in
452 2388 643 2432 abbreviationibus
654 2389 805 2444 usitatioribus,

167 2470 233 2512 usque
242 2456 270 2498 ad
279 2456 361 2500 literam
372 2461 455 2501 secutus
466 2460 504 2511 est,
513 2458 550 2501 ubi
560 2473 573 2501 a
582 2457 665 2514 vulgari
674 2458 753 2502 ratione
763 2458 805 2502 dis-

167 2525 229 2568 cedit.
260 2526 357 2579 Tcxtum,
367 2527 464 2584 plurimis
473 2528 496 2570 111
505 2527 557 2571 locis
567 2543 579 2570 a
590 2527 604 2569 J
605 2527 655 2570 unio
664 2542 739 2583 parum
750 2531 805 2571 recte

167 2594 302 2653 descriptum,
314 2596 434 2653 integritati
449 2612 497 2651 suae
511 2597 611 2640 restituit.
642 2597 717 2650 Notas,
730 2596 805 2653 quibus

166 2665 244 2721 partim
266 2666 368 2720 Bernardi
390 2666 542 2724 objectionibus
564 2666 706 2724 respondetur,
726 2666 805 2722 partim

131 2797 140 2815 a
151 2797 207 2838 uuum
215 2801 272 2832 autem
279 2799 316 2842 jam
323 2799 344 2832 ab
351 2810 396 2833 anno
405 2798 446 2842 1633
454 2799 504 2834 toties
511 2800 553 2833 istae
561 2800 651 2833 clementis
658 2799 742 2842 Epistolae
749 2800 803 2844 prodi·

108 2852 157 2895 crint,
166 2854 223 2887 mirari
232 2854 320 2894 subitores
331 2855 416 2889 nonnullis
426 2856 519 2899 incognitas
530 2855 614 2889 mansisse.
638 2852 719 2899 Exemplo
729 2857 765 2889 esto
774 2857 804 2890 ιῘοἡ

108 2909 172 2943 hunnos
179 2910 261 2953 Palatius,
268 2912 298 2955 qui
305 2912 328 2946 A.
331 2912 350 2946 0.
359 2912 400 2955 1687
408 2912 462 2946 Gesta
468 2912 569 2945 Pontificum
576 2911 690 2944 Romanomm
697 2910 756 2954 edidit,
762 2915 780 2946 ct
786 2911 804 2946 111

108 2965 152 2999 notis
163 2965 184 2998 ad
194 2969 242 3009 gesta
251 2966 342 3001 Clementis
352 2967 394 3001 duas
401 2967 492 3001 cremensis
500 2967 582 3011 Epistolas
591 2967 721 3009 commemorari,
730 2967 759 3001 scd
770 2978 804 3001 non

108 3023 173 3054 exstare
181 3021 227 3064 dicit,
233 3025 273 3055 tom.
281 3023 287 3055 i
294 3034 310 3066 p.
317 3021 342 3057 16.
355 3023 465 3058 IT'PIGIUS.

621 3078 651 3122 ia
