1958 3490
292 771 592 876 nonirun,
635 860 638 863 ,

91 1132 154 1212 UT
170 1162 202 1212 ad
217 1161 280 1211 hanc
291 1160 356 1210 Aevi
367 1158 506 1227 Apostoliei
517 1164 732 1209 monumentorum
744 1159 793 1209 edi-

90 1245 185 1296 tionem
205 1243 372 1295 adornandam
391 1262 431 1293 me
451 1243 607 1310 accingerem
628 1242 794 1293 anctormihi

90 1328 141 1378 fuit
154 1328 286 1379 Edvardus
302 1327 405 1388 Burton,
421 1327 463 1379 SS.
476 1326 623 1395 Theologiae
640 1345 720 1394 nuper
735 1327 793 1377 Pro-

90 1412 168 1464 fessor
179 1413 280 1480 Regius,
292 1413 331 1463 vir
348 1414 369 1464 si
382 1414 438 1480 quis
454 1413 518 1481 alius
533 1413 564 1463 de
581 1413 651 1464 bonis
666 1411 751 1471 literis,
763 1412 794 1463 de

91 1495 227 1547 Academia
248 1502 339 1557 nostra,
356 1497 390 1547 'de
413 1496 522 1547 Ecclesia
541 1496 679 1564 Anglicana
701 1495 793 1563 optime

90 1581 195 1632 meritus
202 1575 210 1642 7;
229 1581 299 1648 cujus
313 1587 339 1631 et
352 1581 482 1631 memoriae
497 1579 625 1631 dulcedine
641 1586 667 1630 et
678 1580 793 1630 desiderii

92 1665 226 1716 acerbitate
248 1665 358 1716 imbutus
380 1684 433 1716 esse
456 1665 552 1716 animus
574 1683 644 1715 mens
666 1682 793 1731 nunquam

91 1748 192 1800 desinet.
228 1748 276 1799 Oui
292 1749 400 1816 profecto
419 1749 440 1799 si
456 1749 509 1799 vita
526 1748 666 1799 diuturnior
681 1766 794 1799 concessa

80 1832 186 1895 fnisset,
203 1824 267 1884 votis
285 1834 348 1884 meis
367 1852 433 1883 nuno
453 1833 553 1884 demum
572 1833 634 1883 liber
652 1833 740 1883 melius
757 1851 794 1883 re·-

91 1916 230 1984 sponderet,
246 1903 365 1968 lectorum
385 1917 519 1968 commodis
539 1924 565 1968 et
581 1917 687 1990 utilitati
706 1908 797 1968 melius¹

91 2001 227 2070 inserviret.
340 1990 342 1992 V

124 2168 167 2219 Ad
183 2174 270 2219 textus
289 2169 452 2220 recensionem
470 2169 537 2237 qnod
554 2176 656 2238 spectat,
672 2170 794 2221 Ecclesiae

92 2252 249 2320 Smyrnensis
274 2253 413 2321 Epistolam
441 2255 462 2304 si
490 2254 604 2323 excipias,
629 2273 706 2305 novos
734 2274 794 2322 quos

91 2338 185 2399 adirem
204 2338 317 2389 lectionis
340 2339 421 2389 fontes
444 2358 494 2389 non
516 2339 597 2390 habui.
633 2340 721 2402 Quoad
739 2340 794 2390 Ole-

90 2428 201 2497 mente'm
214 2423 362 2484 Romanum,
375 2423 461 2475 (lodex
472 2423 657 2475 Alexandrinus
672 2425 699 2474 in
713 2425 794 2475 Musei

25 2533 29 2538 ·
92 2494 229 2556 Britailnioi
247 2506 402 2557 Bibliotheca
421 2513 518 2574 praesto
541 2508 590 2559 fuit
608 2526 681 2576 quem
703 2526 747 2575 pro
767 2527 793 2559 re

91 2594 151 2639 nata
174 2589 318 2640 evolverem.
359 2591 401 2641 Ad
424 2590 518 2658 Ignatii
542 2597 568 2640 et
591 2591 718 2658 Polycarpi
738 2609 793 2641 con-

91 2668 191 2726 textum
202 2677 398 2743 concinnandum
416 2678 537 2745 quidquid
552 2679 717 2729 subsidiorum
728 2679 795 2744 apud

92 2765 190 2810 exteros
212 2760 362 2820 adservatur,
380 2779 409 2810 ea
433 2779 473 2810 me
493 2779 563 2828 spero
586 2761 673 2820 omnia,
690 2761 793 2811 maximi

91 2844 210 2894 momenti
223 2850 248 2894 et
256 2844 378 2912 ponderis,
386 2845 446 2895 dum
454 2864 499 2913 per
507 2845 580 2896 ferias
591 2845 674 2913 plures
686 2846 793 2897 aestivas

92 2923 238 2987 Florentiae,
257 2928 357 2988 Romae,
376 2929 482 2988 Parisiis,
504 2929 664 2980 Vindobonae
684 2930 793 2997 aliquan*-

91 3009 169 3079 tisper
186 3031 352 3075 commorarer,
369 3014 510 3081 inspexisse.
545 3014 576 3065 ln
594 3034 689 3066 summa
709 3022 793 3066 antem
858 3072 859 3082 2

578 3120 593 3150 a

414 3236 429 3276 a
438 3236 557 3279 effe-”area

408 3274 427 3288 ’Ἣ
441 3289 445 3298 ι
455 3282 494 3307 2¹1„-
506 3299 508 3302 ,
548 3278 558 3306 ¹[v
