1931 3420
236 289 237 292 ,
265 254 303 296 ΕΤ
318 254 545 299 FORMULARUM.
760 258 789 300 35

46 367 101 407 οίκυυς
109 369 143 404 τῶν
151 365 233 413 ἀδελφῶν
241 378 274 410 μου
283 365 316 403 σδν
323 366 390 415 γυναιξλ

46 421 73 461 κσῖ
82 421 151 460 τέκνοις.
161 418 206 471 Igu.
217 417 294 470 Smyrn.
308 431 337 468 13.
362 435 389 457 ρο.

444 380 497 413 μενοι.
508 365 573 417 Polyc.
585 365 635 404 Phil.
647 374 665 417 7.
685 369 728 414 μετά
739 383 790 418 γονυ-

444 420 512 459 κλισίας
521 420 635 468 καὶδεήσεως.
645 420 704 460 Mart.
714 421 759 473 Ign.
769 433 787 472 7.

44 477 115 526 μιστέον
124 476 160 512 ταῖς
168 473 250 523 γυναιξίν.
260 473 303 524 Igu.
311 472 388 525 Fragm.
417 475 453 511 Δεῖ.
481 473 567 513 Τυιοότοις
581 474 611 512 οὖν
623 475 737 525 δποδείγμασι
747 478 787 514 κολ-

44 545 63 571 v.
92 531 150 568 ἔπειτα
164 528 191 565 καῖ
204 528 234 566 τὰς
247 530 326 578 γυναῖκας
336 530 388 577 ὑμῶν.

46 584 115 636 Polyc.
127 581 172 621 Phil
180 594 200 630 4.

18 640 123 688 Δαιμσνικός.
152 636 202 674 οῖσιν
210 636 307 685 ἀσωμάτοις
316 639 343 676 καῖ
352 638 387 681 δαι-

44 696 124 743 μονικοῖς.
134 690 179 742 Ign.
190 690 267 742 Smyrn.
279 703 297 729 2.
330 694 389 731 πᾶσαν

27 789 30 800 .
44 747 179 786 καταδικάσαντα
202 746 297 794 δαιμονικὴν
314 748 386 794 πλάνην.

44 799 158 851 Mart.1gn.
170 812 188 838 2.

18 858 112 905 Δαιμόνιον.
142 855 173 892 σιἰκ
182 854 216 901 εῖμῖ
224 855 308 903 δαιμόνιον
316 856 386 903 ἀσώμα-

44 926 79 949 τον.
89 909 132 961 Igu.
143 907 219 960 Smym
230 920 247 958 3.
278 910 388 959 ἀφεστήκασι

43 966 77 1015 γάρ
90 964 173 1003 ἀπδιτῶν
184 964 251 1001 δουλῖιν
263 966 293 1001 τοῦ
308 969 352 1003 θεοῦ
366 966 387 1002 τὰ

44 1021 125 1067 δαιμόνια.
145 1016 258 1069 Mart.1gn.
270 1029 288 1056 2.
315 1020 341 1057 Τά
350 1020 386 1064 δαι·

43 1076 93 1122 μόνια
101 1076 135 1111 τῶν
144 1072 200 1110 ε’θνῶν.
211 1070 237 1111 ib.

17 1129 91 1177 Δαίμων.
105 1127 120 1164 εῖ
129 1127 152 1175 μὴ
161 1127 232 1174 τὴντῶν
241 1127 323 1175 δαιμόνων
329 1128 387 1166 ἕλοιτο

43 1181 128 1231 λατρείαν.
136 1180 194 1220 Μνυδ.
204 1179 248 1232 Igu.
260 1194 278 1219 2.
307 1185 357 1220 κακόν
365 1198 386 1230 με

42 1238 86 1286 πρὸς
94 1236 134 1274 τοὺς
143 1236 227 1284 δαίμονας.
236 1234 263 1274 ib.

16 1292 98 1341 Δάκρυον.
121 1290 235 1340 παραθέμενος
252 1291 295 1338 μετὰ
311 1290 387 1342 δακριῖων

42 1348 67 1397 τῷ
84 1345 146 1395 Κυρίῳ.
165 1343 223 1383 Μυκδ.
233 1343 278 1396 Ign.
288 1357 307 1384 2.
344 1340 386 1383 Τού-

42 1415 76 1437 των
93 1401 175 1437 αὐτόπται
192 1401 278 1448 γενόμενοι
295 1401 337 1448 μετά
356 1400 386 1437 δα-

42 1453 130 1504 κρύων.7.

11 1507 115 1547 Δακτόλιος.
144 1510 180 1547 τοῖς
195 1508 290 1547 δακτυλίοις
303 1511 337 1559 τῶν
349 1509 384 1557 φυ-

41 1560 244 1613 λάρχων.(δῖθι]1.Ῑ43
316 1601 319 1604 .

15 1619 100 1655 Δαπανάν.
127 1618 174 1666 Πυρί
182 1631 204 1654 σε
212 1620 255 1655 ποιῶ
264 1617 383 1665 δαπανηθῆναι.

42 1670 101 1710 Mart.
117 1670 182 1722 Polyc.
200 1682 230 1709 11.
259 1671 280 1708 οὗ
295 1671 385 1719 δυνάμενον

41 1727 123 1763 αὐτοῦτὸ
137 1730 187 1773 σῶμα
200 1726 233 1763 ὖπδ
247 1727 277 1763 τοιῖ
289 1727 343 1775 πυρδς
354 1726 383 1763 δα-

41 1781 139 1829 πανηθῆναι.
152 1781 182 1818 16.

14 1834 68 1873 Δέειν,
96 1838 106 1872 ὁ
114 1836 173 1874 λαῖκδς
181 1833 269 1883 ἅνθρωπος
275 1837 311 1873 τοῖς
319 1836 384 1873 λαϊκοῖς

40 1891 173 1939 προστάγμασιν
188 1888 257 1926 δέδεται.
295 1887 356 1926 Olem.
372 1887 383 1926 I

42 1955 74 1990 40.
109 1943 169 1988 λαβὼν
191 1943 243 1982 αὐτάς
265 1943 332 1990 ἔδησεν,
356 1944 383 1980 καὶ

41 1998 155 2048 ἐσφράγισεν.
173 2009 205 2047 43.
243 1997 266 2034 Σὺ
280 1998 311 2044 μὲν
325 1997 384 2043 δήσεις

40 2051 52 2089 ἀ
65 2053 97 2096 δεῖ,
111 2053 171 2101 φησίν,
186 2053 258 2099 δεθῆναι,
273 2050 351 2103 Fragm.
362 2063 381 2089 x.

40 2107 60 2143 αὖ
70 2106 127 2154 δήσεις
138 2108 168 2144 τὸν
176 2108 277 2145 πταίσαντα.
288 2104 315 2144 ib.
336 2106 382 2144 δεδε-

40 2161 90 2207 μένον
103 2162 137 2199 ἀπδ
150 2163 216 2211 Συρίας.
244 2159 288 2214 Igu.
299 2159 349 2211 Eph.
366 2172 381 2198 1.

442 528 514 576 ληθῆναι
523 530 550 566 καλ
561 529 604 576 ἡμᾶς
611 518 645 567 δεῖ,
663 528 745 568 01611κῖ
756 531 788 578 46.

443 582 469 621 τίς
476 582 531 631 ἀρκεῖ.
537 584 560 622 ὣς
566 584 607 626 ἔδει,
615 584 677 626 εἰπεῖνς
687 597 719 633 49.
734 582 789 624 οὕτως

443 636 469 673 δεῖ
477 637 521 686 η’μάς
531 638 603 687 φρονεῖν
610 639 651 687 περί
659 638 723 685 Ἰησοῦ.
735 637 758 676 ΙΙ
772 650 788 678 Ι.

442 692 462 728 οὐ
472 692 498 730 δεῖ
507 691 551 739 ἡμεῖς
559 692 611 741 μικρίι
620 693 696 741 φρονεῖν.
708 691 735 731 ib.
763 692 789 731 δτι

442 746 469 782 δεῖ
478 747 519 784 τοδς
529 746 659 793 ἀπολλυμένους
673 748 740 793 σώζειν.
769 760 788 786 2.

442 801 463 837 οδ
472 800 499 838 δεῖ
510 799 553 847 ἡμεῖς
563 801 660 850 φοβεῖσθαι
671 800 710 840 τοδς
722 800 788 850 ἀνθρώ-

442 870 491 893 πους.
503 866 521 902 4.
550 855 609 892 δεῖδὲ
623 855 666 902 ἡμεῖς
680 859 735 907 τουτῷ
745 855 788 901 ιῖπο-

442 909 551 958 ταξαμένους.
563 910 582 948 6.
598 909 665 947 Εῖδέναι
674 909 717 957 ἡμᾶς
727 911 758 948 δεῖ.
770 917 787 959 7.

441 966 473 1000 Δεῖ
489 964 520 1002 οὖν
538 964 581 1012 ἡμεῖς
592 993 596 1003 .
608 992 613 1002 .
625 965 740 1014 ,φυλάσσειν
758 965 789 1012 τὴν

445 1019 506 1067 σάρκα.
516 1030 535 1067 9.
568 1019 592 1056 Σδ
609 1019 641 1067 μὲν
659 1017 717 1066 δήσεις
733 1019 744 1056 ἀ
762 1020 789 1057 δεῖ

441 1070 518 1124 Fragm.
531 1085 551 1111 x.
580 1073 608 1111 καλ
619 1072 680 1112 λόσεις
692 1073 703 1110 δ
716 1074 747 1112 δεῖ.
760 1072 787 1119 ib.

441 1125 460 1163 δν
473 1128 500 1165 δεῖ
511 1129 553 1164 κατὰ
563 1127 604 1166 τοὺς
616 1129 692 1166 κανόνας.
708 1126 735 1166 ib.
756 1128 787 1176 ε’μὲ

440 1181 474 1231 γὰρ
492 1183 526 1219 ἔδει
544 1182 575 1231 ὑφ’
593 1182 641 1229 ὑμῶν
655 1182 786 1232 ὑπολειφθῆναι.

442 1233 486 1286 Ign.
493 1234 544 1286 Eph.
553 1249 571 1286 3.
595 1234 648 1275 οὕτως
654 1237 681 1273 δεῖ
685 1236 728 1283 ἡμεῖς
735 1237 787 1275 αὗτδν

441 1289 528 1339 δέχεσθαι.
540 1290 558 1328 6.
586 1290 609 1329 ὣς
622 1291 674 1328 αὐτὸν
685 1292 715 1328 τδν
724 1288 788 1339 Κόρῖον

441 1343 468 1381 δεῖ
477 1345 601 1394 προσβλέπειν.
614 1343 639 1383 ib.
668 1344 697 1383 υδς
706 1346 733 1383 δεῖ
743 1346 787 1392 ὑμᾶς

441 1398 464 1437 ὡς
473 1399 522 1449 θηρία
533 1400 619 1437 ἐκκλίνειν.
630 1406 647 1448 7.
670 1398 699 1438 οὓς
709 1401 736 1437 δεῖ
744 1400 787 1446 ὑμᾶς

440 1453 571 1501 φυλάσσεσθαι.
581 1452 608 1491 ib.
641 1455 674 1490 Δεῖ
681 1453 700 1490 δέ
709 1455 736 1491 καλ
745 1454 786 1493 τοὺς

439 1507 530 1546 διακόνους.
550 1506 607 1546 ΤταΠ.
626 1519 643 1546 2.
673 1510 702 1545 νῖν
717 1509 751 1558 γάρ
764 1524 786 1556 με
812 1519 816 1525 ’

438 1561 465 1599 δεῖ
478 1562 532 1600 πλέον
548 1562 651 1611 φοβεῖσθαι.
669 1574 688 1610 4.
716 1563 746 1601 οδς
764 1564 785 1600 οὗ

439 1617 491 1663 μόνον
505 1616 531 1654 δεῖ
548 1617 592 1665 ὑμᾶς
608 1617 631 1664 μὴ
647 1616 783 1665 παραδέχεσθαι.

439 1669 516 1721 Smyrn.
529 1682 547 1717 4.
575 1671 631 1709 πάντα
642 1669 732 1718 ὑπομένειν
741 1670 785 1719 ἡμᾶς

437 1725 469 1768 δεῖ,
481 1723 514 1763 ἵνα.
528 1723 592 1775 Polye.
604 1736 623 1773 3.
652 1726 684 1762 Διδ
695 1724 734 1762 δέον
742 1725 784 1763 ἀπέ-

381 1797 383 1801 ·
437 1779 507 1827 χεσθαι.
525 1777 589 1830 Polyc.
605 1777 654 1817 Phil.
671 1786 688 1827 5.
710 1780 737 1816 δεῖ
749 1781 783 1829 γὰρ

437 1833 574 1883 εὐλαβεστέρους
585 1833 634 1880 ἡμᾶς.
648 1832 706 1871 Mar'fi.
719 1832 784 1884 Polyc.

439 1899 457 1926 2.
486 1890 519 1925 Δεῖ
529 1903 551 1935 με
561 1889 615 1934 ζῶντα
623 1888 751 1935 κατακαυθῆναι.
764 1896 783 1937 5.

438 1940 469 1980 Of.
483 1954 512 1980 12.
522 1940 572 1979 ’Ἔδει
580 1942 614 1992 γάρ
623 1944 643 1979 τδ
650 1944 694 1990 τῆς.
703 1971 708 1980 .
718 1943 784 1981 .όπτα-

438 1995 478 2035 σίας
492 1997 610 2045 πληρωθῆναι.
634 2009 664 2035 12.
701 1997 740 2034 δέον
755 1996 786 2034 σόν

438 2051 486 2088 ε’στιν
494 2050 593 2100 προθύμους
605 2050 648 2099 ἡμᾶς
660 2048 708 2089 εἶναι.
723 2050 783 2090 (δλθιῐι.

438 2104 450 2143 I
467 2117 500 2154 34.
529 2105 568 2142 δέον
585 2104 616 2142 οὖν
633 2105 694 2144 αιἰτοδς
712 2107 784 2154 φυλάσ-
837 2133 838 2136 ¹

438 2161 501 2205 σεσθαι
507 2160 529 2196 τίς
538 2159 641 2209 ἐγκλήματα.
648 2159 692 2211 Igu.
700 2158 758 2209 Trall.
766 2172 783 2198 2.

40 2217 61 2253 Et
75 2217 108 2265 γὰρ
122 2216 149 2253 καὶ
163 2216 235 2265 δέδεμαι.
250 2227 268 2264 3.
282 2218 302 2254 θλ
316 2215 382 2266 Magn.
411 2215 481 2253 Δείδειν.
510 2214 594 2257 δεδοικώς,
604 2213 627 2261 μί]
636 2229 673 2251 τινα
682 2218 715 2251 τῖον
724 2215 783 2264 όλιγσ-

43 2281 73 2307 12.
115 2270 202 2318 δεδεμένος
218 2271 242 2309 εἷς
258 2270 323 2317 Ῥώμην
337 2270 382 2307 ἀπά-

437 2268 512 2318 ψιῖχων.
522 2297 527 2307 .
536 2295 540 2306 .
548 2270 634 2315 ἀποβάλῃ.
644 2267 703 2307 Marii.
711 2268 755 2319 Ign.
766 2280 783 2307 1.

39 2339 96 2373 γομαι.
125 2323 174 2376 Eph.
192 2337 224 2363 21.
265 2324 347 2375 δεδεμένῳ
366 2324 384 2361 έν
410 2323 503 2361 Δεικνόναι.
531 2321 550 2359 έν
565 2327 599 2360 τῶν
615 2322 668 2371 ἀρέων
684 2323 785 2374 ἀνέδειξεν

39 2378 97 2427 Ἰησοῦ
108 2383 183 2431 Χριστῷ.
197 2378 256 2418 Τκαλλ.
268 2390 286 2416 1.
321 2380 342 2416 οὐ
353 2393 382 2415 κσ-

40 2433 78 2471 θότι
91 2434 164 2481 δέδεμαι.
177 2443 195 2483 5.
224 2435 257 2484 ἐγὼ
270 2431 289 2470 τί
302 2433 369 2481 δέδεμαι
376 2449 382 2476 ,·

42 2499 73 2525 10.
88 2488 175 2534 δεδεμένος
183 2490 283 2539 ε’νΧριστηῖ.
294 2486 351 2526 Rom.
363 2499 381 2526 1.

40 2545 77 2579 Νῦν
87 2543 165 2590 μανθάνω
178 2543 271 2591 δεδεμένος.
287 2554 306 2589 4.
334 2542 381 2579 δεδε-

39 2596 90 2642 μένος
106 2597 146 2634 δέκα
158 2598 265 2646 λεοπάρδσις.
284 2604 302 2644 5.
336 2598 354 2634 ἐν
369 2593 383 2646 ᾦ

40 2651 128 2699 δεδεμένος
136 2653 225 2700 φοβοῦμαι
235 2652 307 2699 μᾶλλον.
335 2649 381 2688 Phi·

39 2703 77 2743 lad.
89 2714 108 2754 5.
141 2707 205 2755 μάρτυς
219 2706 239 2743 δέ
250 2720 280 2754 μοι
293 2703 338 2756 ε’νῷ
353 2705 381 2741 δέ-

437 2379 488 2428 αδτηῖ.
507 2375 568 2415 (δλθηι.
587 2375 599 2414 Ι
619 2388 650 2415 10.
684 2376 705 2414 δι’
724 2377 784 2426 ὀρνέου

436 2432 525 2469 δείκνυσιν.
542 2431 574 2469 26.
597 2430 636 2467 ἀλλ’
650 2429 678 2468 ἵνα
690 2433 726 2469 τοῖς
739 2432 783 2479 μετά

435 2489 489 2523 ταῦτα
504 2485 558 2531 δείξῃ.
576 2483 652 2535 Fragm.
672 2483 684 2522 i.
713 2486 784 2524 Δεικνδς

435 2539 497 2577 τούτου
505 2541 536 2576 τοῦ
545 2540 598 2588 λόγου
607 2540 627 2575 τὸ
638 2540 726 2587 φορτικόν.
738 2538 781 2589 Ign.

436 2593 512 2644 Fragm.
528 2591 542 2630 i.
570 2592 597 2630 ’ίνα
613 2593 659 2639 δείξῃ
675 2591 700 2629 ότι
714 2593 783 2641 ἀληθῶς

435 2648 509 2692 ἀνέλαβε
525 2651 582 2695 σῶμα.
599 2645 640 2685 viii.
678 2647 742 2693 ἔδειξεν
756 2647 783 2685 ὅτι

436 2704 484 2741 θεός.
494 2701 520 2740 ib.

40 2761 124 2811 δεμαι.7.
152 2760 198 2809 κάγὼ
211 2761 231 2797 τδ
243 2761 298 2798 δοκεῖν
308 2761 382 2808 δέδεμαι.
410 2756 534 2794 Δειλαίνεσθαι.
549 2755 648 2803 οδκιῖισπερ
657 2755 781 2792 τινῖινδειλαι-

40 2813 117 2865 Smyrn.
128 2826 147 2862 4.
181 2815 201 2851 οὐ
216 2815 256 2864 περὶ
270 2814 359 2861 δεδεμένου
372 2813 382 2861 ἢ
436 2812 496 2858 νόμενα
509 2810 542 2858 οὐχ
551 2810 624 2859 ἥφαντο.
637 2808 680 2860 Igu.
693 2807 749 2848 Rom.
762 2818 781 2858 5.

39 2869 138 2917 λελυμένου.
152 2869 170 2906 6.
208 2869 295 2916 δεδεμένος
311 2869 381 2917 θεοπρε-
409 2865 473 2903 Δειλία.
502 2865 616 2913 ἐπερρόννυεν
630 2864 686 2901 αὐτῶν
700 2864 731 2911 τὴν
747 2864 781 2901 δει-

38 2925 130 2961 πεστάτοις
139 2924 215 2971 δεσμοῖς.
228 2935 259 2962 11.
290 2923 354 2969 ἔδησαν
363 2923 382 2959 δὲ
435 2918 480 2956 λίαν.
490 2917 548 2956 Mart.
559 2916 623 2968 Polyc.
635 2930 653 2966 3.

38 2976 164 3016 αὐτόνΜνκδ.
175 2976 239 3028 Polyo.
252 2989 283 3026 14.
410 2975 484 3012 Δειλιᾶν.
519 2973 558 3009 ἰδὼν
571 2973 593 3009 τὰ
611 2972 660 3021 θηρία
679 2973 781 3012 ε’δειλίασεν.

12 3032 80 3079 Δέησις.
113 3032 143 3079 μία
159 3031 256 3082 προσενχὴ,
271 3031 302 3080 μία
318 3031 380 3079 δέησις.
436 3026 494 3067 Μαιδ.
505 3025 569 3077 Polyc.
581 3038 599 3075 4.
682 3026 683 3030 ’

39 3085 84 3138 Igu.
99 3086 163 3138 Magn.
175 3096 192 3137 7.
230 3086 310 3133 δεῖρσεσιν
324 3084 380 3124 ιιῖτοίι-
409 3084 471 3120 Δεινός.
501 3082 593 3129 αἰκίσματα
608 3082 654 3119 δεινὰ
671 3083 697 3119 καὶ
713 3083 781 3120 ἀνόσια.

501 3149 532 3175 92
