<?xml version="1.0" encoding="UTF-8"?>
<!DOCTYPE html PUBLIC "-//W3C//DTD XHTML 1.0 Transitional//EN"
    "http://www.w3.org/TR/xhtml1/DTD/xhtml1-transitional.dtd">
<html xmlns="http://www.w3.org/1999/xhtml" xml:lang="en" lang="en">
 <head>
  <title>
</title>
<meta http-equiv="Content-Type" content="text/html;charset=utf-8" />
  <meta name='ocr-system' content='tesseract 3.04.00' />
  <meta name='ocr-capabilities' content='ocr_page ocr_carea ocr_par ocr_line ocrx_word'/>
</head>
<body>
  <div class='ocr_page' id='page_1' title='image "./MN41360ucmf_0/MN41360ucmf_0_0038.png"; bbox 0 0 1919 3395; ppageno 0'>
   <div class='ocr_carea' id='block_1_1' title="bbox 201 181 729 229">
    <p class='ocr_par' dir='ltr' id='par_1_1' title="bbox 201 181 729 229">
     <span class='ocr_line' id='line_1_1' title="bbox 201 181 729 229; baseline 0.004 -4"><span class='ocrx_word' id='word_1_1' title='bbox 201 181 237 225; x_wconf 79' lang='lat' dir='ltr'><em>xiv</em></span> <span class='ocrx_word' id='word_1_2' title='bbox 370 184 410 227; x_wconf 80' lang='lat' dir='ltr'><em>DE</em></span> <span class='ocrx_word' id='word_1_3' title='bbox 426 184 448 227; x_wconf 80' lang='lat' dir='ltr'><em>S.</em></span> <span class='ocrx_word' id='word_1_4' title='bbox 464 184 638 229; x_wconf 76' lang='lat' dir='ltr'><em>cunMuNuls</em></span> <span class='ocrx_word' id='word_1_5' title='bbox 654 184 729 228; x_wconf 85' lang='lat' dir='ltr'>ROM.</span> 
     </span>
    </p>
   </div>
   <div class='ocr_carea' id='block_1_2' title="bbox 418 300 663 550">
    <p class='ocr_par' dir='ltr' id='par_1_2' title="bbox 418 300 663 550">
     <span class='ocr_line' id='line_1_2' title="bbox 418 300 627 351; baseline 0.005 -13"><span class='ocrx_word' id='word_1_6' title='bbox 418 300 538 351; x_wconf 74' lang='grc' dir='ltr'>Ἀποκάλυψις</span> <span class='ocrx_word' id='word_1_7' title='bbox 546 300 627 339; x_wconf 83' lang='grc' dir='ltr'>Ἰωάννου.</span> 
     </span>
     <span class='ocr_line' id='line_1_3' title="bbox 418 355 658 417; baseline -0.013 -11"><span class='ocrx_word' id='word_1_8' title='bbox 418 368 515 417; x_wconf 69' lang='grc' dir='ltr'>Κλήμεντος</span> <span class='ocrx_word' id='word_1_9' title='bbox 525 370 545 408; x_wconf 82' lang='grc' dir='ltr'><em>ε’.</em></span> <span class='ocrx_word' id='word_1_10' title='bbox 554 398 558 408; x_wconf 91' lang='lat'><strong>.</strong></span> <span class='ocrx_word' id='word_1_11' title='bbox 567 397 571 407; x_wconf 92' lang='lat'>.</span> <span class='ocrx_word' id='word_1_12' title='bbox 582 398 586 407; x_wconf 90' lang='lat'><em>.</em></span> <span class='ocrx_word' id='word_1_13' title='bbox 595 371 628 416; x_wconf 85' lang='grc' dir='ltr'><em>,λη</em></span> <span class='ocrx_word' id='word_1_14' title='bbox 637 355 658 404; x_wconf 66' lang='lat' dir='ltr'><em>X.</em></span> 
     </span>
     <span class='ocr_line' id='line_1_4' title="bbox 420 422 663 481; baseline -0.004 -8"><span class='ocrx_word' id='word_1_15' title='bbox 420 435 539 473; x_wconf 76' lang='grc' dir='ltr'>....εντοςε’</span> <span class='ocrx_word' id='word_1_16' title='bbox 545 462 602 473; x_wconf 82' lang='lat'>.....</span> <span class='ocrx_word' id='word_1_17' title='bbox 611 422 663 481; x_wconf 56' lang='grc' dir='ltr'><em>ληῖ.</em></span> 
     </span>
     <span class='ocr_line' id='line_1_5' title="bbox 418 489 645 550; baseline 0 -12"><span class='ocrx_word' id='word_1_18' title='bbox 418 502 487 550; x_wconf 79' lang='grc' dir='ltr'>Ψολμοὶ</span> <span class='ocrx_word' id='word_1_19' title='bbox 496 503 604 549; x_wconf 74' lang='grc' dir='ltr'>Σολομῶντος</span> <span class='ocrx_word' id='word_1_20' title='bbox 613 489 645 538; x_wconf 54' lang='lat'><em>1’1}</em></span> 
     </span>
    </p>
   </div>
   <div class='ocr_carea' id='block_1_3' title="bbox 161 580 901 2985">
    <p class='ocr_par' dir='ltr' id='par_1_3' title="bbox 161 580 901 701">
     <span class='ocr_line' id='line_1_6' title="bbox 202 580 901 635; baseline 0 -12"><span class='ocrx_word' id='word_1_21' title='bbox 202 581 316 635; x_wconf 76' lang='lat' dir='ltr'><em>Gatalogum</em></span> <span class='ocrx_word' id='word_1_22' title='bbox 325 582 423 635; x_wconf 82' lang='lat' dir='ltr'><em>integrum</em></span> <span class='ocrx_word' id='word_1_23' title='bbox 431 582 497 622; x_wconf 82' lang='lat' dir='ltr'><em>videas</em></span> <span class='ocrx_word' id='word_1_24' title='bbox 505 582 557 634; x_wconf 89' lang='lat' dir='ltr'><em>apud</em></span> <span class='ocrx_word' id='word_1_25' title='bbox 568 581 698 635; x_wconf 74' lang='lat' dir='ltr'><em>Bevcrcgium</em></span> <span class='ocrx_word' id='word_1_26' title='bbox 708 580 755 622; x_wconf 73' lang='lat' dir='ltr'><em>sou.</em></span> <span class='ocrx_word' id='word_1_27' title='bbox 766 582 840 623; x_wconf 74' lang='lat' dir='ltr'><em>Canon.</em></span> <span class='ocrx_word' id='word_1_28' title='bbox 850 583 901 623; x_wconf 82' lang='lat' dir='ltr'><em>Eccl.</em></span> 
     </span>
     <span class='ocr_line' id='line_1_7' title="bbox 161 648 462 701; baseline 0 -13"><span class='ocrx_word' id='word_1_29' title='bbox 161 678 164 683; x_wconf 53' lang='lat'><em>1</em></span> <span class='ocrx_word' id='word_1_30' title='bbox 202 649 261 688; x_wconf 90' lang='lat' dir='ltr'><em>Prim.</em></span> <span class='ocrx_word' id='word_1_31' title='bbox 269 648 326 689; x_wconf 84' lang='lat' dir='ltr'><em>Vind.</em></span> <span class='ocrx_word' id='word_1_32' title='bbox 336 649 368 688; x_wconf 91' lang='lat' dir='ltr'><em>lib.</em></span> <span class='ocrx_word' id='word_1_33' title='bbox 377 649 391 688; x_wconf 93' lang='lat' dir='ltr'><em>ii</em></span> <span class='ocrx_word' id='word_1_34' title='bbox 401 662 436 701; x_wconf 89' lang='lat' dir='ltr'><em>cap</em></span> <span class='ocrx_word' id='word_1_35' title='bbox 444 662 462 699; x_wconf 86' lang='lat'><em>9.</em></span> 
     </span>
    </p>

    <p class='ocr_par' dir='ltr' id='par_1_4' title="bbox 201 714 901 831">
     <span class='ocr_line' id='line_1_8' title="bbox 228 714 901 770; baseline 0 -14"><span class='ocrx_word' id='word_1_36' title='bbox 228 714 239 744; x_wconf 77' lang='lat' dir='ltr'>h</span> <span class='ocrx_word' id='word_1_37' title='bbox 248 714 342 770; x_wconf 74' lang='lat' dir='ltr'><em>abutitur]</em></span> <span class='ocrx_word' id='word_1_38' title='bbox 355 715 388 755; x_wconf 88' lang='lat' dir='ltr'><em>Ita</em></span> <span class='ocrx_word' id='word_1_39' title='bbox 396 715 488 754; x_wconf 82' lang='lat' dir='ltr'><em>Erasmus</em></span> <span class='ocrx_word' id='word_1_40' title='bbox 498 727 590 754; x_wconf 86' lang='lat' dir='ltr'><em>consensu</em></span> <span class='ocrx_word' id='word_1_41' title='bbox 600 714 660 755; x_wconf 83' lang='lat' dir='ltr'><em>Oodd.</em></span> <span class='ocrx_word' id='word_1_42' title='bbox 685 714 754 755; x_wconf 89' lang='lat' dir='ltr'><em>Malim</em></span> <span class='ocrx_word' id='word_1_43' title='bbox 762 720 828 756; x_wconf 87' lang='lat' dir='ltr'><em>tamen</em></span> <span class='ocrx_word' id='word_1_44' title='bbox 837 717 901 769; x_wconf 85' lang='lat' dir='ltr'><em>legere</em></span> 
     </span>
     <span class='ocr_line' id='line_1_9' title="bbox 201 781 849 831; baseline 0.002 -10"><span class='ocrx_word' id='word_1_45' title='bbox 201 782 270 822; x_wconf 80' lang='lat' dir='ltr'><em>utitur.</em></span> <span class='ocrx_word' id='word_1_46' title='bbox 298 783 349 822; x_wconf 89' lang='lat' dir='ltr'><em>Nam</em></span> <span class='ocrx_word' id='word_1_47' title='bbox 359 782 454 821; x_wconf 81' lang='lat' dir='ltr'>Eusebius</span> <span class='ocrx_word' id='word_1_48' title='bbox 463 781 521 820; x_wconf 88' lang='lat' dir='ltr'><em>habet</em></span> <span class='ocrx_word' id='word_1_49' title='bbox 530 781 641 831; x_wconf 81' lang='grc' dir='ltr'>χρησάμενος.</span> <span class='ocrx_word' id='word_1_50' title='bbox 657 782 680 820; x_wconf 86' lang='grc' dir='ltr'><em>Ε.</em></span> <span class='ocrx_word' id='word_1_51' title='bbox 692 781 710 822; x_wconf 80' lang='lat' dir='ltr'><em>S.</em></span> <span class='ocrx_word' id='word_1_52' title='bbox 722 781 849 822; x_wconf 73' lang='lat' dir='ltr'><strong>OYPRIAN.</strong></span> 
     </span>
    </p>

    <p class='ocr_par' dir='ltr' id='par_1_5' title="bbox 197 847 900 1831">
     <span class='ocr_line' id='line_1_10' title="bbox 228 847 900 903; baseline 0 -15"><span class='ocrx_word' id='word_1_53' title='bbox 228 850 234 878; x_wconf 76' lang='lat' dir='ltr'><em>i</em></span> <span class='ocrx_word' id='word_1_54' title='bbox 243 849 349 889; x_wconf 70' lang='lat' dir='ltr'><em>similitudo</em></span> <span class='ocrx_word' id='word_1_55' title='bbox 358 847 400 903; x_wconf 80' lang='lat' dir='ltr'><em>eat]</em></span> <span class='ocrx_word' id='word_1_56' title='bbox 413 847 464 889; x_wconf 81' lang='lat' dir='ltr'><em>Satis</em></span> <span class='ocrx_word' id='word_1_57' title='bbox 473 847 546 887; x_wconf 85' lang='lat' dir='ltr'><em>indicat</em></span> <span class='ocrx_word' id='word_1_58' title='bbox 555 861 598 887; x_wconf 90' lang='lat' dir='ltr'><em>eam</em></span> <span class='ocrx_word' id='word_1_59' title='bbox 605 848 714 901; x_wconf 81' lang='lat' dir='ltr'><em>Epistulam</em></span> <span class='ocrx_word' id='word_1_60' title='bbox 720 849 782 889; x_wconf 83' lang='lat' dir='ltr'><em>videri</em></span> <span class='ocrx_word' id='word_1_61' title='bbox 790 848 900 898; x_wconf 72' lang='lat' dir='ltr'><em>Clementis,</em></span> 
     </span>
     <span class='ocr_line' id='line_1_11' title="bbox 201 914 899 968; baseline -0.003 -12"><span class='ocrx_word' id='word_1_62' title='bbox 201 916 276 957; x_wconf 86' lang='lat' dir='ltr'><em>etiamsi</em></span> <span class='ocrx_word' id='word_1_63' title='bbox 284 920 362 968; x_wconf 84' lang='lat' dir='ltr'><em>propter</em></span> <span class='ocrx_word' id='word_1_64' title='bbox 369 914 497 955; x_wconf 84' lang='lat' dir='ltr'><em>contentiosos</em></span> <span class='ocrx_word' id='word_1_65' title='bbox 506 927 545 953; x_wconf 91' lang='lat' dir='ltr'><em>non</em></span> <span class='ocrx_word' id='word_1_66' title='bbox 554 914 613 954; x_wconf 84' lang='lat' dir='ltr'><em>audet</em></span> <span class='ocrx_word' id='word_1_67' title='bbox 621 914 686 967; x_wconf 85' lang='lat' dir='ltr'><em>palam</em></span> <span class='ocrx_word' id='word_1_68' title='bbox 692 915 754 956; x_wconf 86' lang='lat' dir='ltr'><em>fateri.</em></span> <span class='ocrx_word' id='word_1_69' title='bbox 765 914 899 956; x_wconf 75' lang='lat' dir='ltr'><strong>ERASMUS.</strong></span> 
     </span>
     <span class='ocr_line' id='line_1_12' title="bbox 200 980 899 1035; baseline 0 -13"><span class='ocrx_word' id='word_1_70' title='bbox 200 982 298 1035; x_wconf 76' lang='lat' dir='ltr'><strong>Epistulae</strong></span> <span class='ocrx_word' id='word_1_71' title='bbox 307 983 331 1022; x_wconf 89' lang='lat' dir='ltr'><em>ad</em></span> <span class='ocrx_word' id='word_1_72' title='bbox 341 982 439 1022; x_wconf 86' lang='lat' dir='ltr'><em>Hebraeos</em></span> <span class='ocrx_word' id='word_1_73' title='bbox 449 980 529 1020; x_wconf 82' lang='lat' dir='ltr'><em>exhibet</em></span> <span class='ocrx_word' id='word_1_74' title='bbox 539 981 586 1021; x_wconf 87' lang='lat' dir='ltr'><em>haec</em></span> <span class='ocrx_word' id='word_1_75' title='bbox 594 986 625 1022; x_wconf 84' lang='lat' dir='ltr'><em>tot</em></span> <span class='ocrx_word' id='word_1_76' title='bbox 634 981 743 1033; x_wconf 76' lang='lat' dir='ltr'><em>consimiles</em></span> <span class='ocrx_word' id='word_1_77' title='bbox 752 982 899 1035; x_wconf 80' lang='lat' dir='ltr'><em>phraseologias,</em></span> 
     </span>
     <span class='ocr_line' id='line_1_13' title="bbox 201 1046 900 1101; baseline -0.001 -12"><span class='ocrx_word' id='word_1_78' title='bbox 201 1052 231 1089; x_wconf 81' lang='lat' dir='ltr'><em>tot</em></span> <span class='ocrx_word' id='word_1_79' title='bbox 240 1053 334 1089; x_wconf 74' lang='lat' dir='ltr'>torrentes</span> <span class='ocrx_word' id='word_1_80' title='bbox 344 1048 397 1101; x_wconf 90' lang='lat' dir='ltr'><em>quasi</em></span> <span class='ocrx_word' id='word_1_81' title='bbox 412 1048 436 1087; x_wconf 89' lang='lat' dir='ltr'><em>ab</em></span> <span class='ocrx_word' id='word_1_82' title='bbox 450 1046 513 1086; x_wconf 90' lang='lat' dir='ltr'><em>isthoc</em></span> <span class='ocrx_word' id='word_1_83' title='bbox 527 1047 580 1087; x_wconf 84' lang='lat' dir='ltr'><em>fonte</em></span> <span class='ocrx_word' id='word_1_84' title='bbox 594 1048 691 1098; x_wconf 86' lang='lat' dir='ltr'><em>oriundos,</em></span> <span class='ocrx_word' id='word_1_85' title='bbox 700 1053 723 1088; x_wconf 85' lang='lat' dir='ltr'><em>ut</em></span> <span class='ocrx_word' id='word_1_86' title='bbox 736 1062 775 1088; x_wconf 90' lang='lat' dir='ltr'><em>non</em></span> <span class='ocrx_word' id='word_1_87' title='bbox 789 1049 861 1089; x_wconf 89' lang='lat' dir='ltr'><em>mirum</em></span> <span class='ocrx_word' id='word_1_88' title='bbox 874 1048 900 1089; x_wconf 87' lang='lat' dir='ltr'><em>sit</em></span> 
     </span>
     <span class='ocr_line' id='line_1_14' title="bbox 200 1108 897 1168; baseline 0.001 -13"><span class='ocrx_word' id='word_1_89' title='bbox 200 1120 301 1167; x_wconf 86' lang='lat' dir='ltr'><em>utramque</em></span> <span class='ocrx_word' id='word_1_90' title='bbox 310 1108 374 1155; x_wconf 82' lang='lat' dir='ltr'><em>eidem</em></span> <span class='ocrx_word' id='word_1_91' title='bbox 385 1113 461 1154; x_wconf 85' lang='lat' dir='ltr'><em>authori</em></span> <span class='ocrx_word' id='word_1_92' title='bbox 474 1113 612 1166; x_wconf 73' lang='lat' dir='ltr'><em>antiquitatem</em></span> <span class='ocrx_word' id='word_1_93' title='bbox 623 1129 684 1167; x_wconf 86' lang='lat' dir='ltr'><em>paene</em></span> <span class='ocrx_word' id='word_1_94' title='bbox 697 1128 774 1155; x_wconf 86' lang='lat' dir='ltr'><em>omnem</em></span> <span class='ocrx_word' id='word_1_95' title='bbox 784 1116 897 1168; x_wconf 79' lang='lat' dir='ltr'><em>ascripsisse.</em></span> 
     </span>
     <span class='ocr_line' id='line_1_15' title="bbox 200 1179 900 1234; baseline 0.003 -13"><span class='ocrx_word' id='word_1_96' title='bbox 200 1181 301 1221; x_wconf 88' lang='lat' dir='ltr'><em>Praetereo</em></span> <span class='ocrx_word' id='word_1_97' title='bbox 310 1181 366 1230; x_wconf 85' lang='lat' dir='ltr'><em>enim,</em></span> <span class='ocrx_word' id='word_1_98' title='bbox 375 1180 427 1233; x_wconf 89' lang='lat' dir='ltr'><em>quod</em></span> <span class='ocrx_word' id='word_1_99' title='bbox 436 1179 503 1220; x_wconf 90' lang='lat' dir='ltr'><em>eadem</em></span> <span class='ocrx_word' id='word_1_100' title='bbox 514 1194 554 1220; x_wconf 89' lang='lat' dir='ltr'><em>non</em></span> <span class='ocrx_word' id='word_1_101' title='bbox 562 1194 622 1233; x_wconf 90' lang='lat' dir='ltr'><em>pauca</em></span> <span class='ocrx_word' id='word_1_102' title='bbox 631 1181 689 1221; x_wconf 83' lang='lat' dir='ltr'><em>habet</em></span> <span class='ocrx_word' id='word_1_103' title='bbox 698 1186 757 1234; x_wconf 87' lang='lat' dir='ltr'><em>atquc</em></span> <span class='ocrx_word' id='word_1_104' title='bbox 766 1182 833 1222; x_wconf 87' lang='lat' dir='ltr'><em>eodem</em></span> <span class='ocrx_word' id='word_1_105' title='bbox 842 1196 900 1223; x_wconf 90' lang='lat' dir='ltr'><em>sensu</em></span> 
     </span>
     <span class='ocr_line' id='line_1_16' title="bbox 200 1245 899 1301; baseline -0.001 -13"><span class='ocrx_word' id='word_1_106' title='bbox 200 1247 288 1288; x_wconf 74' lang='lat' dir='ltr'><em>Clemens</em></span> <span class='ocrx_word' id='word_1_107' title='bbox 296 1247 328 1287; x_wconf 93' lang='lat' dir='ltr'><em>hic</em></span> <span class='ocrx_word' id='word_1_108' title='bbox 336 1252 406 1292; x_wconf 86' lang='lat' dir='ltr'><em>noster,</em></span> <span class='ocrx_word' id='word_1_109' title='bbox 416 1259 466 1298; x_wconf 77' lang='lat' dir='ltr'><em>quae</em></span> <span class='ocrx_word' id='word_1_110' title='bbox 477 1245 510 1285; x_wconf 88' lang='lat' dir='ltr'><em>ille</em></span> <span class='ocrx_word' id='word_1_111' title='bbox 523 1247 598 1297; x_wconf 83' lang='lat' dir='ltr'>author,</span> <span class='ocrx_word' id='word_1_112' title='bbox 608 1248 717 1301; x_wconf 77' lang='lat' dir='ltr'>quicunque</span> <span class='ocrx_word' id='word_1_113' title='bbox 725 1249 788 1289; x_wconf 80' lang='lat' dir='ltr'><em>iuerat</em></span> <span class='ocrx_word' id='word_1_114' title='bbox 796 1249 899 1301; x_wconf 89' lang='lat' dir='ltr'><em>plusquam</em></span> 
     </span>
     <span class='ocr_line' id='line_1_17' title="bbox 199 1312 899 1367; baseline 0.001 -14"><span class='ocrx_word' id='word_1_115' title='bbox 199 1315 299 1362; x_wconf 88' lang='lat' dir='ltr'><em>humanus,</em></span> <span class='ocrx_word' id='word_1_116' title='bbox 313 1327 348 1353; x_wconf 91' lang='lat' dir='ltr'><em>nec</em></span> <span class='ocrx_word' id='word_1_117' title='bbox 364 1312 413 1352; x_wconf 90' lang='lat' dir='ltr'><em>alius</em></span> <span class='ocrx_word' id='word_1_118' title='bbox 428 1316 506 1364; x_wconf 85' lang='lat' dir='ltr'><em>praeter</em></span> <span class='ocrx_word' id='word_1_119' title='bbox 522 1312 587 1364; x_wconf 90' lang='lat' dir='ltr'><em>ipsum</em></span> <span class='ocrx_word' id='word_1_120' title='bbox 602 1313 656 1354; x_wconf 87' lang='lat' dir='ltr'><em>Novi</em></span> <span class='ocrx_word' id='word_1_121' title='bbox 672 1314 801 1354; x_wconf 88' lang='lat' dir='ltr'><em>Instrumenti</em></span> <span class='ocrx_word' id='word_1_122' title='bbox 816 1315 899 1367; x_wconf 81' lang='lat' dir='ltr'><em>scriptor</em></span> 
     </span>
     <span class='ocr_line' id='line_1_18' title="bbox 198 1378 898 1432; baseline 0.003 -13"><span class='ocrx_word' id='word_1_123' title='bbox 198 1380 236 1419; x_wconf 81' lang='lat' dir='ltr'><em>nisi</em></span> <span class='ocrx_word' id='word_1_124' title='bbox 254 1380 349 1419; x_wconf 76' lang='lat' dir='ltr'><em>rarissime</em></span> <span class='ocrx_word' id='word_1_125' title='bbox 367 1379 436 1418; x_wconf 83' lang='lat' dir='ltr'><em>iisdem</em></span> <span class='ocrx_word' id='word_1_126' title='bbox 452 1378 520 1428; x_wconf 81' lang='lat' dir='ltr'><em>utitur,</em></span> <span class='ocrx_word' id='word_1_127' title='bbox 537 1393 556 1419; x_wconf 88' lang='lat' dir='ltr'><em>v.</em></span> <span class='ocrx_word' id='word_1_128' title='bbox 573 1394 601 1432; x_wconf 84' lang='lat' dir='ltr'><em>gr.</em></span> <span class='ocrx_word' id='word_1_129' title='bbox 620 1382 727 1432; x_wconf 76' lang='grc' dir='ltr'>δημιουργός,</span> <span class='ocrx_word' id='word_1_130' title='bbox 743 1382 813 1432; x_wconf 81' lang='grc' dir='ltr'>νωθρός,</span> <span class='ocrx_word' id='word_1_131' title='bbox 828 1382 898 1431; x_wconf 82' lang='grc' dir='ltr'>βοηθός,</span> 
     </span>
     <span class='ocr_line' id='line_1_19' title="bbox 198 1445 898 1502; baseline 0.003 -17"><span class='ocrx_word' id='word_1_132' title='bbox 198 1447 292 1498; x_wconf 78' lang='grc' dir='ltr'>ἡγούμενοι,</span> <span class='ocrx_word' id='word_1_133' title='bbox 309 1446 417 1497; x_wconf 76' lang='grc' dir='ltr'>παρεμβολή,</span> <span class='ocrx_word' id='word_1_134' title='bbox 439 1445 510 1492; x_wconf 59' lang='lat' dir='ltr'><em>trasco,</em></span> <span class='ocrx_word' id='word_1_135' title='bbox 529 1448 625 1496; x_wconf 80' lang='grc' dir='ltr'>φιλοξενία,</span> <span class='ocrx_word' id='word_1_136' title='bbox 646 1448 768 1497; x_wconf 78' lang='grc' dir='ltr'>ἐγκοταλείπω,</span> <span class='ocrx_word' id='word_1_137' title='bbox 786 1448 898 1502; x_wconf 63' lang='lat' dir='ltr'><em>turicremas,</em></span> 
     </span>
     <span class='ocr_line' id='line_1_20' title="bbox 198 1511 899 1565; baseline 0.001 -13"><span class='ocrx_word' id='word_1_138' title='bbox 198 1513 306 1564; x_wconf 72' lang='grc' dir='ltr'>ἀπαύγασμα,</span> <span class='ocrx_word' id='word_1_139' title='bbox 323 1512 401 1561; x_wconf 73' lang='grc' dir='ltr'>εὐλαβής,</span> <span class='ocrx_word' id='word_1_140' title='bbox 418 1511 515 1561; x_wconf 76' lang='grc' dir='ltr'>σκληρύνω,</span> <span class='ocrx_word' id='word_1_141' title='bbox 532 1516 636 1563; x_wconf 73' lang='grc' dir='ltr'>μαρτυρεῖνῑ</span> <span class='ocrx_word' id='word_1_142' title='bbox 655 1517 675 1552; x_wconf 73' lang='lat' dir='ltr'><em>ei</em></span> <span class='ocrx_word' id='word_1_143' title='bbox 693 1512 748 1565; x_wconf 76' lang='lat' dir='ltr'><em>siqua</em></span> <span class='ocrx_word' id='word_1_144' title='bbox 766 1518 812 1553; x_wconf 83' lang='lat' dir='ltr'><em>sunt</em></span> <span class='ocrx_word' id='word_1_145' title='bbox 829 1513 899 1553; x_wconf 79' lang='lat' dir='ltr'><em>similia</em></span> 
     </span>
     <span class='ocr_line' id='line_1_21' title="bbox 197 1578 899 1631; baseline 0 -12"><span class='ocrx_word' id='word_1_146' title='bbox 197 1579 283 1631; x_wconf 85' lang='lat' dir='ltr'><em>utrisque</em></span> <span class='ocrx_word' id='word_1_147' title='bbox 302 1578 414 1628; x_wconf 87' lang='lat' dir='ltr'><em>communia,</em></span> <span class='ocrx_word' id='word_1_148' title='bbox 431 1578 556 1618; x_wconf 86' lang='lat' dir='ltr'><em>sententiolas</em></span> <span class='ocrx_word' id='word_1_149' title='bbox 574 1579 633 1619; x_wconf 88' lang='lat' dir='ltr'><em>etiam</em></span> <span class='ocrx_word' id='word_1_150' title='bbox 651 1579 744 1631; x_wconf 80' lang='lat' dir='ltr'><em>quasdem</em></span> <span class='ocrx_word' id='word_1_151' title='bbox 759 1580 836 1620; x_wconf 86' lang='lat' dir='ltr'><em>videtur</em></span> <span class='ocrx_word' id='word_1_152' title='bbox 853 1580 899 1619; x_wconf 86' lang='lat' dir='ltr'><em>inde</em></span> 
     </span>
     <span class='ocr_line' id='line_1_22' title="bbox 198 1645 898 1698; baseline 0.001 -13"><span class='ocrx_word' id='word_1_153' title='bbox 198 1645 305 1697; x_wconf 82' lang='lat' dir='ltr'><em>sumpsisse,</em></span> <span class='ocrx_word' id='word_1_154' title='bbox 322 1645 378 1684; x_wconf 89' lang='lat' dir='ltr'><em>etin</em></span> <span class='ocrx_word' id='word_1_155' title='bbox 395 1658 437 1684; x_wconf 85' lang='lat' dir='ltr'><em>rem</em></span> <span class='ocrx_word' id='word_1_156' title='bbox 456 1657 511 1683; x_wconf 84' lang='lat' dir='ltr'><em>suam</em></span> <span class='ocrx_word' id='word_1_157' title='bbox 529 1645 686 1695; x_wconf 75' lang='lat' dir='ltr'><em>accommodasse,</em></span> <span class='ocrx_word' id='word_1_158' title='bbox 704 1659 787 1698; x_wconf 89' lang='lat' dir='ltr'><em>quarum</em></span> <span class='ocrx_word' id='word_1_159' title='bbox 804 1646 825 1685; x_wconf 90' lang='lat' dir='ltr'><em>in</em></span> <span class='ocrx_word' id='word_1_160' title='bbox 843 1651 898 1686; x_wconf 84' lang='lat' dir='ltr'><em>tuam</em></span> 
     </span>
     <span class='ocr_line' id='line_1_23' title="bbox 197 1710 897 1767; baseline 0.001 -15"><span class='ocrx_word' id='word_1_161' title='bbox 197 1713 285 1767; x_wconf 85' lang='lat' dir='ltr'><em>gratiam,</em></span> <span class='ocrx_word' id='word_1_162' title='bbox 305 1713 412 1765; x_wconf 88' lang='lat' dir='ltr'><em>quicunque</em></span> <span class='ocrx_word' id='word_1_163' title='bbox 432 1710 459 1751; x_wconf 87' lang='lat' dir='ltr'><em>sis</em></span> <span class='ocrx_word' id='word_1_164' title='bbox 479 1711 549 1751; x_wconf 86' lang='lat' dir='ltr'><em>horum</em></span> <span class='ocrx_word' id='word_1_165' title='bbox 566 1712 676 1752; x_wconf 86' lang='lat' dir='ltr'><em>Authorum</em></span> <span class='ocrx_word' id='word_1_166' title='bbox 694 1712 797 1762; x_wconf 84' lang='lat' dir='ltr'><em>studiosus,</em></span> <span class='ocrx_word' id='word_1_167' title='bbox 815 1713 897 1753; x_wconf 85' lang='lat' dir='ltr'><em>exhibeo</em></span> 
     </span>
     <span class='ocr_line' id='line_1_24' title="bbox 197 1779 651 1831; baseline 0 -13"><span class='ocrx_word' id='word_1_168' title='bbox 197 1779 246 1819; x_wconf 88' lang='lat' dir='ltr'><em>hanc</em></span> <span class='ocrx_word' id='word_1_169' title='bbox 259 1779 409 1831; x_wconf 88' lang='lat' dir='ltr'><em>qualemcunque</em></span> <span class='ocrx_word' id='word_1_170' title='bbox 422 1779 539 1828; x_wconf 74' lang='grc' dir='ltr'>σκιαγραφίαν</span> <span class='ocrx_word' id='word_1_171' title='bbox 552 1783 572 1818; x_wconf 86' lang='lat' dir='ltr'><em>et</em></span> <span class='ocrx_word' id='word_1_172' title='bbox 585 1781 651 1819; x_wconf 82' lang='grc' dir='ltr'>πίνακα,</span> 
     </span>
    </p>

    <p class='ocr_par' dir='ltr' id='par_1_6' title="bbox 218 1849 758 1895">
     <span class='ocr_line' id='line_1_25' title="bbox 218 1849 758 1895; baseline 0 -1"><span class='ocrx_word' id='word_1_173' title='bbox 218 1860 312 1894; x_wconf 75' lang='lat' dir='ltr'><em>Actiacocol</em></span> <span class='ocrx_word' id='word_1_174' title='bbox 319 1861 405 1895; x_wconf 80' lang='lat' dir='ltr'><em>Hebraeos.</em></span> <span class='ocrx_word' id='word_1_175' title='bbox 526 1849 527 1852; x_wconf 11' lang='grc' dir='ltr'><strong>Ἴ</strong></span> <span class='ocrx_word' id='word_1_176' title='bbox 591 1859 662 1895; x_wconf 71' lang='lat' dir='ltr'><em>cloacas</em></span> <span class='ocrx_word' id='word_1_177' title='bbox 669 1861 758 1894; x_wconf 77' lang='lat' dir='ltr'><em>Rorcaour.</em></span> 
     </span>
    </p>

    <p class='ocr_par' dir='ltr' id='par_1_7' title="bbox 235 1932 866 2985">
     <span class='ocr_line' id='line_1_26' title="bbox 239 1932 854 1990; baseline -0.002 -16"><span class='ocrx_word' id='word_1_178' title='bbox 239 1934 304 1987; x_wconf 50' lang='lat' dir='ltr'><em>Capi.</em></span> <span class='ocrx_word' id='word_1_179' title='bbox 328 1945 385 1985; x_wconf 81' lang='lat'>3-5.</span> <span class='ocrx_word' id='word_1_180' title='bbox 482 1932 854 1990; x_wconf 64' lang='grc' dir='ltr'><em>(λιμὶςὶςὶςνὶ.’Ὀςὢνᾶτταῦγοομιαιτ.τ.λ.ι</em></span> 
     </span>
     <span class='ocr_line' id='line_1_27' title="bbox 329 2010 347 2051; baseline 0 -12"><span class='ocrx_word' id='word_1_181' title='bbox 329 2010 347 2051; x_wconf 85' lang='lat'><em>7.</em></span> 
     </span>
     <span class='ocr_line' id='line_1_28' title="bbox 330 2079 359 2117; baseline 0.034 -12"><span class='ocrx_word' id='word_1_182' title='bbox 330 2079 359 2117; x_wconf 79' lang='lat'><em>13.</em></span> 
     </span>
     <span class='ocr_line' id='line_1_29' title="bbox 238 2132 866 2186; baseline -0.002 -13"><span class='ocrx_word' id='word_1_183' title='bbox 238 2133 285 2186; x_wconf 72' lang='grc' dir='ltr'>(λῳ.</span> <span class='ocrx_word' id='word_1_184' title='bbox 293 2133 319 2173; x_wconf 84' lang='lat' dir='ltr'><em>iii.</em></span> <span class='ocrx_word' id='word_1_185' title='bbox 329 2147 345 2172; x_wconf 86' lang='lat'><em>2.</em></span> <span class='ocrx_word' id='word_1_186' title='bbox 480 2132 581 2184; x_wconf 69' lang='lat' dir='ltr'><em>Gapxliii.</em></span> <span class='ocrx_word' id='word_1_187' title='bbox 609 2136 675 2173; x_wconf 81' lang='grc' dir='ltr'>Πιστὸς</span> <span class='ocrx_word' id='word_1_188' title='bbox 685 2134 762 2184; x_wconf 79' lang='grc' dir='ltr'>θεράπων</span> <span class='ocrx_word' id='word_1_189' title='bbox 771 2135 789 2173; x_wconf 80' lang='grc' dir='ltr'><em>ἐν</em></span> <span class='ocrx_word' id='word_1_190' title='bbox 797 2135 833 2186; x_wconf 78' lang='grc' dir='ltr'><em>ὅλῳ</em></span> <span class='ocrx_word' id='word_1_191' title='bbox 842 2137 866 2186; x_wconf 75' lang='grc' dir='ltr'><em>τῷ</em></span> 
     </span>
     <span class='ocr_line' id='line_1_30' title="bbox 327 2200 753 2251; baseline 0.002 -13"><span class='ocrx_word' id='word_1_192' title='bbox 327 2209 344 2249; x_wconf 63' lang='grc' dir='ltr'><em>5Δ</em></span> <span class='ocrx_word' id='word_1_193' title='bbox 642 2200 682 2251; x_wconf 77' lang='grc' dir='ltr'>οἴκῳ</span> <span class='ocrx_word' id='word_1_194' title='bbox 691 2217 707 2241; x_wconf 92' lang='grc' dir='ltr'><em>κ.</em></span> <span class='ocrx_word' id='word_1_195' title='bbox 714 2204 753 2240; x_wconf 90' lang='grc' dir='ltr'>τ.λ.</span> 
     </span>
     <span class='ocr_line' id='line_1_31' title="bbox 237 2266 850 2319; baseline 0 -13"><span class='ocrx_word' id='word_1_196' title='bbox 237 2266 284 2319; x_wconf 72' lang='lat' dir='ltr'><em>Cap.</em></span> <span class='ocrx_word' id='word_1_197' title='bbox 291 2266 317 2306; x_wconf 82' lang='lat' dir='ltr'><em>iv.</em></span> <span class='ocrx_word' id='word_1_198' title='bbox 328 2280 359 2315; x_wconf 80' lang='grc'><em>14.</em></span> <span class='ocrx_word' id='word_1_199' title='bbox 479 2266 578 2319; x_wconf 73' lang='lat' dir='ltr'><em>Cap.lviii.</em></span> <span class='ocrx_word' id='word_1_200' title='bbox 607 2270 640 2307; x_wconf 79' lang='grc' dir='ltr'><em>Διὰ</em></span> <span class='ocrx_word' id='word_1_201' title='bbox 649 2272 679 2306; x_wconf 87' lang='grc' dir='ltr'><em>τοῦ</em></span> <span class='ocrx_word' id='word_1_202' title='bbox 688 2269 780 2319; x_wconf 77' lang='grc' dir='ltr'>ἀρχιερέως</span> <span class='ocrx_word' id='word_1_203' title='bbox 789 2284 804 2307; x_wconf 86' lang='grc' dir='ltr'><em>κ.</em></span> <span class='ocrx_word' id='word_1_204' title='bbox 811 2285 826 2306; x_wconf 91' lang='grc' dir='ltr'><em>τ.</em></span> <span class='ocrx_word' id='word_1_205' title='bbox 833 2271 850 2306; x_wconf 93' lang='grc' dir='ltr'><em>λ.</em></span> 
     </span>
     <span class='ocr_line' id='line_1_32' title="bbox 237 2333 840 2386; baseline 0.005 -14"><span class='ocrx_word' id='word_1_206' title='bbox 237 2333 284 2385; x_wconf 78' lang='lat' dir='ltr'><em>Gap.</em></span> <span class='ocrx_word' id='word_1_207' title='bbox 291 2333 318 2373; x_wconf 81' lang='lat' dir='ltr'><em>ri.</em></span> <span class='ocrx_word' id='word_1_208' title='bbox 328 2343 411 2383; x_wconf 82' lang='lat'>13-15.</span> <span class='ocrx_word' id='word_1_209' title='bbox 478 2333 526 2386; x_wconf 79' lang='lat' dir='ltr'><em>Gap.</em></span> <span class='ocrx_word' id='word_1_210' title='bbox 533 2348 551 2374; x_wconf 80' lang='lat' dir='ltr'><em>x,</em></span> <span class='ocrx_word' id='word_1_211' title='bbox 606 2336 687 2386; x_wconf 77' lang='grc' dir='ltr'>Ἀβραὰμ</span> <span class='ocrx_word' id='word_1_212' title='bbox 695 2338 705 2373; x_wconf 86' lang='grc' dir='ltr'>ὁ</span> <span class='ocrx_word' id='word_1_213' title='bbox 714 2336 768 2386; x_wconf 80' lang='grc' dir='ltr'>φιλας</span> <span class='ocrx_word' id='word_1_214' title='bbox 776 2351 792 2373; x_wconf 85' lang='grc' dir='ltr'><em>κ.</em></span> <span class='ocrx_word' id='word_1_215' title='bbox 799 2338 840 2375; x_wconf 62' lang='grc' dir='ltr'><em>αλ.</em></span> 
     </span>
     <span class='ocr_line' id='line_1_33' title="bbox 604 2401 864 2453; baseline -0.004 -14"><span class='ocrx_word' id='word_1_216' title='bbox 604 2403 683 2453; x_wconf 79' lang='grc' dir='ltr'>Ἀβραὰμ</span> <span class='ocrx_word' id='word_1_217' title='bbox 693 2432 697 2441; x_wconf 95' lang='grc'><em>.</em></span> <span class='ocrx_word' id='word_1_218' title='bbox 709 2431 714 2440; x_wconf 89' lang='grc'><strong>.</strong></span> <span class='ocrx_word' id='word_1_219' title='bbox 726 2431 730 2441; x_wconf 90' lang='grc'><strong><em>.</em></strong></span> <span class='ocrx_word' id='word_1_220' title='bbox 740 2403 803 2441; x_wconf 82' lang='grc' dir='ltr'>πιστὸς</span> <span class='ocrx_word' id='word_1_221' title='bbox 816 2401 864 2452; x_wconf 79' lang='grc' dir='ltr'>εὑρέ-</span> 
     </span>
     <span class='ocr_line' id='line_1_34' title="bbox 640 2470 730 2516; baseline -0.011 -9"><span class='ocrx_word' id='word_1_222' title='bbox 640 2470 730 2516; x_wconf 68' lang='lat' dir='ltr'><em>(irruat.</em></span> 
     </span>
     <span class='ocr_line' id='line_1_35' title="bbox 477 2532 762 2585; baseline 0 -13"><span class='ocrx_word' id='word_1_223' title='bbox 477 2532 523 2585; x_wconf 68' lang='lat' dir='ltr'><em>Cap.</em></span> <span class='ocrx_word' id='word_1_224' title='bbox 531 2533 557 2573; x_wconf 85' lang='lat' dir='ltr'><em>ix.</em></span> <span class='ocrx_word' id='word_1_225' title='bbox 607 2536 762 2583; x_wconf 79' lang='grc' dir='ltr'>ΛάβωμενἘνὼχ.</span> 
     </span>
     <span class='ocr_line' id='line_1_36' title="bbox 235 2599 864 2651; baseline -0.003 -13"><span class='ocrx_word' id='word_1_226' title='bbox 235 2599 395 2651; x_wconf 78' lang='lat' dir='ltr'><em>Cap.xi.5--20.</em></span> <span class='ocrx_word' id='word_1_227' title='bbox 531 2600 564 2639; x_wconf 79' lang='lat' dir='ltr'><em>xii.</em></span> <span class='ocrx_word' id='word_1_228' title='bbox 602 2603 630 2639; x_wconf 85' lang='grc' dir='ltr'><em>διὰ</em></span> <span class='ocrx_word' id='word_1_229' title='bbox 639 2600 802 2647; x_wconf 78' lang='grc' dir='ltr'>πίστιν...ἔσώθη</span> <span class='ocrx_word' id='word_1_230' title='bbox 811 2600 864 2642; x_wconf 69' lang='grc' dir='ltr'>Ῥοὰθ</span> 
     </span>
     <span class='ocr_line' id='line_1_37' title="bbox 324 2669 702 2716; baseline 0.003 -12"><span class='ocrx_word' id='word_1_231' title='bbox 324 2679 395 2716; x_wconf 81' lang='lat'>30,31.</span> <span class='ocrx_word' id='word_1_232' title='bbox 639 2669 702 2705; x_wconf 84' lang='grc' dir='ltr'>κ.τ.λ.</span> 
     </span>
     <span class='ocr_line' id='line_1_38' title="bbox 532 2733 862 2782; baseline -0.009 -11"><span class='ocrx_word' id='word_1_233' title='bbox 532 2733 578 2773; x_wconf 81' lang='lat' dir='ltr'><em>xvii.</em></span> <span class='ocrx_word' id='word_1_234' title='bbox 601 2733 666 2772; x_wconf 83' lang='grc' dir='ltr'>Οἵτινες</span> <span class='ocrx_word' id='word_1_235' title='bbox 678 2734 697 2771; x_wconf 81' lang='grc' dir='ltr'><em>ἒν</em></span> <span class='ocrx_word' id='word_1_236' title='bbox 709 2733 791 2782; x_wconf 81' lang='grc' dir='ltr'>δέρμασιν</span> <span class='ocrx_word' id='word_1_237' title='bbox 802 2733 862 2769; x_wconf 88' lang='grc' dir='ltr'>κ.τ.λ.</span> 
     </span>
     <span class='ocr_line' id='line_1_39' title="bbox 235 2795 865 2852; baseline 0 -18"><span class='ocrx_word' id='word_1_238' title='bbox 235 2795 280 2848; x_wconf 74' lang='lat' dir='ltr'><em>cap</em></span> <span class='ocrx_word' id='word_1_239' title='bbox 289 2797 328 2837; x_wconf 87' lang='lat' dir='ltr'><em>xiii.</em></span> <span class='ocrx_word' id='word_1_240' title='bbox 339 2812 354 2848; x_wconf 73' lang='grc' dir='ltr'><em>ι,</em></span> <span class='ocrx_word' id='word_1_241' title='bbox 364 2812 382 2837; x_wconf 87' lang='lat'><em>2.</em></span> <span class='ocrx_word' id='word_1_242' title='bbox 477 2799 523 2852; x_wconf 76' lang='lat' dir='ltr'><em>Gap.</em></span> <span class='ocrx_word' id='word_1_243' title='bbox 533 2800 559 2838; x_wconf 86' lang='lat' dir='ltr'><em>xi.</em></span> <span class='ocrx_word' id='word_1_244' title='bbox 601 2802 633 2838; x_wconf 83' lang='grc' dir='ltr'><em>Διὰ</em></span> <span class='ocrx_word' id='word_1_245' title='bbox 652 2800 754 2850; x_wconf 78' lang='grc' dir='ltr'>φιλοξενίαν</span> <span class='ocrx_word' id='word_1_246' title='bbox 826 2800 865 2835; x_wconf 79' lang='grc' dir='ltr'><em>Λὼτ</em></span> 
     </span>
     <span class='ocr_line' id='line_1_40' title="bbox 641 2867 777 2914; baseline 0 -10"><span class='ocrx_word' id='word_1_247' title='bbox 641 2867 698 2914; x_wconf 78' lang='grc' dir='ltr'><em>ἐσώθη</em></span> <span class='ocrx_word' id='word_1_248' title='bbox 708 2881 723 2903; x_wconf 88' lang='grc' dir='ltr'><em>κ.</em></span> <span class='ocrx_word' id='word_1_249' title='bbox 733 2881 748 2902; x_wconf 89' lang='grc' dir='ltr'><em>τ.</em></span> <span class='ocrx_word' id='word_1_250' title='bbox 759 2867 777 2904; x_wconf 89' lang='grc' dir='ltr'><em>λ.</em></span> 
     </span>
     <span class='ocr_line' id='line_1_41' title="bbox 353 2932 864 2985; baseline -0.01 -11"><span class='ocrx_word' id='word_1_251' title='bbox 353 2941 381 2981; x_wconf 84' lang='grc'><em>17.</em></span> <span class='ocrx_word' id='word_1_252' title='bbox 477 2933 543 2985; x_wconf 68' lang='lat' dir='ltr'><em>Calai.</em></span> <span class='ocrx_word' id='word_1_253' title='bbox 600 2936 738 2981; x_wconf 79' lang='grc' dir='ltr'>ὑποτασσόμενοι</span> <span class='ocrx_word' id='word_1_254' title='bbox 758 2935 793 2970; x_wconf 85' lang='grc' dir='ltr'>τοῖς</span> <span class='ocrx_word' id='word_1_255' title='bbox 813 2932 864 2982; x_wconf 77' lang='grc' dir='ltr'>ἡγοῦ·</span> 
     </span>
    </p>
   </div>
   <div class='ocr_carea' id='block_1_4' title="bbox 638 3002 700 3049">
    <p class='ocr_par' dir='ltr' id='par_1_8' title="bbox 638 3002 700 3049">
     <span class='ocr_line' id='line_1_42' title="bbox 638 3002 700 3049; baseline 0.032 -12"><span class='ocrx_word' id='word_1_256' title='bbox 638 3002 700 3049; x_wconf 87' lang='grc' dir='ltr'>με’νοις.</span> 
     </span>
    </p>
   </div>
   <div class='ocr_carea' id='block_1_5' title="bbox 738 3051 865 3093">
    <p class='ocr_par' dir='ltr' id='par_1_9' title="bbox 738 3051 865 3093">
     <span class='ocr_line' id='line_1_43' title="bbox 738 3051 865 3093; baseline -0.016 0"><span class='ocrx_word' id='word_1_257' title='bbox 738 3051 865 3093; x_wconf 78' lang='lat' dir='ltr'><strong>GRABIUS.</strong></span> 
     </span>
    </p>
   </div>
   <div class='ocr_carea' id='block_1_6' title="bbox 0 0 964 3395">
    <p class='ocr_par' dir='ltr' id='par_1_10' title="bbox 0 0 964 3395">
     <span class='ocr_line' id='line_1_44' title="bbox 0 0 964 3395; baseline 0 2"><span class='ocrx_word' id='word_1_258' title='bbox 0 0 964 3395; x_wconf 95' lang='lat' dir='ltr'><em> </em></span> 
     </span>
    </p>
   </div>
  </div>
 </body>
</html>
