2061 3403
190 137 233 181 184
435 138 457 181 S.
473 135 645 181 CLEMENTIS

189 252 286 323 Ἀγάπη
299 256 380 328 κολλᾷ
391 255 452 324 ἡμᾶς
464 257 499 329 τῷ
514 257 576 328 Θεῷ,
591 253 672 323 ἀγάπη
691 252 804 308 καλύπτει
822 255 886 320 πλῆε

189 345 231 398 θος
243 342 371 412 ἁμαρτιῶν,
384 341 466 417 ἀγάπη
482 340 562 397 πάντα
580 340 693 411 ἀνέχεται,
706 337 785 393 πάντα
797 361 886 409 μακρο-

189 430 264 494 θυμεῖ·
286 426 352 481 οὐδὲν
370 425 495 492 βάναυσον
506 429 531 482 ἐν
543 425 631 497 ἀγάπη,
645 424 711 480 οὐδὲν
727 423 886 498 ὑπεράφανον·

189 512 271 581 ἀγάπη
288 515 385 585 σχίσμα
397 515 440 567 οὐκ
452 513 504 587 ἕχει,
517 512 598 583 ἀγάπη
614 514 642 567 οὐ
657 510 790 580 στασιάζει,
805 508 887 579 ἀγάπη

188 597 267 653 πάντα
281 604 344 653 ποιεῖ
357 601 382 653 ἐν
401 602 506 673 ὁμονοίηι·
527 601 551 653 ἐν
569 603 598 671 τῇ
618 597 699 669 ἀγάπη
717 596 888 665 ἐτελειώθησαν
897 623 909 663 5

188 683 275 743 πάντες
297 688 319 739 οἱ
338 686 443 741 ἐκλεκτοὶ
465 693 508 741 τοῦ
534 691 605 740 Θεοῦ·
633 685 687 758 δίχα
708 683 802 754 ἀγάπης
822 681 888 737 οὐδὲν

188 770 316 843 εὐάρεστόν
328 774 395 827 ἐστιν
413 777 448 846 τῷ
468 776 531 846 Θεῷ.
570 772 614 827 Ἐν
626 770 707 843 ἀγάπη
722 769 888 841 προσελάβετο

188 859 250 927 ἡμᾶς
267 862 280 914 ὁ
297 858 435 927 Δεσπότης
460 859 498 914 διά
516 858 560 927 τὴν
578 857 674 928 ἀγάπην
690 857 720 927 ἢν
739 858 810 929 ἔσχεν
828 854 888 927 πρὸς

188 947 258 1013 ἡμᾶς,
283 945 311 1000 τὸ
335 945 394 1013 αἷμα
418 948 490 1001 αὐτοῦ
515 946 599 1000 ε”δωκεν
624 944 682 1016 ὑπὲρ
706 945 773 1012 ἡμῶν
792 942 888 1011 Ἰησοῦς

188 1031 296 1101 Χριστὸς
309 1034 322 1085 ὃ
335 1031 424 1102 Κάριος
442 1033 516 1100 ἡμῶν,
528 1033 553 1086 ἐν
565 1031 680 1100 θελήματι
700 1035 773 1096 Θεοῦ,
787 1031 826 1084 καὶ
844 1027 888 1097 τὴν
899 1055 922 1081 10

188 1116 269 1188 σάρκα
284 1116 341 1189 ὑπὲρ
357 1121 400 1185 τῆς
418 1118 510 1189 σαρκὸς
529 1119 604 1186 ἡμῶν,
618 1120 657 1172 καὶ
674 1117 718 1186 τὴν
735 1113 817 1190 ψυχὴν
830 1115 888 1186 ὑπὲρ

188 1210 237 1258 τῶν
248 1208 337 1277 ψυχῶν
349 1205 422 1272 ἡμῶν.

78 1310 172 1363 ouamex3
227 1287 266 1344 N'.
287 1290 383 1360 Ὁρᾶτε,
404 1288 530 1359 ἀγαπητοί,
547 1295 598 1347 πῶς
613 1290 674 1359 με’γα
692 1293 731 1344 καὶ
748 1290 888 1357 θαυμαστόν

78 1354 254 1433 {iiiiiime'onv
267 1376 282 1444 ἡ
297 1374 386 1444 ἀγάπη,
399 1380 437 1429 καὶ
457 1379 500 1443 τῆς
517 1375 662 1443 τελειότητος
676 1378 748 1444 αὐτῆς
763 1378 805 1430 οὐκ
822 1375 888 1429 ἔστιν

188 1462 311 1535 ἐξήγησις.
352 1463 395 1520 Τίς
411 1461 490 1520 ἱκανὸς
502 1465 527 1516 ἐν
539 1464 598 1534 αὐτῇ
615 1465 758 1535 εὑρ[εθῆναι],
771 1466 790 1516 εὶ
802 1460 835 1529 μὴ
848 1461 888 1519 οὓς
898 1491 923 1531 15

188 1547 219 1602 ἀν
230 1547 370 1620 καταξιώση
393 1550 416 1620 [ὁ
436 1547 511 1613 Θεός;
532 1549 673 1621 Εὐχάμε]θα
692 1550 734 1603 οὖν
756 1552 794 1603 καὶ
819 1547 887 1603 αἰτώ-

189 1639 249 1702 μεθα
267 1634 324 1706 ἀπ[ὸ
343 1641 386 1689 τοῦ
404 1634 495 1706 ἕλε’]οας
513 1637 592 1702 αὐτοῦ,
605 1634 643 1689 ἵνα
655 1637 679 1689 ἐν
691 1634 772 1707 ἀγάπη
790 1635 887 1707 Kainon}

191 1815 246 1851 πάντα
259 1814 341 1862 ἀνέχεται,
351 1815 405 1852 πάντα
417 1815 526 1864 μακροθυμεῖΙ
554 1826 612 1865 mayr.
633 1818 653 1853 et
671 1814 784 1854 Dresseiius.
812 1813 887 1855 Caeteri

191 1869 248 1918 ἀγάπη
262 1870 316 1917 κολλᾷ
327 1869 370 1917 ἡμᾶς
383 1872 407 1920 τῷ
420 1873 463 1920 Θεῷ,
473 1871 527 1907 πάντα
554 1868 636 1908 editores
645 1882 684 1908 non
693 1873 803 1921 agnoscunt.

191 1926 237 1961 ποιεῖ
245 1924 264 1960 ἐν
273 1924 346 1972 ὁμονοίᾳ·
362 1925 408 1971 ἐντῇ
423 1924 479 1973 ἀγάπῃ
492 1925 526 1961 ἐπε·
580 1923 605 1962 ib.
621 1926 751 1974 ἐτελειώθησαν]
769 1925 801 1964 Sic
813 1925 838 1963 D.
852 1924 886 1963 Jo-

191 1979 288 2025 λειώθησαν
300 1980 362 2016 πάντες
378 1981 394 2015 οἱ
410 1979 485 2016 ἐκλεκτοὶ
497 1982 528 2016 τοῦ
554 1977 631 2027 hannes,
641 1978 676 2031 Ep.
687 1978 765 2028 Iivlss,
776 1983 785 2017 ὁ
795 1980 887 2029 δὲφοβοά-

192 2036 241 2071 θεοῦ.
271 2033 316 2080 Δίχα
331 2033 397 2081 ἀγάπης
410 2033 459 2070 οὐδὲν
471 2034 528 2082 εὐάρε-
554 2049 603 2081 μενος
612 2035 631 2070 οὐ
640 2035 746 2071 τετελείωται
755 2035 773 2071 ἐν
781 2038 802 2081 τῇ
811 2036 874 2083 ἀγάπῃ.

192 2102 235 2124 στον
246 2090 270 2138 τῷ
280 2091 324 2137 θεῷ·
338 2090 368 2134 τῆς
381 2089 486 2134 τελειότητος
499 2089 527 2124 αὐ·
583 2100 599 2136 9.
610 2087 676 2136 Ἰησοῦς
685 2085 767 2142 Χριστὸς]
784 2088 832 2128 Edd.
843 2093 888 2128 ante

191 2139 221 2190 τῆς
232 2144 263 2179 οὐκ
278 2142 326 2179 ἔστιν
337 2142 423 2190 ἐξήγησις,
436 2142 487 2190 φησί·
503 2142 528 2180 τίς
555 2141 674 2191 Wottonum,
684 2156 757 2181 necnon
766 2143 887 2183 Hornemen-

192 2198 247 2236 ἱκανὸς
265 2198 284 2234 ε’ν
301 2198 343 2244 αὐτῇ
361 2197 452 2245 εὑρεθῆναι,
471 2198 486 2234 εἷ
505 2197 528 2244 μὴ
555 2209 596 2245 nus,
611 2200 621 2234 ὁ
636 2202 715 2247 Χριστός.
744 2197 782 2237 Sed
797 2198 838 2239 MS.
855 2212 887 2237 ex·

191 2252 221 2291 οὓς
236 2252 257 2289 ἂν
269 2252 320 2289 αὐτὸς
335 2252 432 2298 καταξιώοη
447 2254 457 2288 ὁ
473 2253 515 2289 θεός
522 2263 527 2298 3
555 2251 609 2290 hibet
621 2258 647 2300 ΙΣ,
658 2265 695 2304 quo
704 2253 761 2292 modo
770 2254 837 2302 Ἰησοῦς
845 2267 887 2306 per-

195 2304 275 2359 [Strom.
285 2305 306 2345 iv
319 2319 337 2357 pi
349 2307 388 2355 613
403 2305 432 2344 ed.
443 2305 526 2356 Potten]
555 2310 613 2358 petuo
623 2306 711 2347 scribitur
720 2308 740 2346 in
749 2308 785 2347 hoo
795 2307 869 2349 Oodioe

190 2360 275 2401 WOTT.
584 2374 613 2400 10»
633 2364 660 2400 καὶ
677 2364 707 2412 τὴν
725 2365 784 2414 σάρκα,
799 2379 813 2403 κ.
828 2381 844 2404 τ.
858 2362 885 2418 λ]

220 2429 237 2455 1.
252 2417 309 2467 ἀγάπη
324 2412 414 2468 κολάππει]
437 2414 469 2454 Sic
487 2414 528 2455 sine
555 2415 617 2455 Poene
639 2418 705 2456 eedem
721 2418 817 2459 habentur
834 2433 845 2458 ο
864 2419 886 2458 Β,

191 2471 273 2511 articulo
282 2471 303 2509 in
314 2470 351 2510 heo
362 2470 421 2510 etiem
431 2469 527 2518 oleusnlo5
555 2471 633 2511 Irenaeo
642 2472 705 2512 forsan
715 2473 827 2526 respiciente
836 2475 888 2514 huno

191 2540 308 2578 quemquem
323 2525 455 2574 Constantine,
471 2525 527 2564 Wot-
554 2525 630 2566 looum:
646 2533 674 2580 Τῷ
690 2530 727 2580 ἰδίῳ
741 2530 771 2567 οὖν
785 2529 841 2578 αἵματι
856 2532 887 2568 λο-

190 2586 254 2630 tonus,
263 2587 283 2621 et
293 2581 412 2628 Goliandiue,
423 2579 482 2619 Millii
494 2593 527 2619 no·
554 2583 662 2631 τραπομένου
676 2584 718 2632 ἡμᾶς
733 2588 763 2622 τοῦ
777 2587 845 2635 Κορέου,
860 2587 887 2623 καὶ

191 2637 248 2681 mine,
255 2636 366 2686 utvidetur,
375 2636 433 2688 oepti,
440 2635 527 2674 inserunt
554 2638 611 2676 δόντος
626 2638 656 2685 τὴν
671 2640 731 2688 ψυχὴν
744 2640 788 2690 ὑπὲρ
802 2645 836 2678 τῶν
847 2640 886 2688 ἡμπ-

191 2693 255 2740 ἡαῐιῒθ
264 2694 325 2743 ἀγάπη,
554 2692 606 2741 τάρων
621 2694 689 2742 ψυχῶν,
704 2696 731 2732 καὶ
745 2698 775 2742 την
788 2698 843 2745 σάρκα
856 2696 887 2743 τὴν

219 2756 236 2796 5.
247 2748 265 2784 ἐν
274 2751 294 2794 τῇ
303 2744 368 2801 ἀγάπη]
384 2746 443 2785 Hunc
456 2744 527 2784 artiou-
554 2748 613 2784 ἑαυτοῦ
625 2749 662 2787 ἀντὶ
673 2754 707 2788 τῶν
718 2750 802 2800 ἡμετέρων
813 2754 885 2800 σαρκῶν.

191 2802 232 2841 lum
241 2816 252 2840 α
262 2801 375 2841 Wottonoe
388 2800 459 2841 Codice
472 2813 527 2852 repo·
557 2800 603 2851 [Vi
619 2815 635 2851 1,
650 2816 667 2855 p.
687 2816 724 2855 292
741 2804 769 2843 ed.
783 2803 883 2859 Masone]

191 2857 250 2897 situm
267 2857 339 2897 hebent
359 2855 432 2896 Oolom.
452 2855 525 2895 Russel.
555 2855 586 2894 Ex
601 2858 695 2897 sententio
711 2858 772 2912 igitur
787 2859 887 2911 utriusque

192 2912 280 2952 (tollenti,
288 2912 380 2951 Hornem.
388 2911 451 2951 Hefel.
460 2910 527 2950 Reith-
555 2911 617 2951 Patris
625 2912 638 2951 J
639 2925 681 2952 oeus
695 2913 783 2954 Christus
792 2915 887 2954 Dominus
