2017 3420
170 221 198 264 10

198 336 271 384 νίζωμοι.
286 333 330 387 Igu.
341 334 391 387 Eph.
403 338 421 375 8.
454 336 538 387 Ἀγνίζετε

197 392 244 439 ὑμῶν
252 391 272 428 τά
282 391 322 439 ε’μδν
330 394 400 439 πνεῦμα.
416 390 473 430 Trull.
487 403 516 441 13.

169 446 251 495 Ἀγνοεῖν.
279 446 380 495 ’.ἀγνοοῦσιν
388 448 422 496 γὰρ
436 446 495 495 ἡλίκην
503 447 539 496 ἔχει

197 501 291 549 βάσονονὴ
299 502 358 539 ἐνθάδε
366 501 467 540 ἀπολανσις.
478 500 537 540 Olem.

197 554 221 593 II
233 568 263 594 10.
291 557 393 606 Ἐπείρασεν
402 559 412 594 ὁ
421 558 464 595 θεὸς
473 558 503 594 τδν
510 557 540 595 Ἀ-

197 612 262 660 βραάμ,
273 613 304 649 οῦκ
313 612 378 662 ἀγνοῶν
386 612 412 650 τίς
421 610 446 658 ἦν.
462 610 538 662 Fragm.

198 664 218 704 ii.
246 666 346 716 ἀγνοοῦντες
362 667 382 704 τδ
396 667 479 716 χάρισμα.
495 666 538 718 Igu.

198 719 291 772 Eph.17.
327 720 369 771 ὅπερ
384 724 394 759 ὁ
409 721 475 771 ἀγνοῶν
488 721 541 768 ἡδέως

197 777 288 824 λαμβάνει.
295 775 352 815 Trall.
362 777 379 815 6.
396 776 429 813 Ὃν
437 792 480 815 τινες
489 776 539 826 ἀγνο-

197 835 256 871 οῦντες
262 832 356 880 άρνοῦνται.
364 829 439 882 Smyrn.
448 839 465 879 5.
485 847 540 880 πρασ-

198 889 243 924 ποιεῖ
257 887 276 923 δέ
290 886 357 935 ἀγνοεῖν
365 902 391 934 με.
406 885 463 924 Marii.
475 884 538 937 Polyc.

201 952 230 979 10.
260 941 326 990 ἀγνοεῖς
335 941 368 991 γάρ
375 942 395 978 τὸ
404 943 434 988 τῆς
443 940 540 989 μελλούσης

198 996 271 1045 κρίσεως
282 1025 298 1034 .,
309 1024 313 1033 .
324 999 364 1045 πῦρ.
382 1007 411 1034 11.
440 996 540 1045 ἀγνοοῦντες

199 1050 228 1088 άτε
241 1052 281 1087 οὔτε
294 1051 324 1087 τάν
332 1052 408 1099 Χριστόν
418 1065 460 1088 ποτε
472 1053 539 1088 καταλι-

197 1107 235 1143 πεῖν
244 1105 355 1153 δυνησόμεθα.
368 1112 398 1154 17.

167 1159 246 1209 ”Αγνοια.
263 1160 323 1210 άγνοια
331 1161 424 1210 καθῃρεῖτο.
435 1158 478 1211 Igu.
489 1158 538 1211 Eph.

202 1227 210 1252 Ι
229 1244 233 1252 .

170 1227 238 1319 Ἀγνάς.
264 1272 306 1318 ἀγνῇ
316 1268 413 1316 συνειδήσει
421 1270 476 1308 πάντα
485 1269 539 1307 ε’πιτε·

198 1326 241 1362 λεῖν,
256 1322 318 1362 Olem.
329 1323 340 1362 I
352 1337 368 1362 Ι.
397 1325 414 1363 τί
429 1325 486 1375 ἀγάπη
497 1324 539 1374 ἁγνῇ

199 1380 245 1428 παρὰ
254 1382 279 1429 τῷ
288 1382 326 1430 θεῷ
339 1378 412 1418 δύναται.
429 1392 460 1417 21.
488 1380 540 1428 ἁγνάς

199 1435 226 1471 καί
239 1435 329 1482 ἁμιάντονς
340 1437 399 1484 χεῖρας
411 1433 492 1484 α’ίροντες.
508 1446 538 1483 29.

198 1488 285 1538 ῒὰγνοδςί
295 1490 400 1536 συμπλοκάς.
416 1502 447 1539 3ο.
471 1491 541 1537 ὁὰγνάς

199 1544 218 1580 ἐν
226 1547 246 1591 τῇ
254 1545 305 1593 σαρκὶ
314 1575 317 1581 .
326 1575 330 1583 ,
339 1572 344 1581 ,
358 1544 390 1594 38.
418 1546 448 1592 τῆς
457 1545 540 1593 φιλαδελ-

199 1599 241 1647 φίας
250 1598 296 1647 ἡμῶν
305 1599 356 1648 ἁγνὴν
365 1598 438 1650 ἀγωγῇν.
450 1600 481 1646 48.
506 1601 540 1647 ἤτω

199 1654 250 1703 ἀγνώς
263 1654 281 1690 ἐν
289 1654 350 1702 ἔργοις.
364 1652 390 1691 ib.
418 1655 447 1691 ε’ἀν
456 1655 478 1702 μὴ
490 1653 541 1703 τηρή-

200 1723 258 1755 σωμεν
272 1709 292 1745 τὸ
307 1710 398 1755 βάπτισμα
413 1711 469 1758 ἁγνάν.
484 1707 507 1746 Π
521 1708 538 1747 6.

199 1764 230 1810 τὴν
248 1764 304 1812 σάρκα
322 1764 374 1813 ἁγνὴν
389 1763 498 1813 τηρήσαντες.
521 1766 539 1802 8.

199 1818 288 1867 Τηρῇσατε
297 1819 327 1865 τὴν
337 1820 393 1868 σάρκα
401 1818 459 1868 ἁγνήν.
473 1817 499 1857 ib.
523 1819 541 1855 ἐν

199 1873 263 1923 ἀμώμῳ
272 1873 299 1910 καὶ
308 1876 350 1923 ἁγνῇ
361 1873 462 1921 συνειδήσει.
475 1872 538 1924 Polyc.

201 1926 249 1965 Phil.
261 1936 278 1976 5.

173 1982 269 2031 Ἀγνώμων.
289 1982 310 2019 τίι
319 1982 389 2020 δοθέντα
398 1982 498 2032 παραμένειν
506 1985 541 2021 τοῖς

201 2037 302 2085 ἀγνώμοσιν.
319 2035 378 2075 olem.
389 2036 465 2088 Fragm.
475 2050 493 2075 v.

173 2091 264 2141 Ἀγρίδιον.
298 2092 392 2138 ὑπεξῆλθεν
415 2093 438 2131 εἷς
460 2092 540 2141 ἀγρίδιον.

201 2145 259 2185 Mari]-
271 2144 334 2196 Polye.
347 2155 364 2194 5.
392 2147 456 2194 μετέβη
470 2148 494 2186 εἷς
507 2147 541 2184 ἕτε-

200 2216 231 2250 ρον
240 2202 321 2250 ἀγρίδιον.
338 2201 355 2238 6.

169 2255 247 2306 Ἄγριος.
275 2257 319 2305 πρὸς
332 2256 352 2292 τὸ
365 2254 424 2305 άγριον
433 2258 487 2293 αὐτῶν
496 2257 542 2304 ὑμεῖς

199 2312 265 2360 ἥμεροι.
284 2309 327 2361 Igu.
348 2309 398 2362 Eph.
416 2323 446 2349 10.
481 2311 543 2359 θηρσὶν

199 2367 265 2416 ἀγρίοις
274 2366 382 2414 παραδοθείς.
392 2364 450 2404 Maru.
461 2364 503 2417 Igu.
515 2375 533 2414 5.

172 2420 245 2471 Ἀγωγῇ.
261 2421 321 2466 ἀνάξια
327 2422 357 2468 τῇς
366 2422 384 2458 ἐν
390 2423 461 2471 Χριστῷ
468 2421 540 2470 ἀγωγῆς.

201 2474 260 2515 Olem.
281 2475 292 2513 I
308 2483 340 2525 47.
376 2478 406 2523 τῆς
424 2476 542 2525 φιλαδελφίας

172 2587 233 2636 Ἀγών.
261 2585 317 2634 Ἀγών
329 2584 349 2632 ἦν
358 2587 397 2633 ὑμῖν
407 2586 470 2635 ἡμέρας
482 2600 501 2622 τε
515 2585 542 2622 καὶ

200 2643 263 2679 νυκτός.
281 2639 340 2678 Olem.
351 2640 363 2678 I
374 2653 390 2678 2.
420 2644 429 2677 ὁ
442 2641 493 2679 αὐτὸς
503 2640 542 2688 ἡμῖν

172 2697 173 2701 ’
200 2696 247 2745 ἀγὼν
256 2696 340 2733 ε’πίκειται.
352 2704 369 2745 7.
398 2697 422 2734 εἷς
435 2696 475 2734 τοῦς
484 2695 541 2745 φθαρ-

151 2778 152 2781 .
200 2751 240 2788 τοὺς
253 2751 319 2800 ἀγῶνας
332 2752 458 2789 καταπλέουσιν
471 2749 540 2788 πολλοί.

201 2804 222 2843 ΙΙ
233 2813 250 2854 7.
279 2806 360 2852 θῶμεν...
369 2806 425 2856 ἀγῶνα
434 2809 464 2843 τὸν
473 2805 540 2855 ἀφθαρ-

200 2876 234 2898 τον.
255 2859 280 2898 ib.
316 2863 326 2896 ὁ
343 2861 373 2898 τὸν
391 2862 468 2911 φθαρτὸν
486 2860 542 2909 ἀγῶνα

200 2916 327 2964 ἀγωνιζόμενος.
341 2913 367 2954 ib.
395 2918 425 2954 τὸν
434 2919 463 2965 τῆς
474 2916 542 2965 ἀφθαρ-

201 2969 240 3008 σίας
249 2970 309 3019 ἀγῶνα.
323 2968 349 3007 ib.

173 3025 298 3073 Ἀγωνίζεσθαι.
323 3026 445 3074 ἀγωνισώμεθα
455 3026 541 3075 εὑρεθῆναι

201 3081 219 3117 ἐν
227 3082 252 3130 τῷ
262 3080 327 3130 ἀριθμῷ
341 3085 375 3118 τῶν
388 3082 503 3128 ὑπομενόντων
512 3082 541 3117 αῦ-

411 221 509 265 INDEX
524 221 696 265 VERBORUM

594 338 627 374 τάν.
639 334 698 375 Ulem.
710 334 721 373 I
731 343 762 384 35.
793 333 849 372 Ὥστε
858 334 893 379 οῦν,
903 362 932 374 ,..

592 391 721 441 ἀγωνισώμεθα.
731 389 753 428 Π
763 397 781 439 7.
809 390 824 427 εί
833 390 855 439 μὴ
864 392 881 427 οἷ
889 391 933 428 πολ-

593 447 616 484 λὰ
632 447 748 489 κοπιάσαντες,
762 445 789 482 καὶ
805 447 860 484 καλῶς
873 445 933 494 ἀγωνι-

594 502 669 549 σάμενοι,
683 499 708 540 ib.
737 500 796 549 Ἡμεῖς
808 499 838 537 οῦν
846 500 933 548 ἀγωνισώ-

593 557 641 606 μεθα,
649 554 677 594 ἵνα
685 557 746 594 πάντες
755 555 896 604 ατεφανωθῶμεν.
906 554 931 593 ib.
955 586 957 589 ,

593 613 621 649 καί
629 611 751 661 ἀγωνισώμεθα
764 608 791 647 ἳνα
803 611 830 647 κοί
844 610 933 660 στεφανω-

594 667 653 715 θῶμεν.
669 665 695 706 ib.
724 668 733 703 6
747 666 777 703 τὸν
786 664 864 715 φθαρτὸν
876 664 933 715 ἀγῶνα

594 722 718 771 ἀγωνιζόμενος.
733 719 758 759 ib.

563 774 626 826 *4144
652 776 719 824 Ἰησοῦς
728 776 802 825 Χριστὸς
811 772 874 823 ᾅδεται,
888 773 932 827 Igu.

594 829 645 882 Eph.
656 843 674 879 4.
702 830 754 879 ᾅδητε
768 831 787 867 ἒν
798 831 847 879 φωνῇ
863 832 893 878 μιᾷ
906 831 933 868 διὰ

593 886 651 932 Ἰησοῦ
660 889 737 935 Χριστοῦ
746 887 769 937 τηῖ
779 886 840 935 Πατρί.
850 883 875 923 ib.
897 883 933 934 ᾅδω

593 941 624 979 τὰς
638 941 732 988 ἐκκλησίας.
752 939 818 991 Magn.
835 952 851 978 1.
879 937 933 989 ᾅσητε

594 998 617 1041 τῶ
626 996 689 1045 Πατρί.
703 994 758 1034 Rom.
771 1007 788 1033 2.

567 1049 648 1099 Ἀδελφή.
676 1052 717 1089 Ταῖς
731 1050 815 1098 ἀδελφοῖς
829 1064 862 1098 μου
878 1064 933 1098 προσ-

593 1106 649 1143 λάλει,
664 1104 707 1156 Igu.
717 1104 781 1156 Polyc.
793 1113 810 1153 5.

566 1160 706 1209 Ἀδελφοκτονία,
728 1160 791 1209 φθόνος
800 1158 933 1208 ἀδελφοκτονίαν

594 1216 722 1265 κατειργάσατο.
738 1213 797 1253 Olem.
808 1212 819 1251 I
829 1226 847 1262 4.

566 1270 658 1319 Ἀδελφός.
695 1269 773 1319 ἀδελφοί.
788 1267 847 1308 Olem.
863 1267 932 1316 15¹4.

596 1322 933 1374 ωωωώωωπῶ

595 1380 668 1428 46›5²¹
690 1378 713 1417 Π
725 1391 741 1427 1,
751 1377 837 1428 425⁶&
851 1379 868 1416 8·
889 1377 931 1429 Ign·
965 1416 967 1421 ·

594 1434 650 1472 Rom.
664 1435 682 1472 6.
697 1433 760 1485 Polyc.
776 1432 825 1472 Phil.
841 1446 858 1483 3.
873 1432 931 1472 Mart.

595 1489 658 1541 Polye.
671 1502 688 1538 1,
703 1504 721 1543 4,
737 1501 768 1527 22.
805 1489 879 1538 ἀδελφοί
894 1504 932 1535 μου,

595 1542 654 1583 Olem.
669 1543 692 1582 II
705 1552 722 1594 7,
735 1556 806 1593 10,11.
828 1544 870 1595 Igu.
881 1542 931 1594 Eph.

597 1599 626 1638 16.
642 1598 714 1644 Philad.
728 1611 746 1648 3,
757 1607 773 1648 5.
811 1599 870 1645 ἀνδρες
883 1598 932 1635 ἀδελ-

594 1656 631 1702 φοί.
656 1653 715 1693 Olem.
729 1653 781 1702 114,
795 1662 827 1703 37,
837 1665 870 1702 43.
899 1653 933 1691 ἀπὸ

593 1711 688 1758 προσώπου
697 1709 754 1747 Ἠσαῦ
768 1712 799 1746 τοῦ
812 1709 889 1757 ἀδελφοῦ
903 1709 933 1745 οὐ·

594 1768 629 1802 τοῦ.
641 1777 659 1811 4.
687 1765 794 1813 ἐξεχώρησεν
802 1766 832 1812 τῆς
840 1766 872 1813 γῆς
881 1764 933 1800 αῦτοῦ

595 1819 615 1856 δι’
625 1820 707 1868 ἀδελφάν.
725 1831 757 1867 31.
791 1819 865 1868 ἀδελφοὶ
878 1819 933 1855 αὐτῶν

595 1875 690 1924 εὑρηθῶμεν
699 1877 719 1922 τῇ
729 1871 813 1921 ἐπιεικείᾳ.
828 1873 871 1924 Igu.
882 1872 932 1923 Eph.

597 1942 626 1968 10.
655 1929 665 1976 ἡ
677 1929 734 1978 ἀγάπη
745 1933 778 1966 τῶν
786 1929 873 1978 ἀδελφῶν.
888 1926 932 1965 Phi·

594 1983 631 2022 lad.
654 1997 675 2021 11
701 1987 721 2023 et
744 1983 819 2034 Smyrn.
842 1995 871 2021 12.
899 1982 933 2030 ἅμα

595 2040 683 2088 Ἐφεσίοις
709 2041 745 2077 τοῖς
773 2039 855 2087 ἀδελφοῖς
881 2038 932 2085 ὑμῶν.

596 2092 671 2144 Smyru.
688 2105 717 2130 12.
745 2093 784 2131 τοῦς
798 2091 853 2131 α’ίκονς
868 2097 901 2130 τῶν
914 2092 933 2129 ἀ-

596 2149 666 2197 δελφῶν
681 2163 720 2194 μου.
737 2160 766 2197 13.
802 2150 837 2186 τοῖς
851 2148 934 2196 ἀδελφοῖς

596 2218 628 2249 μου
642 2204 751 2252 παράγγελλε
766 2202 783 2239 ε’ν
796 2203 865 2250 ὀνόματι
875 2202 934 2249 Ἰησοῦ

596 2260 678 2306 Χριστοῦ.
689 2256 752 2307 Polyc.
763 2265 780 2305 5.
804 2258 844 2296 τοῦς
853 2258 871 2294 ἐν
878 2258 933 2306 Ῥώμη

596 2316 629 2349 τῶν
638 2312 718 2361 ἀδελφῶν
729 2312 805 2351 ἄκοντας.
820 2311 877 2351 Mart.
890 2311 933 2363 Igu.

597 2377 615 2415 5.
643 2367 673 2414 τὴν
688 2367 706 2404 ἐν
720 2366 776 2417 ἐκείνῳ
794 2370 818 2418 τῷ
836 2369 883 2418 τόπῳ
900 2371 934 2404 τῶν

595 2422 676 2471 ἀδελφῶν
686 2422 756 2471 ἀγάπην.
771 2421 798 2460 ib.
826 2426 934 2468 αυναντῶμεν

596 2479 631 2515 τοῖς
639 2477 725 2526 ἀδελφοῖς,
737 2477 754 2514 6.
775 2478 817 2524 μετά
825 2478 934 2527 γοννκλισίας

595 2533 662 2569 πάντων
670 2536 704 2569 τῶν
712 2533 798 2582 ἀδελφῶν.
809 2531 834 2570 ih.
853 2533 895 2582 ὑπὲρ
904 2534 934 2580 τῆς

595 2590 629 2623 τῶν
637 2588 717 2636 ἀδελφῶν
727 2587 751 2626 είς
763 2586 849 2633 ἀλλήλους
862 2588 933 2638 ἀγάπης.

595 2640 620 2679 ib.
648 2640 675 2679 ἵνα
683 2643 740 2691 μηδενί
749 2646 783 2680 τῶν
791 2643 871 2692 ἀδελφῶν
880 2643 933 2691 ε’παχ-

596 2695 630 2742 θής.
645 2695 671 2735 ib.
705 2698 751 2734 ἀλλὰ
767 2698 794 2733 καὶ
812 2699 875 2736 πάντας
895 2698 934 2736 τοῦς

595 2751 687 2801 ἀδελφούς.
702 2751 760 2790 Maru.
771 2751 834 2802 Polyc.
846 2764 862 2791 1.
882 2752 933 2789 ἀδελ-

595 2807 630 2854 φὸν
638 2805 730 2855 δὲ’ίΑλκης.
748 2815 778 2856 17.
806 2809 833 2844 διὰ
844 2811 874 2844 τοῦ
883 2807 933 2845 ἀδελ-

596 2862 631 2910 φοῦ
640 2860 685 2909 ημῶν
694 2864 769 2913 Μάρκου.
786 2873 816 2900 20.
845 2865 880 2902 τοῖς
888 2863 932 2901 ε’πέ-

573 2954 575 2962 .
596 2916 736 2966 κειναάδελφοῖς.
750 2916 775 2955 ib.

569 2969 680 3020 Ἀδελφάτης.
703 2972 830 3021 Ἀγών...ῦπε“ρ
839 2972 895 3018 πάσης
904 2974 933 3020 τῇς

596 3026 717 3075 ἀδελφάτητος.
734 3025 793 3065 olem.
810 3026 820 3064 Ῑ
838 3038 856 3064 2.
880 3027 890 3073 ἡ
904 3029 933 3074 τῇς

596 3081 711 3131 ἀδελφότητος
720 3081 790 3132 στοργῇ.
799 3081 856 3120 Mart.
864 3081 905 3133 Igu.
914 3093 931 3129 4.
