2017 3420
231 180 275 226 264
465 184 487 227 S.
499 184 673 230 CLEMENTIS

232 302 281 353 κῶν
306 299 432 369 συνήθειαν
455 300 568 372 πράττειν
597 304 803 355 consuetudinem
855 306 933 356 faeere

231 391 441 462 συναναγκάζεται,
491 392 569 462 δεινὴν
597 394 701 462 cogitur
724 399 853 462 peecatum
878 413 933 446 nae·

231 481 344 543 adversor
374 482 418 552 τὴν
450 486 568 555 ἁμαρτίαν
597 489 639 534 tus
655 503 753 553 gravem
770 485 933 536 oontubema-

231 574 394 648 παρειληφώς.
596 579 650 631 lem.
700 610 701 614 =

208 782 220 822 5
260 770 279 813 Ε
297 770 346 813 MS.
365 770 491 815 collectione
512 771 665 815 sententiarum
684 787 710 814 ex
727 772 825 815 Patribus
845 770 931 828 aliisque

231 840 351 883 auctoribus
368 840 512 897 deeerptarum
528 840 551 883 in
568 841 669 900 oods143
686 842 769 884 Baroee.
786 841 931 885 Bibliothecae

230 909 363 962 Bodleianae,
381 925 425 966 cap.
442 910 491 965 περὶ,
507 911 612 964 συνηθείας
630 912 661 954 καὶ
678 910 738 956 ἔθους.
758 911 794 954 fol.
811 912 853 969 136
872 926 893 967 p.
910 925 929 957 2.

231 980 383 1035 Fragmentum
394 978 433 1021 hoe
445 995 457 1021 a
470 978 550 1022 Grabio
564 982 654 1032 erutum,
665 979 707 1022 rid.
719 979 790 1036 Spieil.
802 980 849 1023 Pat.
862 981 930 1024 tomi

229 1065 250 1106 p.
263 1048 311 1102 288,
326 1048 425 1092 exhibent
436 1048 534 1092 Wotton.
550 1049 660 1093 Constant.
675 1049 771 1110 Galland.
787 1053 810 1093 et
826 1051 929 1094 Sehoene-

195 1138 220 1164 10
229 1133 326 1162 mannus.
356 1118 463 1161 Postrema
476 1118 534 1162 illius
548 1134 603 1175 pars,
613 1135 626 1162 a
635 1119 704 1162 verbis
711 1119 741 1163 Ὃ
751 1122 788 1176 γὰρ
798 1125 893 1175 proetus
903 1120 930 1163 ad

229 1188 294 1231 finem
309 1203 381 1244 usque,
396 1203 408 1230 a
423 1188 527 1242 Maximo,
543 1188 574 1232 ed.
591 1188 701 1233 Combefis.
720 1189 785 1233 Serm.
799 1189 838 1232 lxii
852 1206 873 1246 p.
887 1190 929 1248 673

228 1258 309 1301 ineerta
317 1249 363 1315 jam
374 1258 495 1302 habebatur.

339 1545 340 1548 ¹
366 1524 427 1574 VII.
617 1569 618 1573 ,
730 1526 790 1576 VII.

261 1619 345 1675 Ἀλλὰ
356 1622 395 1675 καὶ
403 1620 506 1689 Κλήμης
519 1621 562 1689 ἀρ·
628 1621 676 1672 Sed
693 1628 719 1672 et
733 1621 858 1688 antiquior
874 1621 929 1672 Ole-

193 1742 217 1781 15
227 1712 378 1785 χαῖκώτερας,
406 1716 451 1784 Zp,
478 1712 564 1783 φησίν,
592 1734 667 1777 mens,
680 1716 756 1775 Vivit,
772 1716 862 1783 iuquit,
878 1717 928 1766 De-

228 1808 242 1860 ὁ
274 1805 342 1871 θεός,
369 1806 407 1859 καὶ
436 1807 449 1860 ὁ
475 1804 565 1875 Κύριος
593 1830 629 1871 us,
653 1817 679 1862 et
704 1811 825 1861 Dominus
853 1810 946 1862 Jesus'

227 1897 324 1964 Ἰησοῦς
339 1897 454 1968 Χριστός,
475 1898 515 1950 καὶ
536 1895 565 1950 τὸ
594 1902 714 1963 Christus,
754 1909 780 1953 et
819 1903 927 1969 Spiritus

228 1994 328 2055 Πνεῦμα
342 1987 437 2059 Ἅγιον.
594 1994 705 2045 Sanetus.

256 2171 290 2213 Ex
307 2170 392 2224 Basilio,
407 2170 443 2214 lib.
458 2170 483 2213 de
505 2170 587 2227 Spiritu
607 2170 684 2213 Saneto
702 2185 745 2227 eap.
758 2170 817 2222 xxix,
835 2173 887 2212 tom.
903 2168 926 2211 iii

190 2263 215 2290 20
224 2258 246 2299 p.
260 2242 285 2284 61
303 2241 324 2284 A
339 2240 371 2283 ed.
388 2241 439 2284 Ben.
469 2240 497 2282 Iu
514 2241 555 2283 hoe
571 2241 697 2296 Fragmenta
715 2240 802 2284 forsitan
819 2255 863 2282 non
880 2242 925 2281 tam

224 2311 376 2368 professionem
399 2310 543 2368 dogmaticam
566 2309 673 2363 habemus,
694 2325 756 2367 quam
776 2311 785 2368 j
810 2308 925 2366 jurandum

224 2380 381 2437 gravissimum,
391 2381 417 2424 ad
429 2396 526 2424 normam
538 2380 594 2422 illius
604 2380 710 2432 formulae,
722 2381 750 2438 Ζῇ
761 2382 771 2422 ὁ
781 2381 862 2434 Κύριος,
873 2394 925 2435 quae

223 2448 303 2504 passim
319 2450 375 2506 apud
392 2449 454 2492 LXX
471 2447 586 2491 invenitur.
617 2448 649 2491 Of.
666 2448 786 2504 Fragment.
805 2446 925 2504 Serapionis

223 2518 280 2575 apud
291 2519 370 2572 Routh,
382 2519 448 2577 Reliq.
462 2519 519 2562 Saer.
532 2517 547 2570 i,
557 2528 607 2574 452,
619 2520 647 2572 Ζῇ
663 2520 674 2561 ὁ
689 2518 741 2562 Θεὸς
755 2520 765 2561 ὁ
780 2521 802 2562 ἓν
812 2523 854 2566 τοῖς
868 2518 925 2571 οὐρα-
1005 2534 1007 2536 ·

189 2606 198 2631 2
201 2603 213 2643 5
224 2592 272 2638 vois,
284 2589 314 2631 ὅτι
324 2591 411 2635 Σωτᾶςὸ
424 2588 518 2644 μακάριος
529 2620 533 2629 .
547 2620 551 2629 .
564 2620 568 2629 .
581 2620 585 2630 .
596 2587 682 2642 ἠθέλησε
694 2588 728 2632 τὸν
738 2590 819 2643 δαίμονα
829 2591 864 2642 τῆς
874 2592 923 2642 Πρι-

223 2658 307 2711 reddar
317 2661 418 2712 ἐκβαλεῖν.

253 2854 282 2890 14.
289 2841 426 2897 ἀρχαϊκώτερος,]
433 2843 527 2895 Dionysio
533 2855 558 2880 so.
589 2839 652 2879 alsus
665 2845 685 2880 et
698 2842 780 2882 editione
793 2842 858 2895 prima
870 2842 923 2881 Basi-

221 2896 324 2949 antiquior.
339 2898 388 2938 Vide
397 2912 454 2950 supra
460 2903 528 2938 notata
535 2897 559 2935 ad
589 2896 652 2945 leensi,
663 2897 787 2948 ἀρχαϊκώτερον.
811 2898 851 2938 Sed
859 2904 875 2938 et
883 2898 923 2938 Ole-

221 2966 239 3003 p.
254 2954 290 3002 178
306 2953 317 2992 1.
329 2967 346 3003 3.
382 2953 498 3003 Gallandius,
514 2965 558 2992 euin
588 2951 759 3003 rnerzssr'ruptiea'as.
