2061 3403
202 200 230 241 λθ
448 199 470 241 S.
485 199 659 244 OLEMEN'PIS

90 322 217 405 ξέξρῖριῐείςὼίί
230 314 314 385 δώροις
332 317 413 371 αὐτοῦ·
435 318 477 371 ἐπὶ
492 317 517 373 δὲ
537 316 608 384 Kella,
629 319 667 380 καὶ
685 317 723 371 ε’πὶ
740 320 792 373 ταῖς
810 314 904 371 θυσίαις
924 322 926 324 ’

91 418 143 448 cetur.
204 410 217 433 ‘⁶
229 402 302 456 αὐτοῦ
322 404 350 456 οὐ
368 403 515 477 προσέσχεν·
535 406 574 459 καὶ
589 402 696 473 ἐλυπήθη
712 400 774 457 Κάϊν
786 402 851 467 λίαν,
865 403 905 455 καὶ

203 496 216 521 “
228 487 360 543 συνέπεσεν
371 492 405 563 τῷ
418 491 544 566 προσώπῳ
560 493 640 546 αὐτοῦ.
681 494 728 544 Καὶ
741 486 803 542 εἶπεν
816 491 829 542 ὁ
842 486 904 544 θεὸς

202 583 216 606 “
227 572 288 645 πρὸς
308 574 380 643 Κθῖν,
390 574 446 630 Ἵνα
464 578 489 631 τί
505 573 635 649 περίλυπος
652 576 746 647 ἐγε’νου;
767 577 806 629 καὶ
824 574 863 628 ἵνα
881 575 905 628 τί

201 669 215 694 “
227 660 359 716 συνέπεσεν
371 662 399 718 τὸ
411 663 545 734 πρόσωπόν
557 689 604 719 σου
608 688 615 731 ;
631 666 672 719 οὐκ
684 663 723 717 ἐὰν
736 664 811 733 ὀρθῶς
824 685 900 731 προσ-
911 679 923 720 5

202 756 215 825 f‘
226 747 330 820 ενέγκῃς,
343 742 419 820 ὀρθῶς
438 748 463 804 δὲ
480 750 514 820 μὴ
533 750 618 823 διέλῃς,
630 751 745 821 ἥμαρτες,
766 748 901 820 ἠσθχασον

201 844 215 868 “
227 834 287 907 πρός
303 859 334 890 σε
345 837 360 905 ἡ
373 836 520 911 ἀποστροφὴ
533 840 615 904 αὐτοῦ,
629 839 668 892 καὶ
680 834 713 891 σὺ
725 835 805 907 ἄρξεις
819 836 900 889 αὐτοῦ.

201 929 215 955 “
230 923 278 976 Καὶ
299 920 348 978 εἷπε
370 922 432 978 Κοῖϊν
453 923 513 995 πρὸς
527 923 610 989 ’Ἅβελ
630 923 672 979 τὸν
694 922 800 996 ἀδελφὸν
818 923 900 986 αὐτοῦ,

201 1017 215 1042 (ς
228 1009 275 1063 ΔΙ
396 1014 402 1031 r
449 1009 457 1029 t
528 1011 535 1032 ι
563 1032 569 1044 ,
620 1012 627 1031 s
650 1014 656 1030 υ
678 1010 685 1028 ι
757 1011 763 1028 ι
815 1012 826 1024 ν·
855 1007 865 1030 a

254 1014 367 1079 ίξλθωμεν
384 1034 416 1067 fill*
433 1034 461 1065 ΤΟ
479 1013 560 1066 πεδίον
590 1035 629 1065 Καί
644 1034 733 1080 ἐγένετο
751 1033 776 1064 ΕΙ)
792 1034 826 1083 “P
844 1031 902 1062 6th

201 1094 342 1128 “exn
396 1099 406 1111 a
474 1097 567 1118 νςν
665 1094 771 1118 νοτες
857 1088 883 1112 ’ς

227 1120 312 1154 αυτους
330 1121 355 1151 εν
373 1121 408 1170 τερ
425 1099 505 1170 πεδιιρ,
524 1121 612 1165 ανεστη
633 1102 694 1153 Καιν
712 1121 750 1151 επι
772 1102 841 1161 Αβελ
859 1119 901 1149 τον
913 1113 937 1141 10

693 1182 766 1202 ΙΙἸ

202 1192 216 1216 “
228 1181 336 1256 ἀδελφὸν
356 1185 437 1249 αὐτοῦ,
460 1187 499 1237 καὶ
521 1182 652 1238 ἀπέκτεινεν
671 1207 749 1238 αυτον.
804 1184 900 1254 Ὁρᾶτε,

200 1271 310 1341 ἀδελφοί,
324 1269 398 1339 ζῆλος
414 1272 453 1323 καὶ
469 1269 560 1340 φθόνος
578 1270 765 1344 ἀδελφοκτονίαν
778 1267 900 1340 κατειργά-

200 1381 270 1411 σατο.
306 1356 356 1410 Διὰ
368 1355 444 1425 ζῆλος
454 1358 467 1410 ὁ
479 1355 559 1427 πατὴρ
571 1357 639 1425 ἡμῶν
650 1355 739 1421 Ἰακὼβ
751 1354 842 1426 ἀπέδρα
854 1354 902 1410 ἀπὸ

199 1509 241 1545 tum
250 1518 289 1544 non
299 1518 365 1545 omnes
373 1504 464 1545 exhibent
471 1507 537 1545 ἐπεῖδεν
565 1505 625 1544 ‘dum
638 1504 744 1545 scriberent
759 1503 848 1553 habuere,
862 1517 901 1543 non

196 1560 254 1612 juxta
275 1559 331 1599 LXX
353 1560 451 1613 exemplar
471 1559 533 1601 Vatic.
563 1563 623 1600 ‘ante
635 1559 732 1612 cognitam
744 1563 902 1612 atqueperspec-

199 1615 266 1655 (lodex
273 1614 398 1655 autemAlex.
405 1620 428 1655 ut
435 1616 482 1655 Gen.
489 1616 509 1656 iv
517 1630 535 1666 4,
563 1618 619 1655 ‘tam
637 1615 717 1654 habenti
740 1618 774 1653 aut
794 1628 842 1667 quae
863 1613 901 1652 illis

198 1670 227 1709 ita
247 1670 279 1709 hic
298 1683 374 1723 quoqne
397 1672 454 1709 ἐπίδεν
470 1668 534 1711 hehet.
563 1670 679 1723 ‘Scriptura
692 1669 769 1710 Veteris
783 1669 901 1709 Testamenti

199 1724 276 1777 Aquila.
287 1725 321 1765 dat
336 1725 433 1774 ἀπεκηλὴθη
448 1725 479 1765 vel
495 1728 536 1765 ἀπε·
563 1725 670 1769 ‘innotuit
679 1729 756 1777 praeter
770 1738 813 1764 eam
827 1737 875 1776 quae
889 1738 901 1763 a

199 1782 257 1829 κλὴθη.
288 1779 428 1832 'Symmachus
456 1782 535 1832 ἐτέρφθη.
564 1780 634 1819 ‘LXX
656 1779 762 1820 senioribus
785 1779 837 1819 edita
859 1780 900 1819 esti

199 1835 319 1875 Theodotion
329 1836 422 1885 ἐνεπύρισε.
564 1838 569 1857 ‘
578 1835 636 1875 Illam
645 1849 695 1885 saue,
701 1834 754 1874 illam
761 1835 832 1886 ubique
841 1834 901 1886 respi-

228 1903 245 1929 2.
257 1888 305 1944 λίαν]
322 1891 355 1930 Ita
368 1890 414 1930 (lod.
430 1888 472 1938 MS,
486 1890 536 1930 sieut
564 1890 642 1940 ‘ciunt3
652 1890 704 1930 illius
710 1890 825 1930 auctoritate
834 1889 899 1929 nitun-

199 1950 219 1985 et
233 1945 289 1983 LXX
308 1945 355 1985 Gen.
369 1945 389 1985 iv
402 1954 420 1994 5,
434 1958 473 1984 non
494 1946 537 1996 ἄγαν
563 1948 615 1991 ‘tun
625 1946 676 1985 illius
688 1945 747 1984 verba
756 1945 844 1993 recitant,
856 1957 899 1983 sen-

198 2005 221 2040 ut
232 2000 303 2039 Junius
314 2000 393 2040 dederat
405 2013 463 2051 quem
475 2000 536 2040 secuti
563 2000 659 2040 ‘tentiam
666 2000 785 2048 referuntur
792 2000 813 2038 in
820 2000 900 2039 Petrum

199 2060 244 2095 sunt
254 2055 300 2094 Fell.
309 2054 382 2094 Golom.
391 2055 452 2094 Cotel.
461 2054 534 2094 Russel.
563 2059 568 2077 ‘
578 2056 667 2107 operibus
675 2054 761 2107 legendis
770 2067 836 2094 caecus
844 2054 901 2106 plane

227 2124 244 2160 3.
255 2112 344 2162 προσώπῳ
353 2107 420 2163 αὐτοῖν]
442 2110 536 2148 ‹rtrotab—
564 2111 603 2150 ‘sit
619 2110 652 2163 qui
669 2110 749 2150 eandem
766 2104 898 2148 non'noverit.

198 2170 228 2205 est
241 2179 253 2203 a
267 2164 325 2204 atsto
342 2164 397 2203 Alex.
413 2164 460 2203 Gen.
475 2164 501 2212 iv,
515 2169 536 2204 ut
563 2164 676 2214 ‘Quisilla
691 2163 796 2204 (llementis
812 2164 900 2212 Romani,

198 2219 286 2273 agnoscit
295 2219 404 2259 Vaticanus.
420 2218 500 2258 WOTT.
564 2219 717 2272 ‘Apostolorum
733 2219 826 2271 discipuli,
843 2219 899 2258 intel-

226 2285 244 2325 5.
255 2277 285 2312 οὐκ
295 2276 324 2312 ἐὰν
332 2276 387 2326 ὀρθῶς
397 2303 401 2313 ,
412 2304 416 2312 .
427 2272 441 2327 ]
460 2273 536 2323 Sensus,
565 2274 628 2327 ‘ligia
636 2277 671 2313 otu
680 2275 709 2313 ε’δν
717 2275 772 2324 ὀρθῶς
780 2275 900 2324 προσενέγκῃς,

197 2336 220 2371 ut
230 2331 273 2383 jam
288 2329 385 2377 Ιτοοοοιις,
395 2329 425 2368 IV
433 2342 465 2378 34,
474 2329 536 2378 docet,
564 2331 634 2380 *ὀρθῶς
651 2331 670 2368 δὲ
691 2330 714 2378 μὴ
732 2330 796 2376 διέλῃς,
815 2330 900 2379 ἥμαρτες,-

197 2387 214 2426 is
224 2385 383 2425 est:seeundum
395 2384 447 2434 azrael
454 2383 535 2433 videtur,
564 2385 677 2434 *ἡσύχασαν
697 2383 740 2436 quis
755 2382 789 2422 illa
804 2397 852 2436 quae
870 2397 899 2423 se·

196 2447 244 2481 recte
250 2447 267 2480 et
274 2440 357 2493 legitime
363 2438 536 2478 otraltsttmaaera
563 2442 569 2460 ‘
578 2444 664 2491 quuntur
672 2443 694 2478 ut
704 2452 728 2477 ex
738 2437 801 2478 Sacris
813 2438 900 2478 Oracnlis

197 2504 243 2536 trae:
261 2495 328 2547 quoad
335 2501 400 2534 uatem
409 2494 499 2533 mimam
508 2500 538 2533 ta·
566 2494 694 2546 ‘deprompta
708 2498 804 2545 agnoscet,
815 2496 841 2532 καὶ
855 2493 901 2532 εἶπεν

197 2566 235 2601 ατο,
249 2565 290 2590 aaa
304 2555 450 2601 reae-pectore
469 2549 537 2596 diviso,
566 2549 622 2587 ιΚοῒν
639 2551 682 2600 πρὸς
695 2548 753 2594 Ἅβελ
774 2551 804 2586 τὸν
824 2551 901 2599 ἀδελφὸν

197 2604 470 2658 absquesimple'ct'tctlecordt'a.
490 2604 538 2643 HE·
566 2605 636 2650 rum),
651 2603 747 2652 Διέλθωμεν
763 2604 787 2643 εἷς
801 2606 821 2642 τὸ
836 2606 899 2649 πεδίον,

197 2662 254 2701 FEL.
274 2661 334 2700 Hunc
342 2661 407 2700 locum
416 2659 444 2698 sic
453 2659 537 2699 illustrat
565 2658 617 2697 ‘nisi
647 2659 735 2697 lacunam
767 2657 900 2698 Hebraeorum

197 2718 304 2756 Pearsonus
320 2716 341 2755 in
355 2715 476 2755 Praefatione
491 2715 537 2753 Par·
565 2713 641 2753 ‘Oodd
651 2714 745 2761 observet,
758 2717 778 2752 et
790 2714 844 2753 LXX
857 2728 900 2754 ver-

197 2772 282 2812 aenetina
305 2772 330 2810 ad
345 2771 454 2811 versionem
468 2769 536 2808 LXX:
565 2768 652 2808 ‘sionem
661 2768 753 2817 consulat,
764 2769 794 2808 cui
804 2774 823 2809 et
833 2769 898 2809 Sama-

199 2832 203 2850 ‘
213 2827 234 2867 Si
244 2826 328 2866 Graecos
337 2827 404 2866 Patres
418 2824 536 2865 consulueri-
564 2823 651 2863 ‘ritanus
657 2827 677 2863 et
684 2822 743 2875 Syrus
750 2824 878 2877 suffragantur
885 2825 899 2864 λ’

199 2887 203 2904 ‘
213 2896 261 2931 mus,
269 2882 312 2934 quis
321 2896 353 2922 eos
360 2882 384 2920 de
393 2881 450 2921 rebus
458 2880 535 2921 Divinis
591 2887 608 2929 7.
619 2882 661 2930 πρός
675 2895 696 2917 σε
710 2895 725 2918 κ,
733 2896 747 2917 τ.
756 2877 783 2934 λ]
800 2881 828 2920 ad
840 2887 857 2920 ta
870 2894 899 2920 re-

199 2940 204 2959 ‘
213 2937 326 2977 disserentes
335 2936 436 2989 intelliget,
446 2936 479 2988 qui
491 2949 535 2975 nor·
562 2934 644 2974 veretra·
650 2934 723 2974 donam
732 2941 793 2985 tuaac,
802 2936 814 2975 i.
822 2950 837 2975 e.
848 2951 862 2975 a
870 2950 900 2983 rae

201 2996 271 3041 ‘manu
280 3005 338 3044 quam
350 3005 426 3043 semper
438 2991 458 3029 in
470 2991 535 3030 animo
563 3003 603 3029 ιιοιι
619 2989 716 3041 σαίρουσιν,
732 2996 748 3029 et
767 2994 811 3030 taor
828 2992 900 3031 iterum
