1919 3395
210 220 223 247 x
282 257 284 261 y
377 206 417 250 DE
439 208 460 250 S.
477 207 650 251 oasmnsrls
672 207 745 251 EOM.

210 329 335 384 Historiae
344 333 528 386 Ecclesiasticae
539 334 664 385 volumine
675 323 800 402 coarguit.l
821 332 912 401 Obiitln

208 418 284 468 tertio
305 418 405 486 Trajani
424 438 488 470 anno
498 440 504 481 ;
528 426 555 470 et
574 420 678 471 nominis
698 418 751 486 ejus
771 417 913 468 memoriam

209 519 287 569 usque
299 502 388 554 hodien
401 504 494 555 Romae
506 510 633 555 exstructa
644 503 752 554 Ecclesia
763 501 877 552 custodit.

235 715 245 735 ἢ
260 705 404 762 CLEMENS]
426 708 456 747 De
471 709 533 760 patria
549 712 569 747 et
584 720 653 759 genere
668 706 746 758 hujusce
761 705 912 758 Episcopivere

209 772 316 825 Apostolici
333 773 449 813 altissimum
465 777 494 813 est
513 773 564 824 apud
582 771 700 824 antiquiores
718 771 822 811 silentium.
854 771 912 821 Quali

208 843 276 888 morte,
292 844 312 879 et
327 844 386 891 quoto
401 853 446 879 suae
463 838 531 878 aetatis
549 852 599 877 anno
614 838 720 878 exstinctus
737 838 763 878 sit
777 837 911 877 difficillimum

208 905 262 945 dictu
276 910 311 945 est.
340 906 394 955 Quae
409 918 454 944 sane
469 904 489 943 in
504 904 609 943 Clementis
624 904 706 944 Romani
720 904 761 945 vita
775 904 912 944 conscribenda
945 904 947 908 ’

208 971 331 1023 protulerunt
346 970 416 1011 Cavius
433 971 509 1023 aliique,
525 974 634 1010 commenta
650 985 703 1011 mera
719 975 770 1021 sunt,
785 970 871 1010 maxima
886 983 911 1010 ex

207 1043 263 1090 parte
272 1052 282 1078 e
291 1038 346 1077 libris
355 1037 524 1090 Recognitionum,
534 1037 568 1089 qui
578 1037 613 1077 sub
623 1036 729 1077 Clementis
741 1038 819 1077 nomine
830 1037 911 1077 circum-

207 1103 300 1152 feruntur,
311 1104 403 1143 desumta.
433 1102 540 1148 Ciaconius,
549 1102 571 1141 in
587 1102 637 1142 libro
650 1103 681 1142 oui
691 1103 766 1153 titulus,
776 1102 833 1142 Vitae
843 1106 863 1142 et
872 1102 911 1141 Res

208 1170 279 1210 Gestae
289 1169 405 1209 Pontificum
414 1170 546 1209 Romanorum
560 1169 585 1208 ab
594 1169 651 1209 initio
664 1169 760 1210 nascentis
769 1168 866 1209 Ecclesiae
879 1181 911 1207 us-

207 1249 245 1288 que
255 1236 279 1275 ad
289 1235 409 1276 Clementem
418 1236 455 1284 IX,
465 1236 538 1274 Romae
551 1236 609 1285 1601,
620 1235 714 1275 Oldoinus
723 1236 757 1288 qui
767 1234 852 1275 Ciaoonii
861 1247 910 1287 opus

207 1303 288 1354 excepit,
303 1302 376 1342 Romae
390 1303 448 1353 1677,
461 1306 480 1342 et
493 1301 622 1352 Rondininus,
637 1302 658 1341 in
672 1303 722 1343 libro
736 1303 766 1342 De
781 1301 800 1343 S.
811 1302 911 1343 Clemente

207 1367 259 1421 Papa
273 1373 292 1408 et
306 1369 398 1421 Martyre,
408 1369 487 1420 ejusque
497 1368 580 1408 Basilica
593 1368 614 1407 in
628 1369 676 1409 urbe
688 1370 757 1419 Roma,
766 1369 840 1408 Romae
851 1369 909 1419 1706,
922 1365 923 1368 ¹

206 1435 294 1488 prodigia
308 1435 372 1474 omnia
382 1439 401 1474 et
410 1434 503 1474 miracula
512 1448 524 1473 a
533 1434 629 1487 Symeone
639 1435 778 1488 Mrtaphrasta,
787 1435 812 1474 ad
822 1434 874 1474 diem
884 1447 909 1483 24

207 1502 301 1542 Novemb.
318 1492 473 1546 commemorate,
483 1504 576 1553 tanquam
590 1501 606 1540 si
618 1501 718 1541 verissima
732 1505 801 1546 essent.
814 1500 910 1552 accipiunt
938 1534 940 1537 ,

206 1573 226 1609 et
239 1568 324 1608 tradunt.
354 1567 430 1606 Talium
444 1557 578 1621 narrationum
589 1567 685 1620 originem
696 1572 716 1608 et
729 1567 842 1607 institutum
855 1579 910 1618 prae-

207 1635 258 1674 clare
271 1638 342 1674 tractat
356 1634 378 1673 cl.
391 1633 488 1683 Neander,
498 1633 615 1685 Allqcmeiae
625 1633 730 1674 Cesedicbte
739 1634 773 1673 der
783 1632 910 1675 Christliedca

206 1701 296 1751 Religion
305 1700 349 1739 ulad
357 1699 434 1744 Kircta
443 1698 456 1737 Ι
465 1698 472 1737 i
482 1712 504 1750 «p.
518 1704 561 1749 aps
577 1707 578 1710 ’

235 1767 252 1805 E
266 1765 371 1805 Pontificiis
384 1764 522 1805 vetustioribus
536 1765 628 1817 plerique,
642 1765 683 1806 sive
696 1770 719 1806 ut
733 1765 830 1818 Paparum
845 1778 909 1805 succe·

207 1833 294 1873 dentium
309 1831 405 1884 majestati
420 1831 547 1881 consulerent,
562 1832 603 1871 sive
614 1832 670 1884 quod
685 1832 805 1872 Clementem
820 1832 909 1872 nostrum

206 1899 296 1939 aFlavio
310 1898 344 1938 illo
358 1898 463 1942 Clemente,
473 1893 516 1937 riro
529 1893 632 1953 consulari,
641 1899 674 1951 qui
685 1899 792 1939 Domitiani
804 1899 860 1951 Jussu
873 1911 909 1950 pro

207 1965 284 2005 Christo
298 1964 393 2009 occubuit,
408 1964 456 2017 (vid.
470 1964 527 2003 Dion.
539 1964 659 2021 Hist.Rom.
670 1965 718 2004 lxvii
735 1964 767 2019 14)
782 1978 852 2017 parum
866 1964 909 2003 dili-

206 2035 274 2083 genter
286 2030 422 2079 discernerent,
432 2043 476 2069 eum
486 2032 515 2069 “e
527 2034 604 2071 vetusta
617 2031 706 2083 prosapia
720 2031 836 2072 Senatorum
850 2036 909 2083 atque

207 2100 218 2119 “
225 2098 284 2137 etiam
293 2111 319 2136 ex
328 2097 388 2149 stirpe
398 2096 520 2141 Caesarum,”
528 2101 551 2136 ut
560 2097 652 2137 Eucherii
660 2097 724 2138 verbis
733 2103 783 2147 uter,
793 2103 859 2137 ortum
868 2111 909 2137 esse

206 2163 343 2216 perhibebant:
352 2162 391 2202 vid.
402 2161 463 2214 Epist.
475 2162 552 2202 Peraen.
563 2163 587 2202 ad
596 2163 726 2208 Valerianum,
737 2165 803 2216 Magn.
815 2163 906 2204 Biblioth.

206 2230 259 2270 Vett.
270 2230 321 2269 Patt.
332 2228 383 2267 IIIi
396 2242 415 2280 p.
427 2236 473 2278 775.
495 2228 629 2269 Tillemontius
637 2234 707 2279 autem,
717 2230 827 2275 Menidas,
837 2229 851 2268 ii
863 2243 907 2280 149,

206 2310 231 2336 ex
241 2295 329 2348 Epistola
338 2295 345 2333 i
359 2295 381 2346 ἕξ
390 2308 409 2343 4,
420 2306 452 2344 31,
463 2303 494 2343 55,
504 2294 541 2333 sibi
550 2295 603 2335 visus
614 2301 643 2336 est
652 2296 742 2349 colligere
752 2296 873 2336 Clementem
883 2310 908 2335 ex

205 2363 266 2416 stirpe
275 2362 357 2401 Judaica
366 2374 407 2400 esse
417 2360 496 2399 editum.
524 2361 574 2401 Vide
586 2362 611 2402 sis
621 2362 671 2403 intra
684 2377 702 2415 p.
715 2377 740 2402 20
754 2363 766 2402 l.
776 2376 806 2413 13,
816 2363 840 2401 ad
850 2377 908 2415 quem

205 2431 270 2470 locum
285 2432 353 2469 notare
369 2427 463 2467 debebam
479 2427 615 2468 coustantium
634 2430 749 2469 senteutiam
768 2444 823 2469 suam
840 2434 908 2482 postea

205 2496 314 2536 mutavisse.
344 2494 372 2534 Cf.
389 2494 451 2546 Epist.
464 2493 519 2532 Rom.
535 2494 604 2534 Pontis.
619 2509 651 2548 pp.
661 2509 683 2535 11
695 2501 714 2536 et
729 2510 760 2545 41.
789 2495 908 2536 Tillemontii

204 2562 321 2603 sententiam
330 2561 430 2614 amplexus
440 2564 470 2599 est
480 2559 547 2599 Herm.
556 2561 647 2611 Venema,
657 2567 680 2602 ut
689 2563 759 2602 exinde
771 2566 907 2614 argumentum

205 2630 307 2669 deduceret
317 2633 385 2669 contra
394 2628 503 2680 Epistolam
515 2627 647 2678 posteriorem,
657 2630 711 2681 cujus
724 2629 808 2682 scriptor
816 2642 857 2668 sese
870 2628 908 2668 ori-

204 2696 249 2748 gine
262 2696 360 2736 Gentilem
374 2699 440 2747 aperte
454 2694 524 2747 prodit.

232 2762 351 2802 Clementem
360 2775 401 2801 esse
411 2762 528 2805 Romanum,
541 2774 580 2798 non
594 2764 659 2800 autem
668 2760 828 2810 Alexandrinum,
838 2761 876 2814 qui,
886 2761 907 2800 in

205 2830 322 2882 Fregmento
332 2829 389 2868 Parvi
399 2827 519 2881 labyrinthi,
530 2826 578 2865 Caio
588 2827 702 2879 Presbytero
711 2828 791 2869 forsitan
802 2828 907 2877 tribuendi,

205 2901 365 2935 commemoratur
378 2896 430 2936 inter
444 2895 553 2948 Scriptores
567 2907 579 2932 a
592 2893 662 2945 quibus
676 2894 749 2935 Christi
763 2895 860 2936 Divinitas
873 2895 907 2934 ad-

204 2962 291 3011 struitur,
300 2976 336 3014 pro
345 2966 398 3002 certo
407 2963 465 3002 habet
475 2960 577 3009 Routhius‚
587 2959 648 3011 Reliq.
660 2959 711 2999 Scor.
721 2961 736 2999 ii
748 2971 790 3010 145.
