1958 3490
191 267 193 272 ⁴
211 249 252 293 DE
268 250 290 292 S.
306 247 432 305 raanan
442 246 515 290 VITA
529 244 722 290 ET'SCRIPTIS.
788 241 825 285 xix

125 358 184 427 quia
199 358 263 408 tanti
278 356 327 407 viri
343 355 447 407 fecimus>
459 354 614 412 mentionem,
627 357 651 404 et
667 352 697 403 de
712 350 827 419 Epistola

125 444 185 512 ejus,
198 461 274 511 quam
286 442 318 493 ad
329 442 454 493 Romanos
465 439 556 499 scribit,
568 457 647 507 pauca
658 456 763 506 ponere:

158 528 199 578 De
212 526 293 593 Sqria
308 543 384 592 usqae
402 523 438 575 aol
451 525 559 575 Ilomam
575 540 662 597 paqao
680 522 715 573 aa
731 521 826 582 bestias,

124 612 155 662 ia
165 611 236 662 mari
244 610 303 661 etia
312 619 387 669 terra,
396 617 464 659 aucte
473 607 562 675 olieqac
573 607 665 673 liqatas
677 614 733 665 cam
745 605 828 656 elecem

126 693 261 762 leopardis,
268 694 314 744 loc
326 702 365 753 est,
374 691 496 743 militibus
504 690 548 758 qai
558 709 597 741 me
609 690 762 749 castooliam;
774 689 828 756 qai-

127 779 171 829 bas
187 788 208 829 et
224 795 301 844 qaam
317 775 471 843 benefeceris,
481 775 580 842 pejores
587 774 662 841 flueret.
700 774 828 841 Iaiqaitas

127 872 210 913 uatem
227 880 319 922 eoram,
336 879 392 912 mea
410 860 528 920 doctriaa
546 870 586 920 est,
603 861 647 911 seel
664 878 714 910 rimi
732 859 828 914 idcireo

121 946 273 1013 justificatas
284 963 345 1000 sara,
384 944 487 994 Uticam
494 944 578 1010 fruar
590 943 678 1003 bestiis,
691 961 754 1011 qaae
765 942 829 993 mili

126 1039 183 1081 scm
190 1038 372 1097 praeparatae,
386 1046 448 1095 qaas
463 1038 485 1079 et
502 1046 545 1079 cro
557 1028 621 1079 milii
632 1029 722 1079 celoces
733 1046 782 1079 esse
794 1027 830 1078 ael

127 1114 262 1174 iateritam,
275 1122 297 1163 et
310 1112 424 1164 alliciam
440 1130 481 1163 eas
498 1112 534 1162 acl
551 1112 728 1163 comedendam
743 1130 787 1171 ma
799 1130 830 1171 ae

82 1204 83 1207 ’
124 1199 191 1256 sicat
200 1197 310 1249 aliorum
317 1187 464 1262 Martyrum
472 1214 521 1246 rica
531 1196 641 1247 audeam
650 1214 740 1263 corpas
748 1213 830 1248 aierem

128 1282 256 1349 cittiaqere.
293 1281 366 1344 Quod
382 1281 405 1331 si
418 1281 503 1331 reairc
518 1280 649 1341 aaliiermt,
664 1300 707 1348 eqo
722 1282 774 1332 aira
784 1282 830 1348 fa-

68 1354 69 1357 *
92 1384 93 1387 ’
129 1371 203 1430 eiam,
213 1388 255 1436 eqo
267 1387 305 1420 me
317 1366 441 1435 iaqeraml
454 1377 480 1418 at
492 1367 601 1418 devorer.
626 1367 750 1434 Iqaoscite
760 1367 830 1426 mili,

121 1454 216 1522 filioli:
236 1452 298 1521 qaid
314 1452 377 1504 milei
388 1452 533 1519 prosit,er
549 1451 606 1502 scio.
641 1453 717 1503 Naac
733 1451 830 1519 iacipio

129 1538 225 1590 Olristi
240 1556 288 1588 esse
305 1536 451 1603 discipulas,
463 1535 529 1586 ailil
542 1534 573 1585 cle
589 1535 627 1585 leis
639 1553 702 1602 qaae
713 1535 830 1602 rideatur

129 1622 282 1679 desideraris,
291 1629 322 1670 -at
335 1622 423 1671 Jesam
438 1618 565 1670 Olristam
581 1619 714 1670 iii-remam.
749 1620 829 1685 Iquis,

129 1723 198 1766 arira,
211 1704 308 1764 bestiae,
321 1701 459 1770 coafractio
474 1703 572 1762 ossium,
584 1704 751 1754 membrorum
765 1704 830 1755 oliui-

129 1790 173 1849 si0,
192 1799 214 1840 et
232 1789 306 1840 totius
326 1788 439 1855 corporis
458 1787 580 1847 contritio,
599 1797 621 1837 et
641 1797 692 1838 lota
709 1798 831 1839 tormenta
886 1785 887 1788 ¹

128 1873 231 1934 diaboli,
243 1874 270 1924 ia
282 1892 321 1924 rie
332 1873 439 1931 reaiaat,
451 1881 548 1923 tautum
559 1882 586 1923 ut
599 1872 697 1923 evaristo
703 1873 792 1945 fruar.

162 1959 253 2009 Passus
264 1962 322 2008 est1n
334 1976 398 2008 anno
409 1957 553 2008 undecimo¹¹
566 1957 670 2025 Trajani.
699 1958 831 2025 Reliquiae

129 2031 238 2111 corporis
250 2043 303 2110 ejus
313 2042 457 2093 Antiochiae
467 2043 548 2110 jacent
559 2047 629 2093 extra
640 2047 737 2110 portam
746 2044 831 2111 Daph-

129 2128 245 2178 nitioanr⁰
257 2129 283 2178 in
294 2128 443 2178 coemeterio.

156 2296 166 2317 a
174 2289 189 2328 Ι
189 2287 245 2329 θΝΑ
250 2288 282 2328 Τ]
285 2285 326 2343 US]
340 2288 370 2328 De
379 2289 442 2340 patria
451 2288 525 2340 Ignatii
534 2288 582 2328 nihil
592 2289 647 2328 nobis
657 2288 740 2329 servavit
749 2289 832 2342 antiqui-

129 2358 165 2394 tas.
194 2353 304 2394 Tentnelius
318 2354 402 2406 quidem,
414 2354 499 2394 Exercit.
510 2355 580 2395 Select.
591 2355 633 2395 Iiii
644 2368 660 2404 1,
675 2368 733 2407 quem
746 2356 833 2407 sequitur

128 2419 272 2464 aillemontius,
282 2420 392 2470 Memoires,
402 2421 435 2460 <la
445 2420 460 2459 ii
471 2434 515 2472 190,
528 2421 641 2474 scriptorem
650 2420 735 2461 Arabem
748 2421 832 2470 adducit,

59 2483 62 2488 ’
78 2481 80 2484 ’
131 2487 190 2539 Greg.
205 2485 379 2539 Ahnlpharagium,
393 2487 432 2539 qui.
447 2486 468 2526 in
482 2487 620 2539 Dynastiarurn
637 2487 730 2537 Historia,
745 2488 795 2539 Dyn.
806 2488 833 2528 vii

130 2567 151 2605 p.
164 2566 208 2604 119,
222 2553 329 2605 interprete
342 2553 443 2603 Pocockio,
456 2553 523 2603 tradit,
532 2554 567 2593 sal
579 2554 667 2606 Trajamo
679 2560 769 2594 pecatum
782 2555 833 2594 irater

129 2619 180 2663 alios
190 2632 230 2659 esse
240 2619 345 2671 Iqaatiam
353 2619 505 2669 Naraaierisem,
514 2620 634 2672 Episcopum
641 2609 788 2670 Autioelemim,
798 2621 833 2672 qai

130 2685 159 2726 acl
170 2685 231 2725 leuues
243 2685 337 2737 conjectas
348 2686 372 2725 al
381 2686 407 2725 iis
416 2686 522 2738 discerptas
531 2693 562 2726 est.
591 2687 649 2727 Unde
658 2687 709 2739 apud
719 2687 793 2726 Noram
802 2687 833 2726 vel

88 2769 89 2773 ¹
131 2752 213 2801 Nnram,
221 2753 290 2792 urbem
297 2752 402 2802 Sardiniae,
409 2753 509 2805 Ignatium
516 2753 599 2805 primam
606 2753 676 2792 vidisse
683 2753 745 2792 lucem
752 2753 832 2806 colligit.

130 2819 209 2864 Gavius,
225 2819 277 2858 Hist.
293 2819 349 2859 Liui
363 2834 382 2872 p.
393 2833 424 2868 41,
440 2819 456 2859 si
473 2821 531 2860 modo
547 2820 594 2859 fides
609 2819 698 2871 scriptori
714 2820 748 2871 qni
764 2820 834 2860 claruit

131 2885 182 2924 circa
197 2899 270 2925 annum
288 2888 346 2935 1284,
360 2885 425 2938 potius
442 2885 507 2925 Norae
523 2886 584 2934 alteri,
602 2899 659 2936 quam
675 2885 696 2925 iu
713 2885 835 2938 Cappadocia

131 2950 226 2991 collocant
239 2952 310 2991 Strabo
325 2957 345 2991 et
360 2952 457 2992 Diodorus
471 2951 552 3001 Siculus,
566 2952 586 2991 iu
599 2951 683 3004 Phrygia
695 2951 717 2992 O.
728 2952 800 3004 Nepos,
814 2952 834 2990 in

131 3017 213 3058 confinio
230 3018 338 3070 Lycaoniae
354 3023 374 3064 et
390 3018 521 3071 Cappadociae
538 3018 657 3067 Plutarchus,
673 3019 746 3072 Ignatii
762 3019 835 3059 natales

464 3098 475 3126 (l
487 3096 499 3125 2
