1975 3455
276 212 319 256 AD
334 211 528 265 CORINTHIOS,
538 211 605 256 xlviii.
748 212 792 258 alr

94 330 184 400 gaudio
199 327 231 379 cd
247 344 291 377 nos
306 326 376 377 brevi
391 325 517 385 remittite,
533 330 564 401 ut
581 325 654 376 citius
667 325 732 375 votis
749 343 791 376 ex-

93 409 186 478 petitae
198 411 225 456 et
235 403 409 455 desiderandae
420 408 517 454 vestrae
528 403 596 471 pacis
611 422 640 454 ac
651 403 791 453 concordiae

93 489 210 540 nuntium
232 485 350 545 adferant,
374 490 401 535 et
417 502 463 534 nos
485 484 515 534 de
538 489 608 534 statu
623 489 706 534 vestro
725 489 791 534 recte

94 567 205 618 ordinato
215 563 289 614 citius
304 562 460 631 gaudeamus.

128 642 214 695 Gratia
226 641 326 692 Domini
342 641 420 692 nostri
430 641 448 692 J
449 659 493 691 esu
504 640 598 691 Christi
614 640 648 690 sit
658 639 790 700 vobiscum,

94 729 120 772 et
131 739 186 772 cum
197 720 316 770 universis
327 719 418 786 ubique
430 738 445 770 a
457 719 546 770 Decet
556 737 601 786 per
613 737 669 769 eum
680 719 773 770 vocatis
782 739 789 780 ;

93 818 137 868 per
148 818 221 867 quem
232 798 312 849 illisit
322 798 405 866 gloria,
416 798 499 858 honor,
507 804 624 866 potestas,
633 798 755 866 majestas,
764 805 791 849 et

34 895 35 899 ¹
93 871 226 928 dominatio
242 876 396 945 sempiterna,
408 895 422 927 a
437 876 539 928 saecuiis
554 877 581 928 in
596 878 692 929 saeclda
707 896 789 929 saecu-

91 956 176 1007 lorum.
210 955 297 1006 Amen.

221 1146 335 1191 Clementis
349 1146 377 1191 ad
391 1146 511 1190 Corinthios
525 1146 622 1204 Epistola
637 1147 655 1190 Ι.

92 1338 253 1392 rov,quodlcnge
264 1339 332 1379 melius
344 1339 424 1380 arbitra·
451 1340 487 1378 ὄντι
504 1341 548 1378 καλὰ
565 1341 643 1390 φαίνεται
661 1342 727 1390 ἥδιστα,
745 1344 785 1392 παρ’

34 1428 36 1432 ,
92 1397 125 1433 tur
134 1393 215 1434 Boisius.
451 1396 502 1432 αὐτοῦ
518 1396 537 1432 δὲ
550 1396 637 1444 πορίζεται
648 1394 668 1433 ὃν
677 1397 728 1435 ποθεῖ
742 1413 784 1447 καρ-

119 1460 137 1498 3.
156 1446 304 1502 ἀπαγγέλλωσιν]
327 1448 359 1489 Ita
380 1462 425 1488 cum
450 1452 489 1498 τόν,
506 1450 537 1497 τὴν
554 1451 584 1497 τῆς
601 1450 661 1499 ψυχῆς
680 1452 784 1490 εὐστάθειαν.

92 1502 139 1542 (iod.
160 1502 218 1543 MSto
241 1502 325 1543 Wotton.
349 1503 422 1543 Russel.
451 1503 480 1542 Π).
494 1503 545 1554 ξ25,
559 1516 577 1555 p.
589 1505 635 1553 637,
644 1506 741 1555 δικαιοσύνη
755 1507 785 1545 οὖν

91 1557 178 1597 Callond.
202 1557 336 1598 Schoenemcn.
360 1557 421 1598 Hefel.
449 1560 497 1596 ἐστὶν
506 1558 560 1608 εἰρήνη
569 1560 609 1603 βίον
618 1561 645 1597 καὶ
654 1561 748 1601 εὐπάθεια

92 1611 208 1664 Baithmayr.
219 1616 239 1652 et
248 1611 358 1652 Dressclius.
376 1611 423 1652 Cae-
479 1625 508 1652 10.
522 1613 619 1660 Κλήμεντος
628 1629 643 1652 κ.
652 1630 668 1652 τ.
678 1616 705 1665 λ.]
717 1615 784 1664 Codex

91 1666 128 1706 teri
141 1667 266 1717 ἅπαγγέλωσιν,
277 1680 334 1719 quam
342 1667 423 1707 formam
450 1666 519 1706 sistus
532 1667 581 1706 hano
596 1668 713 1720 epigraphen
728 1684 783 1722 prae-

88 1720 130 1772 jam
136 1726 234 1761 exaratam
240 1721 327 1761 librarius
333 1722 421 1761 conexit.
444 1725 493 1769 stat,
503 1721 527 1760 ab
538 1721 650 1762 Editoribus
664 1723 758 1774 omnibus,
768 1726 784 1765 si

118 1788 136 1823 4.
150 1778 189 1825 περί
203 1779 233 1824 τῆς
244 1774 349 1830 εὐσταθείας]
367 1774 421 1815 Conf.
449 1775 534 1816 Wotton.
552 1776 615 1816 Hefel.
632 1778 750 1832 Reithmayr.
764 1785 784 1821 et

90 1828 150 1869 Clem.
167 1829 221 1870 Alex„
238 1830 308 1870 Strom.
322 1830 343 1870 iv
357 1844 388 1881 23,
402 1844 420 1883 p.
448 1830 567 1870 Drcsselium
589 1832 679 1885 excipias,
700 1839 784 1886 praeter-

91 1885 129 1935 632
144 1885 173 1925 ed.
188 1885 259 1925 Pother.
273 1885 317 1924 οὕτω
330 1887 385 1925 τοίνυν
398 1889 421 1937 τῷ
449 1884 532 1925 missam.
