<?xml version="1.0" encoding="UTF-8"?>
<!DOCTYPE html PUBLIC "-//W3C//DTD XHTML 1.0 Transitional//EN"
    "http://www.w3.org/TR/xhtml1/DTD/xhtml1-transitional.dtd">
<html xmlns="http://www.w3.org/1999/xhtml" xml:lang="en" lang="en">
 <head>
  <title>
</title>
<meta http-equiv="Content-Type" content="text/html;charset=utf-8" />
  <meta name='ocr-system' content='tesseract 3.04.00' />
  <meta name='ocr-capabilities' content='ocr_page ocr_carea ocr_par ocr_line ocrx_word'/>
</head>
<body>
  <div class='ocr_page' id='page_1' title='image "./MN41360ucmf_0/MN41360ucmf_0_0221.png"; bbox 0 0 1958 3490; ppageno 0'>
   <div class='ocr_carea' id='block_1_1' title="bbox 314 223 825 276">
    <p class='ocr_par' dir='ltr' id='par_1_1' title="bbox 314 223 825 276">
     <span class='ocr_line' id='line_1_1' title="bbox 314 223 825 276; baseline 0.006 -10"><span class='ocrx_word' id='word_1_1' title='bbox 314 223 357 266; x_wconf 90' lang='lat' dir='ltr'>AD</span> <span class='ocrx_word' id='word_1_2' title='bbox 372 223 567 276; x_wconf 77' lang='lat' dir='ltr'>CORINTHIOS,</span> <span class='ocrx_word' id='word_1_3' title='bbox 578 224 635 267; x_wconf 84' lang='lat' dir='ltr'>xxvi.</span> <span class='ocrx_word' id='word_1_4' title='bbox 782 223 825 269; x_wconf 78' lang='lat'>107</span> 
     </span>
    </p>
   </div>
   <div class='ocr_carea' id='block_1_2' title="bbox 103 340 900 1903">
    <p class='ocr_par' dir='ltr' id='par_1_2' title="bbox 103 340 900 1495">
     <span class='ocr_line' id='line_1_2' title="bbox 127 340 824 408; baseline -0.004 -14"><span class='ocrx_word' id='word_1_5' title='bbox 127 344 205 394; x_wconf 90' lang='lat' dir='ltr'>istens</span> <span class='ocrx_word' id='word_1_6' title='bbox 216 350 293 395; x_wconf 84' lang='lat' dir='ltr'>annos</span> <span class='ocrx_word' id='word_1_7' title='bbox 306 340 454 408; x_wconf 81' lang='lat' dir='ltr'>quingentos</span> <span class='ocrx_word' id='word_1_8' title='bbox 465 341 535 400; x_wconf 90' lang='lat' dir='ltr'>vivit,</span> <span class='ocrx_word' id='word_1_9' title='bbox 548 347 574 391; x_wconf 92' lang='lat' dir='ltr'>et</span> <span class='ocrx_word' id='word_1_10' title='bbox 591 359 668 407; x_wconf 91' lang='lat' dir='ltr'>quum</span> <span class='ocrx_word' id='word_1_11' title='bbox 685 347 764 391; x_wconf 90' lang='lat' dir='ltr'>morte</span> <span class='ocrx_word' id='word_1_12' title='bbox 776 341 824 391; x_wconf 90' lang='lat' dir='ltr'>dis-</span> 
     </span>
     <span class='ocr_line' id='line_1_3' title="bbox 128 419 824 486; baseline -0.006 -14"><span class='ocrx_word' id='word_1_13' title='bbox 128 420 245 476; x_wconf 87' lang='lat' dir='ltr'>solvenda</span> <span class='ocrx_word' id='word_1_14' title='bbox 261 425 331 479; x_wconf 78' lang='lat' dir='ltr'>este</span> <span class='ocrx_word' id='word_1_15' title='bbox 345 419 424 478; x_wconf 92' lang='lat' dir='ltr'>thure,</span> <span class='ocrx_word' id='word_1_16' title='bbox 436 419 541 486; x_wconf 84' lang='lat' dir='ltr'>myrrha,</span> <span class='ocrx_word' id='word_1_17' title='bbox 553 425 580 469; x_wconf 90' lang='lat' dir='ltr'>et</span> <span class='ocrx_word' id='word_1_18' title='bbox 595 419 695 486; x_wconf 88' lang='lat' dir='ltr'>reliquis</span> <span class='ocrx_word' id='word_1_19' title='bbox 712 420 824 469; x_wconf 88' lang='lat' dir='ltr'>aromati-</span> 
     </span>
     <span class='ocr_line' id='line_1_4' title="bbox 126 497 825 566; baseline -0.004 -15"><span class='ocrx_word' id='word_1_20' title='bbox 126 501 173 552; x_wconf 90' lang='lat' dir='ltr'>bus</span> <span class='ocrx_word' id='word_1_21' title='bbox 190 498 297 549; x_wconf 87' lang='lat' dir='ltr'>loculum</span> <span class='ocrx_word' id='word_1_22' title='bbox 316 497 363 548; x_wconf 92' lang='lat' dir='ltr'>sibi</span> <span class='ocrx_word' id='word_1_23' title='bbox 380 497 462 557; x_wconf 79' lang='lat' dir='ltr'>stunt,</span> <span class='ocrx_word' id='word_1_24' title='bbox 479 516 553 565; x_wconf 86' lang='lat' dir='ltr'>quem</span> <span class='ocrx_word' id='word_1_25' title='bbox 570 498 690 566; x_wconf 89' lang='lat' dir='ltr'>completo</span> <span class='ocrx_word' id='word_1_26' title='bbox 705 515 825 549; x_wconf 89' lang='lat' dir='ltr'>annorum</span> 
     </span>
     <span class='ocr_line' id='line_1_5' title="bbox 126 569 825 646; baseline -0.003 -16"><span class='ocrx_word' id='word_1_27' title='bbox 126 569 206 646; x_wconf 92' lang='lat' dir='ltr'>spatio</span> <span class='ocrx_word' id='word_1_28' title='bbox 218 577 363 644; x_wconf 84' lang='lat' dir='ltr'>ingreditur,</span> <span class='ocrx_word' id='word_1_29' title='bbox 375 583 401 627; x_wconf 90' lang='lat' dir='ltr'>et</span> <span class='ocrx_word' id='word_1_30' title='bbox 412 577 490 627; x_wconf 89' lang='lat' dir='ltr'>vitam</span> <span class='ocrx_word' id='word_1_31' title='bbox 501 577 618 644; x_wconf 80' lang='lat' dir='ltr'>deponit3</span> <span class='ocrx_word' id='word_1_32' title='bbox 638 596 669 627; x_wconf 85' lang='lat' dir='ltr'>ex</span> <span class='ocrx_word' id='word_1_33' title='bbox 681 596 752 628; x_wconf 87' lang='lat' dir='ltr'>carne</span> <span class='ocrx_word' id='word_1_34' title='bbox 767 595 825 629; x_wconf 88' lang='lat' dir='ltr'>vero</span> 
     </span>
     <span class='ocr_line' id='line_1_6' title="bbox 126 656 825 725; baseline -0.003 -17"><span class='ocrx_word' id='word_1_35' title='bbox 126 657 180 725; x_wconf 88' lang='lat' dir='ltr'>ejus</span> <span class='ocrx_word' id='word_1_36' title='bbox 199 656 338 724; x_wconf 86' lang='lat' dir='ltr'>putrefacta</span> <span class='ocrx_word' id='word_1_37' title='bbox 353 657 443 707; x_wconf 89' lang='lat' dir='ltr'>vermis</span> <span class='ocrx_word' id='word_1_38' title='bbox 463 656 563 723; x_wconf 87' lang='lat' dir='ltr'>quidam</span> <span class='ocrx_word' id='word_1_39' title='bbox 581 656 696 717; x_wconf 91' lang='lat' dir='ltr'>nascitur,</span> <span class='ocrx_word' id='word_1_40' title='bbox 711 657 755 723; x_wconf 92' lang='lat' dir='ltr'>qui</span> <span class='ocrx_word' id='word_1_41' title='bbox 774 657 825 706; x_wconf 88' lang='lat' dir='ltr'>ani-</span> 
     </span>
     <span class='ocr_line' id='line_1_7' title="bbox 126 734 826 802; baseline 0 -16"><span class='ocrx_word' id='word_1_42' title='bbox 126 736 196 786; x_wconf 89' lang='lat' dir='ltr'>malis</span> <span class='ocrx_word' id='word_1_43' title='bbox 208 735 319 786; x_wconf 85' lang='lat' dir='ltr'>defuncti</span> <span class='ocrx_word' id='word_1_44' title='bbox 329 735 430 785; x_wconf 90' lang='lat' dir='ltr'>humore</span> <span class='ocrx_word' id='word_1_45' title='bbox 441 735 552 785; x_wconf 88' lang='lat' dir='ltr'>nutritus</span> <span class='ocrx_word' id='word_1_46' title='bbox 563 734 700 802; x_wconf 90' lang='lat' dir='ltr'>plumescit,</span> <span class='ocrx_word' id='word_1_47' title='bbox 710 741 736 785; x_wconf 90' lang='lat' dir='ltr'>et</span> <span class='ocrx_word' id='word_1_48' title='bbox 747 736 826 786; x_wconf 88' lang='lat' dir='ltr'>auctis</span> 
     </span>
     <span class='ocr_line' id='line_1_8' title="bbox 103 813 900 883; baseline -0.001 -19"><span class='ocrx_word' id='word_1_49' title='bbox 103 827 105 834; x_wconf 92' lang='grc'><em>·</em></span> <span class='ocrx_word' id='word_1_50' title='bbox 125 822 212 883; x_wconf 89' lang='lat' dir='ltr'>postea</span> <span class='ocrx_word' id='word_1_51' title='bbox 226 813 320 864; x_wconf 87' lang='lat' dir='ltr'>viribus</span> <span class='ocrx_word' id='word_1_52' title='bbox 336 813 442 864; x_wconf 88' lang='lat' dir='ltr'>loculum</span> <span class='ocrx_word' id='word_1_53' title='bbox 455 813 522 863; x_wconf 88' lang='lat' dir='ltr'>tollit</span> <span class='ocrx_word' id='word_1_54' title='bbox 538 813 566 863; x_wconf 90' lang='lat' dir='ltr'>in</span> <span class='ocrx_word' id='word_1_55' title='bbox 582 831 631 880; x_wconf 92' lang='lat' dir='ltr'>quo</span> <span class='ocrx_word' id='word_1_56' title='bbox 648 831 702 864; x_wconf 90' lang='lat' dir='ltr'>ossa</span> <span class='ocrx_word' id='word_1_57' title='bbox 716 813 826 881; x_wconf 89' lang='lat' dir='ltr'>parentis</span> <span class='ocrx_word' id='word_1_58' title='bbox 898 876 900 881; x_wconf 90' lang='lat'><em>.</em></span> 
     </span>
     <span class='ocr_line' id='line_1_9' title="bbox 125 892 825 961; baseline -0.003 -17"><span class='ocrx_word' id='word_1_59' title='bbox 125 893 251 945; x_wconf 88' lang='lat' dir='ltr'>recondita</span> <span class='ocrx_word' id='word_1_60' title='bbox 268 899 334 952; x_wconf 89' lang='lat' dir='ltr'>sunt,</span> <span class='ocrx_word' id='word_1_61' title='bbox 352 910 415 960; x_wconf 89' lang='lat' dir='ltr'>quae</span> <span class='ocrx_word' id='word_1_62' title='bbox 433 899 532 960; x_wconf 84' lang='lat' dir='ltr'>gestans</span> <span class='ocrx_word' id='word_1_63' title='bbox 551 911 584 942; x_wconf 86' lang='lat' dir='ltr'>ex</span> <span class='ocrx_word' id='word_1_64' title='bbox 602 892 707 943; x_wconf 86' lang='lat' dir='ltr'>Arabica</span> <span class='ocrx_word' id='word_1_65' title='bbox 726 893 825 961; x_wconf 79' lang='lat' dir='ltr'>regione</span> 
     </span>
     <span class='ocr_line' id='line_1_10' title="bbox 125 971 825 1040; baseline -0.001 -18"><span class='ocrx_word' id='word_1_66' title='bbox 125 972 152 1022; x_wconf 90' lang='lat' dir='ltr'>in</span> <span class='ocrx_word' id='word_1_67' title='bbox 168 973 367 1040; x_wconf 79' lang='lat' dir='ltr'>Aegyptumet</span> <span class='ocrx_word' id='word_1_68' title='bbox 385 971 471 1022; x_wconf 89' lang='lat' dir='ltr'>urbem</span> <span class='ocrx_word' id='word_1_69' title='bbox 491 989 554 1038; x_wconf 90' lang='lat' dir='ltr'>quae</span> <span class='ocrx_word' id='word_1_70' title='bbox 574 971 711 1038; x_wconf 89' lang='lat' dir='ltr'>Heliopolis</span> <span class='ocrx_word' id='word_1_71' title='bbox 728 971 825 1031; x_wconf 86' lang='lat' dir='ltr'>dicitur,</span> 
     </span>
     <span class='ocr_line' id='line_1_11' title="bbox 125 1049 825 1118; baseline 0 -18"><span class='ocrx_word' id='word_1_72' title='bbox 125 1049 243 1118; x_wconf 89' lang='lat' dir='ltr'>pervolat,</span> <span class='ocrx_word' id='word_1_73' title='bbox 266 1068 294 1100; x_wconf 93' lang='lat' dir='ltr'>ac</span> <span class='ocrx_word' id='word_1_74' title='bbox 318 1049 487 1117; x_wconf 70' lang='lat' dir='ltr'>spectantibus</span> <span class='ocrx_word' id='word_1_75' title='bbox 513 1049 625 1100; x_wconf 87' lang='lat' dir='ltr'>omnibus</span> <span class='ocrx_word' id='word_1_76' title='bbox 650 1049 738 1100; x_wconf 87' lang='lat' dir='ltr'>diurno</span> <span class='ocrx_word' id='word_1_77' title='bbox 763 1056 825 1100; x_wconf 90' lang='lat' dir='ltr'>tem-</span> 
     </span>
     <span class='ocr_line' id='line_1_12' title="bbox 125 1127 825 1198; baseline 0.001 -19"><span class='ocrx_word' id='word_1_78' title='bbox 125 1148 183 1198; x_wconf 84' lang='lat' dir='ltr'>pore</span> <span class='ocrx_word' id='word_1_79' title='bbox 200 1129 317 1180; x_wconf 78' lang='lat' dir='ltr'>advolans</span> <span class='ocrx_word' id='word_1_80' title='bbox 337 1147 411 1197; x_wconf 89' lang='lat' dir='ltr'>super</span> <span class='ocrx_word' id='word_1_81' title='bbox 428 1128 505 1179; x_wconf 87' lang='lat' dir='ltr'>altare</span> <span class='ocrx_word' id='word_1_82' title='bbox 522 1127 585 1179; x_wconf 81' lang='lat' dir='ltr'>Solis</span> <span class='ocrx_word' id='word_1_83' title='bbox 605 1128 647 1178; x_wconf 88' lang='lat' dir='ltr'>illa</span> <span class='ocrx_word' id='word_1_84' title='bbox 666 1128 772 1188; x_wconf 85' lang='lat' dir='ltr'>collocat,</span> <span class='ocrx_word' id='word_1_85' title='bbox 788 1135 825 1180; x_wconf 77' lang='lat' dir='ltr'>at</span> 
     </span>
     <span class='ocr_line' id='line_1_13' title="bbox 125 1207 825 1276; baseline 0.001 -18"><span class='ocrx_word' id='word_1_86' title='bbox 125 1227 173 1276; x_wconf 89' lang='lat' dir='ltr'>que</span> <span class='ocrx_word' id='word_1_87' title='bbox 184 1208 222 1258; x_wconf 88' lang='lat' dir='ltr'>ita</span> <span class='ocrx_word' id='word_1_88' title='bbox 233 1208 299 1259; x_wconf 91' lang='lat' dir='ltr'>unde</span> <span class='ocrx_word' id='word_1_89' title='bbox 307 1213 415 1267; x_wconf 90' lang='lat' dir='ltr'>venerat,</span> <span class='ocrx_word' id='word_1_90' title='bbox 427 1207 573 1275; x_wconf 82' lang='lat' dir='ltr'>regreditur.</span> <span class='ocrx_word' id='word_1_91' title='bbox 608 1207 751 1264; x_wconf 68' lang='lat' dir='ltr'>Sacerdotes</span> <span class='ocrx_word' id='word_1_92' title='bbox 762 1226 825 1259; x_wconf 91' lang='lat' dir='ltr'>com-</span> 
     </span>
     <span class='ocr_line' id='line_1_14' title="bbox 124 1286 824 1354; baseline 0.001 -17"><span class='ocrx_word' id='word_1_93' title='bbox 124 1287 257 1337; x_wconf 89' lang='lat' dir='ltr'>mentarios</span> <span class='ocrx_word' id='word_1_94' title='bbox 272 1292 411 1354; x_wconf 91' lang='lat' dir='ltr'>temporum</span> <span class='ocrx_word' id='word_1_95' title='bbox 431 1286 563 1354; x_wconf 82' lang='lat' dir='ltr'>diligenter</span> <span class='ocrx_word' id='word_1_96' title='bbox 580 1286 720 1354; x_wconf 85' lang='lat' dir='ltr'>inspiciunt,</span> <span class='ocrx_word' id='word_1_97' title='bbox 735 1294 761 1338; x_wconf 90' lang='lat' dir='ltr'>et</span> <span class='ocrx_word' id='word_1_98' title='bbox 780 1288 824 1338; x_wconf 91' lang='lat' dir='ltr'>im-</span> 
     </span>
     <span class='ocr_line' id='line_1_15' title="bbox 123 1365 824 1434; baseline 0.003 -19"><span class='ocrx_word' id='word_1_99' title='bbox 123 1365 192 1433; x_wconf 89' lang='lat' dir='ltr'>pleto</span> <span class='ocrx_word' id='word_1_100' title='bbox 214 1385 279 1417; x_wconf 88' lang='lat' dir='ltr'>anno</span> <span class='ocrx_word' id='word_1_101' title='bbox 301 1365 505 1434; x_wconf 79' lang='lat' dir='ltr'>quingentesimo,</span> <span class='ocrx_word' id='word_1_102' title='bbox 522 1365 623 1416; x_wconf 88' lang='lat' dir='ltr'>rediisse</span> <span class='ocrx_word' id='word_1_103' title='bbox 642 1366 710 1417; x_wconf 86' lang='lat' dir='ltr'>illam</span> <span class='ocrx_word' id='word_1_104' title='bbox 729 1384 824 1434; x_wconf 87' lang='lat' dir='ltr'>compe-</span> 
     </span>
     <span class='ocr_line' id='line_1_16' title="bbox 124 1446 200 1495; baseline -0.013 -1"><span class='ocrx_word' id='word_1_105' title='bbox 124 1446 200 1495; x_wconf 91' lang='lat' dir='ltr'>riunt.</span> 
     </span>
    </p>

    <p class='ocr_par' dir='ltr' id='par_1_3' title="bbox 123 1523 825 1903">
     <span class='ocr_line' id='line_1_17' title="bbox 158 1523 823 1590; baseline 0 -16"><span class='ocrx_word' id='word_1_106' title='bbox 158 1523 254 1575; x_wconf 87' lang='lat' dir='ltr'>XXVI.</span> <span class='ocrx_word' id='word_1_107' title='bbox 271 1523 313 1572; x_wconf 87' lang='lat' dir='ltr'>An</span> <span class='ocrx_word' id='word_1_108' title='bbox 323 1540 441 1590; x_wconf 80' lang='lat' dir='ltr'>magnum</span> <span class='ocrx_word' id='word_1_109' title='bbox 452 1523 530 1589; x_wconf 79' lang='lat' dir='ltr'>igitur</span> <span class='ocrx_word' id='word_1_110' title='bbox 541 1529 567 1573; x_wconf 91' lang='lat' dir='ltr'>et</span> <span class='ocrx_word' id='word_1_111' title='bbox 578 1523 749 1573; x_wconf 89' lang='lat' dir='ltr'>admirandum</span> <span class='ocrx_word' id='word_1_112' title='bbox 760 1524 823 1575; x_wconf 88' lang='lat' dir='ltr'>arbi-</span> 
     </span>
     <span class='ocr_line' id='line_1_18' title="bbox 124 1600 823 1669; baseline 0.001 -17"><span class='ocrx_word' id='word_1_113' title='bbox 124 1603 250 1662; x_wconf 89' lang='lat' dir='ltr'>trabimur,</span> <span class='ocrx_word' id='word_1_114' title='bbox 267 1602 289 1652; x_wconf 93' lang='lat' dir='ltr'>si</span> <span class='ocrx_word' id='word_1_115' title='bbox 307 1619 389 1651; x_wconf 90' lang='lat' dir='ltr'>rerum</span> <span class='ocrx_word' id='word_1_116' title='bbox 409 1600 518 1650; x_wconf 89' lang='lat' dir='ltr'>omnium</span> <span class='ocrx_word' id='word_1_117' title='bbox 538 1600 622 1668; x_wconf 79' lang='lat' dir='ltr'>opifex</span> <span class='ocrx_word' id='word_1_118' title='bbox 639 1620 765 1669; x_wconf 76' lang='lat' dir='ltr'>resurgere</span> <span class='ocrx_word' id='word_1_119' title='bbox 783 1621 823 1653; x_wconf 92' lang='lat' dir='ltr'>eos</span> 
     </span>
     <span class='ocr_line' id='line_1_19' title="bbox 123 1678 824 1746; baseline 0.001 -18"><span class='ocrx_word' id='word_1_120' title='bbox 123 1679 203 1738; x_wconf 87' lang='lat' dir='ltr'>faciat,</span> <span class='ocrx_word' id='word_1_121' title='bbox 220 1679 263 1746; x_wconf 90' lang='lat' dir='ltr'>qui</span> <span class='ocrx_word' id='word_1_122' title='bbox 282 1679 309 1728; x_wconf 90' lang='lat' dir='ltr'>in</span> <span class='ocrx_word' id='word_1_123' title='bbox 326 1678 403 1729; x_wconf 89' lang='lat' dir='ltr'>bonae</span> <span class='ocrx_word' id='word_1_124' title='bbox 422 1678 481 1728; x_wconf 88' lang='lat' dir='ltr'>fidei</span> <span class='ocrx_word' id='word_1_125' title='bbox 496 1679 644 1729; x_wconf 86' lang='lat' dir='ltr'>confidentia</span> <span class='ocrx_word' id='word_1_126' title='bbox 659 1679 771 1746; x_wconf 79' lang='lat' dir='ltr'>religiose</span> <span class='ocrx_word' id='word_1_127' title='bbox 787 1679 824 1729; x_wconf 90' lang='lat' dir='ltr'>illi</span> 
     </span>
     <span class='ocr_line' id='line_1_20' title="bbox 123 1756 824 1823; baseline 0.001 -16"><span class='ocrx_word' id='word_1_128' title='bbox 123 1757 295 1816; x_wconf 88' lang='lat' dir='ltr'>inservierunt,</span> <span class='ocrx_word' id='word_1_129' title='bbox 307 1775 384 1823; x_wconf 89' lang='lat' dir='ltr'>quum</span> <span class='ocrx_word' id='word_1_130' title='bbox 395 1774 440 1823; x_wconf 91' lang='lat' dir='ltr'>per</span> <span class='ocrx_word' id='word_1_131' title='bbox 450 1756 575 1806; x_wconf 89' lang='lat' dir='ltr'>volucrem</span> <span class='ocrx_word' id='word_1_132' title='bbox 587 1756 754 1823; x_wconf 83' lang='lat' dir='ltr'>promissionis</span> <span class='ocrx_word' id='word_1_133' title='bbox 766 1776 824 1808; x_wconf 92' lang='lat' dir='ltr'>suae</span> 
     </span>
     <span class='ocr_line' id='line_1_21' title="bbox 124 1834 825 1903; baseline 0.003 -19"><span class='ocrx_word' id='word_1_134' title='bbox 124 1835 331 1903; x_wconf 82' lang='lat' dir='ltr'>magnificentiam</span> <span class='ocrx_word' id='word_1_135' title='bbox 353 1834 450 1885; x_wconf 84' lang='lat' dir='ltr'>abunde</span> <span class='ocrx_word' id='word_1_136' title='bbox 472 1834 543 1885; x_wconf 88' lang='lat' dir='ltr'>nobis</span> <span class='ocrx_word' id='word_1_137' title='bbox 565 1835 721 1903; x_wconf 79' lang='lat' dir='ltr'>patefaciatl</span> <span class='ocrx_word' id='word_1_138' title='bbox 756 1837 825 1887; x_wconf 84' lang='lat' dir='ltr'>Dicit</span> 
     </span>
    </p>
   </div>
   <div class='ocr_carea' id='block_1_3' title="bbox 118 2005 824 3048">
    <p class='ocr_par' dir='ltr' id='par_1_4' title="bbox 118 2005 824 3048">
     <span class='ocr_line' id='line_1_22' title="bbox 122 2005 824 2059; baseline 0.004 -14"><span class='ocrx_word' id='word_1_139' title='bbox 122 2005 236 2058; x_wconf 71' lang='lat' dir='ltr'>Aeppptwra.</span> <span class='ocrx_word' id='word_1_140' title='bbox 252 2005 461 2058; x_wconf 74' lang='lat' dir='ltr'>SicSancroltiusquo-</span> <span class='ocrx_word' id='word_1_141' title='bbox 488 2010 565 2046; x_wconf 88' lang='lat' dir='ltr'>tantum</span> <span class='ocrx_word' id='word_1_142' title='bbox 578 2006 676 2047; x_wconf 83' lang='lat' dir='ltr'>illustrant</span> <span class='ocrx_word' id='word_1_143' title='bbox 685 2007 737 2059; x_wconf 87' lang='lat' dir='ltr'>quod</span> <span class='ocrx_word' id='word_1_144' title='bbox 750 2008 824 2058; x_wconf 89' lang='lat' dir='ltr'>docent,</span> 
     </span>
     <span class='ocr_line' id='line_1_23' title="bbox 122 2060 824 2114; baseline 0.006 -15"><span class='ocrx_word' id='word_1_145' title='bbox 122 2074 165 2113; x_wconf 86' lang='lat' dir='ltr'>que,</span> <span class='ocrx_word' id='word_1_146' title='bbox 182 2060 215 2113; x_wconf 90' lang='lat' dir='ltr'>qui</span> <span class='ocrx_word' id='word_1_147' title='bbox 233 2061 377 2113; x_wconf 83' lang='lat' dir='ltr'>interpretatur,</span> <span class='ocrx_word' id='word_1_148' title='bbox 395 2061 460 2112; x_wconf 73' lang='lat' dir='ltr'>serpit,</span> <span class='ocrx_word' id='word_1_149' title='bbox 487 2061 537 2100; x_wconf 83' lang='lat' dir='ltr'>forte</span> <span class='ocrx_word' id='word_1_150' title='bbox 551 2062 575 2101; x_wconf 89' lang='lat' dir='ltr'>ab</span> <span class='ocrx_word' id='word_1_151' title='bbox 590 2075 613 2101; x_wconf 89' lang='lat' dir='ltr'>ea</span> <span class='ocrx_word' id='word_1_152' title='bbox 627 2062 752 2114; x_wconf 81' lang='lat' dir='ltr'>castigatione</span> <span class='ocrx_word' id='word_1_153' title='bbox 766 2063 824 2103; x_wconf 86' lang='lat' dir='ltr'>absti-</span> 
     </span>
     <span class='ocr_line' id='line_1_24' title="bbox 122 2116 824 2168; baseline 0.004 -14"><span class='ocrx_word' id='word_1_154' title='bbox 122 2116 210 2164; x_wconf 78' lang='lat' dir='ltr'>a&#39;acla&#39;aat,</span> <span class='ocrx_word' id='word_1_155' title='bbox 220 2130 299 2155; x_wconf 78' lang='lat' dir='ltr'>carram</span> <span class='ocrx_word' id='word_1_156' title='bbox 308 2116 382 2168; x_wconf 78' lang='lat' dir='ltr'>diripit,</span> <span class='ocrx_word' id='word_1_157' title='bbox 390 2120 409 2155; x_wconf 89' lang='lat' dir='ltr'>et</span> <span class='ocrx_word' id='word_1_158' title='bbox 417 2130 461 2155; x_wconf 90' lang='lat' dir='ltr'>con·</span> <span class='ocrx_word' id='word_1_159' title='bbox 487 2116 565 2156; x_wconf 80' lang='lat' dir='ltr'>auisset.</span> <span class='ocrx_word' id='word_1_160' title='bbox 576 2116 649 2156; x_wconf 68' lang='grc' dir='ltr'>(ΗΠΒ.</span> <span class='ocrx_word' id='word_1_161' title='bbox 660 2117 778 2157; x_wconf 86' lang='lat' dir='ltr'><strong>BURTON.</strong></span> <span class='ocrx_word' id='word_1_162' title='bbox 793 2118 824 2157; x_wconf 84' lang='lat' dir='ltr'>Fi-</span> 
     </span>
     <span class='ocr_line' id='line_1_25' title="bbox 121 2170 824 2221; baseline 0.006 -12"><span class='ocrx_word' id='word_1_163' title='bbox 121 2171 159 2211; x_wconf 79' lang='lat' dir='ltr'>fert</span> <span class='ocrx_word' id='word_1_164' title='bbox 173 2170 217 2210; x_wconf 77' lang='lat' dir='ltr'>Aea</span> <span class='ocrx_word' id='word_1_165' title='bbox 231 2171 266 2210; x_wconf 82' lang='lat' dir='ltr'>xxi</span> <span class='ocrx_word' id='word_1_166' title='bbox 277 2179 296 2221; x_wconf 77' lang='lat'>7,</span> <span class='ocrx_word' id='word_1_167' title='bbox 311 2184 385 2210; x_wconf 87' lang='lat' dir='ltr'>necnon</span> <span class='ocrx_word' id='word_1_168' title='bbox 396 2171 461 2210; x_wconf 87' lang='lat' dir='ltr'>Euna-</span> <span class='ocrx_word' id='word_1_169' title='bbox 487 2171 517 2210; x_wconf 87' lang='lat' dir='ltr'>nis</span> <span class='ocrx_word' id='word_1_170' title='bbox 526 2171 617 2212; x_wconf 85' lang='lat' dir='ltr'>historiae</span> <span class='ocrx_word' id='word_1_171' title='bbox 626 2172 650 2211; x_wconf 91' lang='lat' dir='ltr'>de</span> <span class='ocrx_word' id='word_1_172' title='bbox 659 2172 754 2212; x_wconf 82' lang='lat' dir='ltr'>cineribus</span> <span class='ocrx_word' id='word_1_173' title='bbox 764 2173 824 2213; x_wconf 89' lang='lat' dir='ltr'>Phoe-</span> 
     </span>
     <span class='ocr_line' id='line_1_26' title="bbox 122 2225 824 2279; baseline 0.006 -15"><span class='ocrx_word' id='word_1_174' title='bbox 122 2225 176 2277; x_wconf 90' lang='lat' dir='ltr'>pium</span> <span class='ocrx_word' id='word_1_175' title='bbox 189 2226 260 2266; x_wconf 88' lang='lat' dir='ltr'>invita</span> <span class='ocrx_word' id='word_1_176' title='bbox 270 2225 354 2276; x_wconf 83' lang='lat' dir='ltr'>Aedesii,</span> <span class='ocrx_word' id='word_1_177' title='bbox 364 2228 384 2264; x_wconf 84' lang='grc' dir='ltr'>οὐ</span> <span class='ocrx_word' id='word_1_178' title='bbox 396 2228 461 2277; x_wconf 83' lang='grc' dir='ltr'>μακρὰν</span> <span class='ocrx_word' id='word_1_179' title='bbox 487 2226 535 2265; x_wconf 90' lang='lat' dir='ltr'>nicis</span> <span class='ocrx_word' id='word_1_180' title='bbox 553 2240 597 2265; x_wconf 86' lang='lat' dir='ltr'>arae</span> <span class='ocrx_word' id='word_1_181' title='bbox 619 2227 664 2266; x_wconf 90' lang='lat' dir='ltr'>solis</span> <span class='ocrx_word' id='word_1_182' title='bbox 685 2227 785 2279; x_wconf 84' lang='lat' dir='ltr'>impositis,</span> <span class='ocrx_word' id='word_1_183' title='bbox 803 2229 824 2268; x_wconf 91' lang='lat' dir='ltr'>in</span> 
     </span>
     <span class='ocr_line' id='line_1_27' title="bbox 122 2281 824 2334; baseline 0.007 -16"><span class='ocrx_word' id='word_1_184' title='bbox 122 2282 162 2318; x_wconf 77' lang='grc' dir='ltr'>ὁδὸν</span> <span class='ocrx_word' id='word_1_185' title='bbox 180 2282 198 2319; x_wconf 82' lang='grc' dir='ltr'>ἐκ</span> <span class='ocrx_word' id='word_1_186' title='bbox 216 2283 336 2321; x_wconf 77' lang='grc' dir='ltr'>Καππαδοκίας</span> <span class='ocrx_word' id='word_1_187' title='bbox 354 2284 378 2321; x_wconf 76' lang='grc' dir='ltr'>εἰς</span> <span class='ocrx_word' id='word_1_188' title='bbox 400 2281 461 2332; x_wconf 74' lang='grc' dir='ltr'>Συρίαν</span> <span class='ocrx_word' id='word_1_189' title='bbox 487 2282 535 2320; x_wconf 87' lang='lat' dir='ltr'>urbe</span> <span class='ocrx_word' id='word_1_190' title='bbox 548 2282 685 2333; x_wconf 86' lang='lat' dir='ltr'>superstitiosa,</span> <span class='ocrx_word' id='word_1_191' title='bbox 695 2283 780 2334; x_wconf 88' lang='lat' dir='ltr'>ejusdem</span> <span class='ocrx_word' id='word_1_192' title='bbox 794 2289 824 2323; x_wconf 85' lang='lat' dir='ltr'>est</span> 
     </span>
     <span class='ocr_line' id='line_1_28' title="bbox 118 2336 824 2388; baseline 0.006 -15"><span class='ocrx_word' id='word_1_193' title='bbox 118 2337 207 2374; x_wconf 78' lang='grc' dir='ltr'>συνέτεινε</span> <span class='ocrx_word' id='word_1_194' title='bbox 216 2339 243 2374; x_wconf 78' lang='grc' dir='ltr'>καὶ</span> <span class='ocrx_word' id='word_1_195' title='bbox 252 2336 312 2384; x_wconf 80' lang='grc' dir='ltr'>διήνοε,</span> <span class='ocrx_word' id='word_1_196' title='bbox 487 2336 565 2388; x_wconf 83' lang='lat' dir='ltr'>ingenii,</span> <span class='ocrx_word' id='word_1_197' title='bbox 586 2337 638 2388; x_wconf 87' lang='lat' dir='ltr'>qnod</span> <span class='ocrx_word' id='word_1_198' title='bbox 660 2337 711 2377; x_wconf 89' lang='lat' dir='ltr'>inter</span> <span class='ocrx_word' id='word_1_199' title='bbox 735 2338 824 2378; x_wconf 88' lang='lat' dir='ltr'>mulieres</span> 
     </span>
     <span class='ocr_line' id='line_1_29' title="bbox 152 2389 824 2445; baseline 0.004 -16"><span class='ocrx_word' id='word_1_200' title='bbox 152 2403 181 2430; x_wconf 90' lang='lat'>10.</span> <span class='ocrx_word' id='word_1_201' title='bbox 191 2389 312 2445; x_wconf 77' lang='grc' dir='ltr'>Ἡλιούπολιν]</span> <span class='ocrx_word' id='word_1_202' title='bbox 327 2391 400 2430; x_wconf 87' lang='lat' dir='ltr'>Locum</span> <span class='ocrx_word' id='word_1_203' title='bbox 408 2389 460 2429; x_wconf 89' lang='lat' dir='ltr'>hunc</span> <span class='ocrx_word' id='word_1_204' title='bbox 486 2391 527 2443; x_wconf 89' lang='lat' dir='ltr'>pias</span> <span class='ocrx_word' id='word_1_205' title='bbox 541 2391 638 2431; x_wconf 82' lang='lat' dir='ltr'>Danaides</span> <span class='ocrx_word' id='word_1_206' title='bbox 654 2397 674 2431; x_wconf 90' lang='lat' dir='ltr'>et</span> <span class='ocrx_word' id='word_1_207' title='bbox 686 2392 754 2432; x_wconf 86' lang='lat' dir='ltr'>Dircas</span> <span class='ocrx_word' id='word_1_208' title='bbox 767 2397 824 2432; x_wconf 88' lang='lat' dir='ltr'>antea</span> 
     </span>
     <span class='ocr_line' id='line_1_30' title="bbox 121 2445 823 2498; baseline 0.006 -15"><span class='ocrx_word' id='word_1_209' title='bbox 121 2445 146 2484; x_wconf 88' lang='lat' dir='ltr'>de</span> <span class='ocrx_word' id='word_1_210' title='bbox 162 2445 261 2495; x_wconf 85' lang='lat' dir='ltr'>Phoenice,</span> <span class='ocrx_word' id='word_1_211' title='bbox 277 2446 331 2498; x_wconf 88' lang='lat' dir='ltr'>quasi</span> <span class='ocrx_word' id='word_1_212' title='bbox 345 2446 459 2485; x_wconf 89' lang='lat' dir='ltr'>emblemate</span> <span class='ocrx_word' id='word_1_213' title='bbox 485 2446 586 2486; x_wconf 84' lang='lat' dir='ltr'>recensuit.</span> <span class='ocrx_word' id='word_1_214' title='bbox 601 2446 622 2487; x_wconf 76' lang='lat' dir='ltr'>Si</span> <span class='ocrx_word' id='word_1_215' title='bbox 631 2451 696 2486; x_wconf 87' lang='lat' dir='ltr'>tamen</span> <span class='ocrx_word' id='word_1_216' title='bbox 705 2447 751 2486; x_wconf 89' lang='lat' dir='ltr'>hacc</span> <span class='ocrx_word' id='word_1_217' title='bbox 760 2453 823 2487; x_wconf 86' lang='lat' dir='ltr'>essent</span> 
     </span>
     <span class='ocr_line' id='line_1_31' title="bbox 121 2500 823 2554; baseline 0.004 -16"><span class='ocrx_word' id='word_1_218' title='bbox 121 2500 271 2545; x_wconf 86' lang='lat' dir='ltr'>resurrectionis,</span> <span class='ocrx_word' id='word_1_219' title='bbox 279 2514 338 2541; x_wconf 87' lang='lat' dir='ltr'>nemo</span> <span class='ocrx_word' id='word_1_220' title='bbox 352 2500 458 2552; x_wconf 81' lang='lat' dir='ltr'>castigavit,</span> <span class='ocrx_word' id='word_1_221' title='bbox 486 2500 597 2546; x_wconf 77' lang='lat' dir='ltr'>Clementis,</span> <span class='ocrx_word' id='word_1_222' title='bbox 620 2502 718 2553; x_wconf 83' lang='lat' dir='ltr'>ignoscere</span> <span class='ocrx_word' id='word_1_223' title='bbox 746 2502 823 2554; x_wconf 85' lang='lat' dir='ltr'>quidem</span> 
     </span>
     <span class='ocr_line' id='line_1_32' title="bbox 121 2555 822 2607; baseline 0.004 -14"><span class='ocrx_word' id='word_1_224' title='bbox 121 2560 202 2607; x_wconf 83' lang='lat' dir='ltr'>excepto</span> <span class='ocrx_word' id='word_1_225' title='bbox 225 2555 294 2595; x_wconf 84' lang='lat' dir='ltr'>Photio</span> <span class='ocrx_word' id='word_1_226' title='bbox 320 2556 341 2594; x_wconf 93' lang='lat' dir='ltr'>in</span> <span class='ocrx_word' id='word_1_227' title='bbox 366 2555 456 2595; x_wconf 91' lang='lat' dir='ltr'>Biblioth.</span> <span class='ocrx_word' id='word_1_228' title='bbox 485 2556 532 2604; x_wconf 86' lang='lat' dir='ltr'>viro,</span> <span class='ocrx_word' id='word_1_229' title='bbox 551 2556 631 2595; x_wconf 89' lang='lat' dir='ltr'>aliarum</span> <span class='ocrx_word' id='word_1_230' title='bbox 649 2556 743 2596; x_wconf 88' lang='lat' dir='ltr'>virtutum</span> <span class='ocrx_word' id='word_1_231' title='bbox 761 2570 822 2606; x_wconf 86' lang='lat' dir='ltr'>causa,</span> 
     </span>
     <span class='ocr_line' id='line_1_33' title="bbox 122 2608 822 2663; baseline 0.006 -16"><span class='ocrx_word' id='word_1_232' title='bbox 122 2608 168 2649; x_wconf 84' lang='lat' dir='ltr'>Ood.</span> <span class='ocrx_word' id='word_1_233' title='bbox 179 2611 242 2651; x_wconf 82' lang='lat' dir='ltr'>cxxvi.</span> <span class='ocrx_word' id='word_1_234' title='bbox 264 2611 337 2650; x_wconf 85' lang='lat' dir='ltr'>Verum</span> <span class='ocrx_word' id='word_1_235' title='bbox 346 2611 363 2650; x_wconf 89' lang='lat' dir='ltr'>si</span> <span class='ocrx_word' id='word_1_236' title='bbox 372 2610 458 2649; x_wconf 87' lang='lat' dir='ltr'>eruditus</span> <span class='ocrx_word' id='word_1_237' title='bbox 485 2611 519 2649; x_wconf 90' lang='lat' dir='ltr'>scd</span> <span class='ocrx_word' id='word_1_238' title='bbox 528 2610 606 2649; x_wconf 84' lang='lat' dir='ltr'>laudare</span> <span class='ocrx_word' id='word_1_239' title='bbox 618 2611 711 2663; x_wconf 89' lang='lat' dir='ltr'>ejusmodi</span> <span class='ocrx_word' id='word_1_240' title='bbox 721 2611 822 2651; x_wconf 91' lang='lat' dir='ltr'>ratiocina-</span> 
     </span>
     <span class='ocr_line' id='line_1_34' title="bbox 121 2662 821 2717; baseline 0.006 -16"><span class='ocrx_word' id='word_1_241' title='bbox 121 2662 154 2702; x_wconf 91' lang='lat' dir='ltr'>ille</span> <span class='ocrx_word' id='word_1_242' title='bbox 164 2664 247 2706; x_wconf 77' lang='lat' dir='ltr'>Oriticus</span> <span class='ocrx_word' id='word_1_243' title='bbox 256 2666 369 2705; x_wconf 87' lang='lat' dir='ltr'>attendisset</span> <span class='ocrx_word' id='word_1_244' title='bbox 378 2666 398 2704; x_wconf 89' lang='lat' dir='ltr'>id</span> <span class='ocrx_word' id='word_1_245' title='bbox 408 2665 459 2717; x_wconf 89' lang='lat' dir='ltr'>quod</span> <span class='ocrx_word' id='word_1_246' title='bbox 485 2666 558 2705; x_wconf 88' lang='lat' dir='ltr'>tionem</span> <span class='ocrx_word' id='word_1_247' title='bbox 578 2679 616 2704; x_wconf 91' lang='lat' dir='ltr'>non</span> <span class='ocrx_word' id='word_1_248' title='bbox 634 2679 737 2717; x_wconf 85' lang='lat' dir='ltr'>possemus.</span> <span class='ocrx_word' id='word_1_249' title='bbox 761 2665 821 2706; x_wconf 76' lang='lat' dir='ltr'>OLE-</span> 
     </span>
     <span class='ocr_line' id='line_1_35' title="bbox 121 2717 572 2773; baseline 0.009 -18"><span class='ocrx_word' id='word_1_250' title='bbox 121 2717 194 2759; x_wconf 86' lang='lat' dir='ltr'>soleant</span> <span class='ocrx_word' id='word_1_251' title='bbox 203 2720 264 2760; x_wconf 83' lang='lat' dir='ltr'>facere</span> <span class='ocrx_word' id='word_1_252' title='bbox 278 2721 385 2773; x_wconf 77' lang='lat' dir='ltr'>Scriptores</span> <span class='ocrx_word' id='word_1_253' title='bbox 394 2720 459 2760; x_wconf 84' lang='lat' dir='ltr'>Eccle-</span> <span class='ocrx_word' id='word_1_254' title='bbox 485 2719 572 2760; x_wconf 75' lang='lat' dir='ltr'>RIOUs.</span> 
     </span>
     <span class='ocr_line' id='line_1_36' title="bbox 121 2772 822 2828; baseline 0.004 -17"><span class='ocrx_word' id='word_1_255' title='bbox 121 2772 198 2823; x_wconf 74' lang='lat' dir='ltr'>slastlcl,</span> <span class='ocrx_word' id='word_1_256' title='bbox 209 2776 285 2827; x_wconf 82' lang='lat' dir='ltr'>quando</span> <span class='ocrx_word' id='word_1_257' title='bbox 296 2777 401 2828; x_wconf 74' lang='lat' dir='ltr'>loquuntur</span> <span class='ocrx_word' id='word_1_258' title='bbox 410 2777 457 2814; x_wconf 82' lang='grc' dir='ltr'>διδα-</span> <span class='ocrx_word' id='word_1_259' title='bbox 515 2787 544 2813; x_wconf 87' lang='grc' dir='ltr'>ΙΙ,</span> <span class='ocrx_word' id='word_1_260' title='bbox 559 2776 586 2812; x_wconf 82' lang='grc' dir='ltr'>καὶ</span> <span class='ocrx_word' id='word_1_261' title='bbox 599 2775 668 2823; x_wconf 79' lang='grc' dir='ltr'>ἡμέρας]</span> <span class='ocrx_word' id='word_1_262' title='bbox 682 2775 733 2827; x_wconf 81' lang='lat' dir='ltr'>Lege</span> <span class='ocrx_word' id='word_1_263' title='bbox 747 2777 768 2813; x_wconf 77' lang='grc' dir='ltr'>δι’</span> <span class='ocrx_word' id='word_1_264' title='bbox 782 2777 822 2824; x_wconf 83' lang='grc' dir='ltr'>ἡμέ-</span> 
     </span>
     <span class='ocr_line' id='line_1_37' title="bbox 121 2828 673 2881; baseline 0.002 -15"><span class='ocrx_word' id='word_1_265' title='bbox 121 2833 185 2877; x_wconf 76' lang='grc' dir='ltr'>κτικῶς,</span> <span class='ocrx_word' id='word_1_266' title='bbox 194 2829 231 2869; x_wconf 89' lang='lat' dir='ltr'>hoc</span> <span class='ocrx_word' id='word_1_267' title='bbox 245 2835 280 2880; x_wconf 83' lang='lat' dir='ltr'>est,</span> <span class='ocrx_word' id='word_1_268' title='bbox 292 2832 342 2871; x_wconf 87' lang='lat' dir='ltr'>serio</span> <span class='ocrx_word' id='word_1_269' title='bbox 356 2836 375 2871; x_wconf 90' lang='lat' dir='ltr'>et</span> <span class='ocrx_word' id='word_1_270' title='bbox 388 2836 412 2870; x_wconf 90' lang='lat' dir='ltr'>ut</span> <span class='ocrx_word' id='word_1_271' title='bbox 425 2830 458 2869; x_wconf 83' lang='lat' dir='ltr'>do·</span> <span class='ocrx_word' id='word_1_272' title='bbox 485 2846 519 2881; x_wconf 77' lang='lat' dir='ltr'>pac.</span> <span class='ocrx_word' id='word_1_273' title='bbox 536 2828 673 2869; x_wconf 69' lang='lat' dir='ltr'>canardus,</span> 
     </span>
     <span class='ocr_line' id='line_1_38' title="bbox 121 2881 821 2937; baseline 0.01 -18"><span class='ocrx_word' id='word_1_274' title='bbox 121 2887 190 2931; x_wconf 85' lang='lat' dir='ltr'>ceant;</span> <span class='ocrx_word' id='word_1_275' title='bbox 214 2886 284 2937; x_wconf 87' lang='lat' dir='ltr'>quidve</span> <span class='ocrx_word' id='word_1_276' title='bbox 305 2886 380 2935; x_wconf 89' lang='lat' dir='ltr'>faciant,</span> <span class='ocrx_word' id='word_1_277' title='bbox 399 2899 459 2937; x_wconf 89' lang='lat' dir='ltr'>quum</span> <span class='ocrx_word' id='word_1_278' title='bbox 515 2892 546 2933; x_wconf 79' lang='lat'>17.</span> <span class='ocrx_word' id='word_1_279' title='bbox 556 2881 641 2937; x_wconf 82' lang='grc' dir='ltr'>ἁπάντων]</span> <span class='ocrx_word' id='word_1_280' title='bbox 654 2884 686 2924; x_wconf 88' lang='lat' dir='ltr'>lta</span> <span class='ocrx_word' id='word_1_281' title='bbox 693 2884 740 2924; x_wconf 78' lang='lat' dir='ltr'>coc.</span> <span class='ocrx_word' id='word_1_282' title='bbox 747 2885 821 2926; x_wconf 76' lang='lat' dir='ltr'>MStus</span> 
     </span>
     <span class='ocr_line' id='line_1_39' title="bbox 121 2936 822 2991; baseline 0.01 -18"><span class='ocrx_word' id='word_1_283' title='bbox 121 2936 226 2987; x_wconf 82' lang='lat' dir='ltr'>loquuntur</span> <span class='ocrx_word' id='word_1_284' title='bbox 248 2945 325 2981; x_wconf 87' lang='lat' dir='ltr'>tantum</span> <span class='ocrx_word' id='word_1_285' title='bbox 348 2944 458 2989; x_wconf 78' lang='grc' dir='ltr'>οἰκονομικῶν,</span> <span class='ocrx_word' id='word_1_286' title='bbox 486 2939 540 2978; x_wconf 76' lang='lat' dir='ltr'>Libb,</span> <span class='ocrx_word' id='word_1_287' title='bbox 564 2939 620 2990; x_wconf 83' lang='lat' dir='ltr'>impr.</span> <span class='ocrx_word' id='word_1_288' title='bbox 639 2944 684 2979; x_wconf 90' lang='lat' dir='ltr'>ante</span> <span class='ocrx_word' id='word_1_289' title='bbox 702 2940 822 2991; x_wconf 77' lang='lat' dir='ltr'>Wottonunr,</span> 
     </span>
     <span class='ocr_line' id='line_1_40' title="bbox 121 2989 556 3048; baseline 0.007 -20"><span class='ocrx_word' id='word_1_290' title='bbox 121 2989 153 3043; x_wconf 74' lang='lat' dir='ltr'>(ut</span> <span class='ocrx_word' id='word_1_291' title='bbox 166 2992 218 3044; x_wconf 86' lang='lat' dir='ltr'>loqui</span> <span class='ocrx_word' id='word_1_292' title='bbox 232 2994 303 3048; x_wconf 83' lang='lat' dir='ltr'>solent)</span> <span class='ocrx_word' id='word_1_293' title='bbox 317 2996 350 3035; x_wconf 88' lang='lat' dir='ltr'>ubi</span> <span class='ocrx_word' id='word_1_294' title='bbox 365 2996 459 3035; x_wconf 83' lang='lat' dir='ltr'>rhetorice</span> <span class='ocrx_word' id='word_1_295' title='bbox 485 2997 556 3034; x_wconf 80' lang='grc' dir='ltr'>πάντων.</span> 
     </span>
    </p>
   </div>
   <div class='ocr_carea' id='block_1_4' title="bbox 527 3072 564 3104">
    <p class='ocr_par' dir='ltr' id='par_1_5' title="bbox 527 3072 564 3104">
     <span class='ocr_line' id='line_1_41' title="bbox 527 3072 564 3104; baseline 0.108 -4"><span class='ocrx_word' id='word_1_296' title='bbox 527 3072 564 3104; x_wconf 74' lang='lat'>1³2</span> 
     </span>
    </p>
   </div>
   <div class='ocr_carea' id='block_1_5' title="bbox 0 0 984 3490">
    <p class='ocr_par' dir='ltr' id='par_1_6' title="bbox 0 0 984 3490">
     <span class='ocr_line' id='line_1_42' title="bbox 0 0 984 3490; baseline 0 1"><span class='ocrx_word' id='word_1_297' title='bbox 0 0 984 3490; x_wconf 95' lang='lat' dir='ltr'> </span> 
     </span>
    </p>
   </div>
  </div>
 </body>
</html>
