1975 3455
321 213 361 256 Da
376 212 521 257 EPISTOLA
536 212 568 256 ΙΙ.
750 213 794 255 923

99 329 128 386 [p.
141 327 182 383 762
197 324 228 377 ed.
239 323 330 379 Potter.]
343 321 430 366 recitare
442 321 506 366 verba
517 321 578 365 Pauli
588 322 692 379 Apostoli,
703 322 794 365 Graecos

94 419 130 448 seu
147 399 242 445 Gentiles
259 398 286 441 ad
306 397 400 455 Sibyllae
420 397 511 441 Oraoula
529 397 675 450 amandantis3
697 396 737 440 nisi
756 400 794 440 aut

95 479 192 522 Clemens
211 473 305 518 fabulam
324 488 337 515 a
356 472 447 530 quodam
467 472 595 530 Apoorypho
616 471 729 529 sumpsisse
753 471 795 515 diei

94 556 171 611 posset,
187 552 225 592 aut
240 547 311 605 potius
326 546 383 591 illius
403 562 487 590 sensum
503 547 625 590 viderentur
640 561 684 590 non
697 545 795 603 attigisse

93 625 189 669 homines
204 621 275 675 doeti3
291 636 343 679 quae
358 621 444 679 quidem
458 636 505 664 mea
519 624 552 665 est
564 620 641 678 opinio.
672 621 703 663 Eo
718 620 795 677 quippe

93 700 134 744 looi
145 702 258 757 postquam
271 713 297 741 ex
306 697 365 741 Petri
375 696 538 750 Praedicatione‚
551 696 604 740 libro
616 700 677 739 extra
687 695 795 739 Ganonem

94 774 170 832 posito,
180 771 294 816 affirmavit
306 774 317 815 ὁ
332 773 467 827 Στρωματεάς,
481 771 572 824 Graecis,
583 775 608 814 ut
618 770 688 814 Deum
703 770 795 814 colerent

94 853 116 893 et
130 848 198 906 gloria
212 849 325 901 afficerent,
339 862 458 891 oonoessam
470 847 534 891 fuisse
546 847 710 904 Philosophiam,
721 861 794 904 quem-

94 923 207 967 admodum
231 922 319 966 eandem
343 922 370 965 ob
392 937 476 966 eausam
500 926 613 980 utrumque
634 922 794 965 Testamentum

94 997 179 1041 Judaeis
200 1001 222 1040 et
241 996 367 1040 Christianis
373 1014 380 1049 3
405 996 447 1040 ista
465 997 535 1054 paullo
555 997 674 1041 obscuriora
694 995 793 1053 subjicit:

95 1073 137 1116 ἐπεὶ
154 1074 191 1125 ὅτι,
210 1070 298 1126 καθάπερ
310 1070 416 1116 Ἰουδαίους
432 1072 531 1125 σώζεσθαι
547 1073 643 1126 ε’βοάλετο
656 1073 667 1115 ὁ
681 1071 735 1117 Θεδς
749 1070 795 1116 τοὺς

95 1147 203 1203 Προφήτας
227 1146 297 1199 διδούς,
315 1147 379 1190 ὀὕτως
398 1146 430 1190 καὶ
450 1145 557 1200 Ἑλλήνων
576 1148 621 1193 τοὺς
644 1145 792 1201 δοκιμωτάτους,

95 1223 178 1267 οἰκείους
195 1222 260 1265 αὐτῶν
274 1222 297 1280 τῇ
311 1221 406 1279 διαλεκτῷ
419 1221 528 1277 Προφήτας
541 1222 662 1277 ἀναστήσας,
678 1224 704 1267 ὡς
719 1223 759 1265 aar
771 1239 794 1265 τε

93 1300 146 1351 ἦσαν
156 1296 251 1353 δέχεσθαι
261 1296 297 1350 τὴν
307 1298 359 1351 παρὰ
369 1299 425 1340 Θεοῦ
440 1297 563 1352 εὐεργεσίαν,
574 1302 613 1341 τῶν
622 1299 710 1354 χυδαίων
719 1299 794 1353 ἀνθρώ·

94 1390 137 1416 πων
147 1374 249 1427 διέκρινεν,
257 1372 343 1426 δηλώσει
353 1372 402 1427 πρὸς
411 1373 437 1429 τῷ
447 1371 523 1428 Πέτρου
533 1374 639 1429 κηρύγματι
647 1376 658 1416 ὁ
667 1374 793 1418 Ἀπόστολος

93 1446 159 1501 λέγων
170 1450 255 1492 Παῦλος
270 1446 350 1500 Λάβετε
365 1448 396 1490 καὶ
412 1449 445 1492 τῖις
458 1446 578 1499 Ἑλληνικὰς
591 1452 685 1503 βίβλους,
696 1450 792 1504 ε’πίγνωτε

94 1521 204 1574 Σίβυλλαν,
219 1521 245 1565 ὡς
260 1522 318 1573 δηλοῖ
333 1520 368 1563 ἕνα
385 1520 439 1564 Θεδν
454 1521 485 1564 καὶ
499 1523 526 1584 7τδ
540 1522 641 1575 μέλλοντα
656 1523 744 1566 ἔσεσθαι·
761 1522 793 1565 καὶ

94 1593 129 1637 τάν
138 1593 254 1648 Ὕστάσπην
264 1596 363 1648 λαβόντες
373 1594 483 1650 ἀνάγνωτε,
495 1596 526 1638 καὶ
537 1597 631 1651 εὑρήσετε
641 1597 711 1654 πολλῷ
721 1602 793 1650 τηλαυ-

93 1673 188 1725 γέστερον
198 1670 230 1712 καὶ
244 1669 370 1724 σαφέστερον
383 1669 520 1726 γεγραμμένον
532 1670 568 1713 τὸν
576 1671 626 1714 rito
638 1674 672 1713 τοῦ
688 1675 751 1724 Θεοῦ,
762 1671 794 1713 καὶ

94 1745 158 1789 καθὼς
176 1742 285 1797 παράταξιν
302 1743 408 1796 ποιήσουσι
426 1745 453 1801 τῷ
472 1745 552 1802 Χριστῷ
569 1745 642 1788 πολλοὶ
655 1750 749 1800 βασιλεῖς
763 1762 794 1798 μι-

95 1821 178 1862 σοῦντες
194 1818 259 1868 αὐτόν,
272 1818 304 1860 καὶ
317 1817 361 1863 τοὺς
377 1822 487 1872 φοροῦντας
502 1818 525 1861 τὸ
543 1819 607 1873 ὄνομα
622 1819 688 1872 αὐτοῦ,
704 1820 736 1862 καὶ
750 1819 795 1863 τοὺς

94 1891 174 1936 πιστοὺς
190 1892 256 1942 αὐτοῦ,
274 1892 305 1934 καὶ
321 1891 357 1944 τὴν
373 1893 474 1947 ὑπομονὴν
492 1894 524 1936 καὶ
543 1892 580 1947 τὴν
596 1895 708 1948 παρουσίαν
727 1895 793 1937 αὐτοῦ.

95 1966 144 2008 Εἶτα
155 1966 184 2009 ἑνὶ
194 1968 248 2025 λόγῳ
258 1968 378 2010 πυνθάνεται
387 1969 448 2022 ἡμῶν
463 1968 511 2013 ὅλος
521 1970 543 2012 δὲ
553 1969 564 2010 ὁ
575 1970 649 2023 κόσμος
659 1970 724 2013 καὶτὰ
738 1970 760 2012 ἐν
769 1971 795 2026 τῷ

95 2042 167 2098 κόσμῳ,
185 2041 250 2092 rivom
266 2041 311 2097 οὐχὶ
327 2044 362 2083 τοῦ
379 2044 434 2084 Θεοῦ
439 2041 458 2093 3‘
480 2041 539 2085 Quae
554 2043 619 2086 verba
636 2043 666 2086 sio
682 2043 794 2099 aoeipiunt,

95 2116 154 2172 quasi
168 2116 244 2170 λάβετε
260 2117 296 2159 διο.
313 2115 342 2159 sit
355 2117 453 2173 Apostoli
471 2117 596 2161 exhortatio.
626 2119 658 2161 At
672 2134 712 2176 ego
726 2118 769 2172 illa,
785 2121 796 2161 ὁ

94 2191 220 2237 ’Λπόστυλος
244 2191 312 2247 λέγων
331 2196 419 2245 Παῦλος,
439 2207 482 2235 nou
507 2193 573 2236 refero
593 2193 621 2236 ad
640 2192 795 2250 consequentia,

94 2267 175 2319 Λάβετε
185 2266 221 2308 &a
233 2265 270 2309 sed
284 2266 311 2308 ad
325 2266 477 2322 praecedentia,
490 2269 573 2313 οἰκείους
586 2270 649 2312 αὐτῶν
662 2272 686 2327 τῇ
699 2268 795 2325 διαλέκτῳ

96 2341 211 2396 Προφήτας,
223 2357 260 2384 seu
270 2342 297 2385 ad
306 2342 434 2386 versiculum
445 2356 471 2389 12
484 2342 547 2399 oapi
561 2342 669 2399 Epistolae
678 2342 706 2386 ad
715 2342 795 2394 Titum,
811 2350 812 2353 ’

95 2413 138 2457 εἶπέ
155 2433 184 2460 τις
204 2416 228 2469 ἐξ
246 2416 310 2460 αὐτῶν
325 2418 374 2462 ἴδιος
393 2417 458 2460 αὐτῶν
475 2415 594 2471 Προφήτης;
616 2419 638 2458 et
657 2417 737 2470 Λάβετε
757 2417 793 2459 &a

95 2489 210 2533 Clementis
228 2506 272 2534 esse
292 2490 388 2545 arbitror,
406 2507 450 2534 non
469 2491 544 2543 Pauli;
569 2494 616 2533 turn
636 2491 692 2547 quod
710 2490 733 2532 in
752 2492 794 2533 fine

94 2562 177 2617 dieitur,
189 2565 232 2608 εἶτα
247 2566 276 2608 ἑνὶ
291 2569 353 2623 λόγῳ,
364 2567 401 2608 &a
414 2564 566 2608 Praedieationi
581 2564 639 2607 Petri
653 2564 730 2617 tribuo,
746 2574 793 2607 eum

93 2637 152 2692 eujus
165 2637 241 2682 ultimo
256 2654 350 2682 sermone
365 2638 434 2696 paullo
449 2641 498 2681 aute
513 2653 550 2694 per
563 2638 694 2681 Clementem
708 2638 793 2681 laudato

94 2712 192 2756 convenit
207 2714 292 2771 optime.
324 2714 427 2759 Quoeirea
440 2717 511 2758 verto:
527 2712 724 2769 “Quandoquidem
737 2714 794 2770 quod

118 2880 164 2918 fDe
177 2883 211 2920 hoe
225 2886 264 2922 loco
279 2885 336 2923 Clem.
351 2887 401 2923 Alex.
415 2886 454 2923 vide
468 2884 558 2932 Reveregii
572 2883 702 2920 adnotationem
715 2882 734 2918 in
748 2882 793 2919 Cod.

93 2941 161 2978 Canon.
175 2942 243 2981 Eccles.
259 2944 314 2982 Prim.
327 2945 394 2982 lllustr.
405 2945 413 2981 1
424 2946 453 2982 niv
465 2947 474 2991 t
485 2954 501 2992 7,
513 2945 540 2981 vel
555 2943 603 2990 apud
616 2942 681 2979 Pone.
693 2954 710 2989 p·
724 2944 764 2989 761,
777 2949 795 2979 el

93 3000 139 3037 conl.
149 3000 236 3039 Grabium
244 3003 263 3039 in
273 3003 333 3051 Spieil.
343 3005 389 3042 Pata
398 3004 404 3039 i
417 3004 445 3042 67.
