1958 3490
205 223 206 226 ’
249 237 288 288 na
304 238 325 281 s.
342 238 462 281 raanan
477 236 637 281 nrrsroms.
736 248 795 276 mv

94 354 117 397 in
130 353 230 397 Editioue
244 353 324 398 Graeca
337 357 388 398 tune
402 354 505 411 temporis
515 353 610 409 vulgata,
620 350 758 406 interpolatas
774 352 795 392 et

94 426 202 481 corruptas
212 424 287 469 fuisse:
303 425 365 482 idque
379 440 428 468 cum
442 425 488 468 loca
502 439 515 466 a
525 421 631 467 veteribus
643 419 742 463 Patribus
757 418 794 461 ad-

94 494 163 547 ducta,
179 509 233 551 quae
249 493 272 537 in
288 509 312 538 ea
325 494 423 538 Editione
440 497 537 537 autnon
553 493 681 549 comparent,
697 497 735 533 aut
751 504 794 533 non

94 567 149 607 recte
166 568 356 621 repraesentantur,
375 567 421 607 tum
441 564 484 607 alia
504 562 568 606 etiam
587 577 630 604 non
649 570 723 617 pauca,
742 574 794 617 quae

94 649 160 692 neque
178 634 302 691 antiquitati
317 650 383 692 neque
398 633 516 678 sententiae
531 633 553 675 S.
569 630 650 688 Ignatii
665 631 794 686 congruunt,

95 718 160 760 neque
178 704 247 747 tenori
263 704 406 762 Epistolarum
426 703 478 747 satis
498 702 645 746 convenienter
664 700 793 753 inseruntur,

94 773 180 829 planum
195 774 283 817 faciunt.

123 841 212 896 Quinto,
229 843 337 886 Industria
352 841 441 895 Vedelii,
460 857 524 899 quam
544 841 570 884 ad
586 840 632 883 loca
650 840 673 882 iu
690 837 793 895 Epistolis

93 912 183 956 Eusebio
197 912 317 962 memoratis
331 916 428 969 corrupta
443 915 465 955 et
480 911 606 968 interpolata
618 909 739 962 indicanda,
749 911 771 950 et
781 924 794 950 a

93 982 191 1039 genuinis
207 983 332 1026 secernenda
346 982 449 1036 adhibuit,
465 982 483 1024 si
498 985 597 1025 conatum
612 983 737 1037 spectemus,
748 978 792 1021 lau·

94 1052 168 1105 danda,
177 1053 195 1095 si
203 1056 304 1096 eventum
314 1053 357 1095 sive
368 1067 494 1104 successum,
502 1051 562 1108 parui
570 1050 654 1108 quidem
662 1048 793 1092 aestimanda

94 1121 196 1165 videatur.
226 1122 293 1165 Tanta
303 1121 360 1164 enim
372 1120 484 1178 diligentia
497 1121 536 1163 hoc
549 1120 635 1165 tandem
644 1119 743 1161 effectum
754 1123 793 1170 est,

93 1196 118 1235 ut
131 1207 156 1234 ex
169 1207 213 1234 una
225 1194 285 1248 parte
297 1190 376 1234 inserta
385 1195 407 1234 et
416 1190 544 1247 interpolata
553 1190 650 1246 pleraque
659 1187 793 1246 praetermit-

92 1264 172 1315 tantur,
188 1277 212 1305 ac
227 1276 265 1318 pro
281 1260 379 1318 genuinis
394 1260 527 1304 retineantur
532 1278 539 1312 ;
555 1275 580 1302 ex
595 1259 661 1302 altera
673 1274 731 1311 vore,
745 1273 793 1314 ger·

93 1344 154 1372 mana
169 1332 233 1386 atque
247 1328 339 1385 genuina
353 1329 481 1385 saepiuscule
494 1344 532 1386 pro
546 1326 643 1371 ascititiis
656 1329 759 1369 notentur
771 1329 793 1368 et

92 1398 219 1456 rejiciantur.
250 1398 352 1442 Quamvis
365 1398 431 1455 igitur·
445 1397 595 1456 quamplurimi
609 1397 698 1454 optimas
710 1395 792 1452 Ignatii

92 1467 198 1524 Epistulas
218 1471 325 1525 corruptas
345 1484 388 1511 esse
404 1468 531 1526 judicarent,
552 1468 653 1511 hactenus
672 1470 746 1509 tamen
766 1465 793 1508 ad

92 1538 195 1594 genuinas
215 1553 228 1580 a
247 1537 369 1594 corniptelis
388 1541 444 1581 certo
464 1538 534 1595 aliquo
554 1537 636 1580 criterio
654 1536 792 1581 vindicandas

92 1622 166 1662 parum
181 1610 219 1650 aut
234 1606 287 1650 nihil
302 1610 334 1650 est
348 1608 450 1649 effectum.
483 1607 515 1649 Ut
526 1622 598 1649 verum
610 1606 662 1649 illud
674 1606 703 1649 sit
713 1606 770 1662 quod
780 1622 793 1648 a

93 1676 177 1719 Dallaeo
192 1677 321 1728 observatur,
336 1675 406 1718 “Nisi
421 1675 522 1719 sincerius
536 1675 755 1732 exemplar'Usserius
770 1680 792 1719 et

92 1745 204 1789 “Vossius
219 1746 276 1788 nacti
291 1750 367 1799 essent,
377 1745 436 1788 nulla
450 1744 513 1802 plane
529 1761 575 1802 spes
590 1749 706 1802 superesset
720 1745 792 1788 Inter-

92 1821 106 1840 “
116 1815 215 1871 polatoris
229 1814 297 1858 aliena
309 1831 322 1857 a
331 1815 385 1858 veris
396 1814 509 1872 Scriptoris
520 1815 674 1858 internoscendi
688 1819 711 1858 et
725 1830 791 1857 secer-

92 1891 106 1910 “
116 1884 203 1927 uendi.”

121 1954 190 1998 Quare
211 1954 302 1997 Jacobus
323 1954 427 2006 Usserius,
443 1954 620 2012 Archiepiscopus
637 1955 791 2007 Armachanus,
801 1967 882 2000 [asserius.

93 2023 207 2066 Hiberniae
218 2023 306 2075 Prinas,
312 2023 352 2066 Vir
362 2023 425 2066 mirae
436 2024 459 2066 in
469 2024 503 2067 his
513 2025 574 2067 rebus
584 2025 721 2081 perspicaciae
731 2024 791 2068 fidei·
802 2011 849 2053 1644·

91 2109 137 2149 que,
152 2108 219 2150 quum
233 2092 315 2136 videret
328 2093 405 2136 talibus
419 2094 545 2151 conjecturis
558 2094 612 2138 nihil
624 2094 683 2148 effici,
696 2095 792 2138 animad-

91 2166 221 2219 verteretque
237 2165 280 2205 tres
296 2161 319 2204 in
333 2163 412 2220 Anglia
429 2167 503 2207 nostra
519 2164 636 2220 Theologos
652 2164 704 2207 olim
722 2165 793 2207 locum

91 2232 195 2288 quendam
205 2247 231 2275 ex
241 2232 337 2288 Epistola
347 2232 427 2289 Ignatii
437 2249 450 2275 a
460 2233 591 2277 Theodoreto
602 2234 708 2287 citatum0,
720 2249 759 2277 nec
770 2234 793 2276 in

113 2358 122 2376 ⁰
133 2352 154 2384 In
164 2352 239 2395 vulgatis
250 2352 312 2385 nostris
322 2352 414 2393 (lodicibus,
424 2352 491 2386 Latinis
502 2353 566 2395 pariter
576 2355 594 2385 et
605 2353 677 2392 Graecis,
686 2353 793 2386 luculentum

91 2408 132 2440 illud
144 2408 262 2441 testimonium
273 2408 363 2441 desiderari
370 2408 428 2441 vident
439 2419 503 2449 omnes,
512 2420 532 2441 ex
543 2408 605 2451 Ignatii
615 2409 691 2452 Epistola
702 2409 724 2442 ad
736 2410 792 2452 Smyr-

91 2474 144 2505 naeos,
153 2475 163 2496 a
171 2464 281 2506 Theodorao,
293 2464 311 2496 in
324 2469 344 2505 30
354 2464 424 2507 Dialogo
435 2464 466 2507 qui
479 2463 548 2504 Ἀποθής
559 2465 660 2503 inscribitur,
668 2465 792 2508 depromptum.

91 2518 197 2561 Εὒχοριοτὶας
209 2519 235 2552 καὶ
246 2519 337 2562 προσφορὰς
348 2520 376 2553 οὐκ
387 2518 499 2561 ἀποδέχονται,
508 2519 533 2552 oa
540 2520 560 2552 τὸ
569 2520 591 2561 μὴ
599 2521 682 2562 ὁμολογεῖν
690 2520 722 2559 τὴν
730 2521 792 2563 εὐχαρι-

91 2575 135 2606 στίαν
147 2573 199 2617 σάρκα
210 2573 249 2607 εἶναι
261 2576 289 2607 τοῦ
300 2576 372 2617 Σωτῆρος
383 2574 426 2616 ἡμῶν
433 2576 488 2615 Ἰηοοῦ
498 2577 573 2617 Χριστοῦ.
580 2575 611 2615 τὴν
622 2575 659 2618 ὑπὲρ
669 2578 701 2608 τῶν
712 2574 791 2618 ἁμαρτιῶν

90 2628 133 2669 ἡμῶν
140 2631 226 2669 ποθοῦσαν,
235 2629 255 2669 ἣν
265 2630 366 2672 χρηστότητι
376 2632 385 2662 ὁ
395 2631 450 2673 Πατὴρ
458 2630 527 2673 ἤγειρεν,
551 2631 603 2674 Cujus
614 2631 707 2664 sententiae
718 2632 792 2673 priorem

90 2688 159 2726 partem,
165 2697 175 2718 a
182 2686 274 2719 Gnilielrno
281 2686 382 2728 Widefordo,
391 2688 421 2719 suh
432 2698 497 2719 annum
505 2687 574 2720 Domini
583 2687 624 2731 1396
633 2687 657 2720 ita
665 2687 735 2719 citatam
745 2688 791 2720 inve-

90 2740 122 2774 nio.
148 2742 276 2775 “considerate
288 2743 360 2785 qualiter
371 2743 527 2786 Anthropomorphi
538 2754 549 2776 a
559 2743 673 2776 communione
685 2746 702 2775 et
714 2743 791 2777 oratione

90 2796 208 2830 “Sanctorum
220 2798 312 2838 recedunt;
325 2802 393 2842 propter
404 2799 449 2842 quod
460 2809 495 2831 non
506 2799 569 2831 habent
580 2798 655 2830 confiteri
666 2798 791 2831 Eucharistiam

89 2854 98 2868 ‘⁴
107 2861 173 2885 carnem
181 2864 217 2886 esse
225 2853 330 2886 Salvatoris.”
353 2855 470 2892 Posteriorem,
479 2865 490 2886 a
498 2854 573 2886 Roberto
580 2852 693 2886 lincolniensi
701 2854 791 2897 Episcopo,

89 2905 133 2938 circa
142 2918 206 2940 annum
215 2919 262 2950 1250,
271 2909 304 2942 ita:
318 2909 368 2942 “Est
380 2910 423 2942 enim
434 2909 546 2945 Eucharistin,
557 2908 647 2941 secundum
659 2909 728 2942 beatum
740 2911 791 2953 Igna-

91 2961 100 2977 “
108 2961 155 3001 tium,
164 2974 202 2996 caro
211 2964 302 2997 salvatoris
310 2966 363 2997 nostri
369 2965 382 2998 J
383 2976 411 2998 esu
419 2965 483 2997 Christi
490 2975 521 3008 pro
530 2964 601 3007 peccatis
608 2965 669 2998 nostris
676 2976 731 3008 passa,
740 2976 791 3009 quam

91 3016 101 3032 '⁴
109 3015 214 3060 benignitate
222 3020 274 3053 Pater
281 3020 402 3054 resuscitavit.”
420 3021 518 3063 Utramque
525 3031 569 3061 vcra
579 3031 589 3052 a
596 3020 608 3053 J
609 3021 674 3053 ohanne
682 3021 791 3064 Tissiugtono

436 3088 471 3119 ΘΖ
