1958 3490
322 215 365 282 AD
381 214 575 268 CORINTHIOS,
589 214 604 257 i.
799 217 813 261 9

114 333 210 384 illustre
226 329 315 382 nomen'
324 337 443 390 vestrum,
455 335 482 380 et
496 330 527 381 ab
538 329 651 380 omnibus
668 330 751 380 amari
760 330 813 397 dig-

114 430 181 471 num,
189 410 346 461 vehementer
356 408 572 476 blasphemaretur.
594 408 657 470 Quis
669 408 736 458 enim
747 408 814 475 apud

113 508 158 556 vos
170 489 307 539 diversatus
322 487 390 537 omni
401 486 495 537 virtute
511 485 609 554 plenam
623 486 769 553 limamque
786 504 814 536 ac

114 566 228 619 stabilem
238 566 311 617 fidem
322 563 432 616 vestram
447 584 497 616 non
509 565 640 633 probavitl
660 564 814 632 sobriamque

115 652 142 697 et
151 646 339 697 moderatamrin
351 644 451 697 Christo
462 644 580 713 pietatem
594 649 696 695 nonest
710 643 814 694 admira-
843 690 844 693 ,

114 727 170 776 11111
183 723 359 793 etsplendidos
370 743 399 775 ac
410 723 521 775 liberales
532 723 709 792 hospitalitatis
717 729 814 773 vestrae

114 821 193 854 mores
215 822 264 854 non
283 803 451 875 praedicavit?
474 808 501 853 et
519 803 651 870 Perfectam
674 800 814 869 certamque

114 882 277 950 cognitionem
304 889 413 933 vestram
441 900 490 932 non
517 882 613 933 beatam
642 881 814 931 existimavitl

115 960 206 1012 Omnia
222 961 291 1023 enim,
304 961 357 1011 sine
374 979 534 1028 personarum
549 961 644 1011 intuitu
661 980 677 1011 a
688 960 757 1011 vobis
773 959 815 1010 fie-

114 1039 182 1099 bant,
202 1040 273 1091 etin
293 1040 341 1091 Dei
360 1035 458 1108 legibus
480 1038 648 1099 ambulabatis,
669 1039 815 1107 praepositis

114 1182 186 1236 legitur
199 1198 228 1237 ap.
240 1184 298 1225 (ilem.
309 1184 365 1224 Alex.
378 1183 449 1225 Strom.
478 1183 567 1224 efferendi
574 1183 684 1223 observasse
690 1181 814 1222 inviolatum:

114 1238 139 1278 iv.
152 1246 182 1289 17,
192 1253 210 1292 p.
222 1241 261 1279 610
270 1240 299 1280 ed.
310 1240 383 1280 Potter.
477 1238 589 1279 aliterenim
594 1237 815 1278 videreturoceasiouem

143 1307 160 1343 4.
170 1293 270 1350 τανάρετον]
283 1295 382 1344 Eusebius,
392 1294 418 1334 H.
427 1294 449 1334 E.
477 1294 585 1346 praebuisse
597 1292 746 1333 Judaizantibus
760 1291 821 1332 (thri-¹

114 1348 151 1398 ia,
165 1350 195 1398 τὴν
212 1354 242 1388 τοῦ
261 1354 337 1400 Χριστοῦ
357 1351 451 1401 πάνσοφον
478 1348 544 1389 atianis
560 1348 698 1401 obligationem
713 1347 814 1400 utriusque

115 1405 142 1442 καὶ
151 1406 244 1455 πσνιίρετον
253 1406 366 1445 διδασκαλίαν.
477 1404 540 1456 Legis,
559 1403 679 1444 Christianae
697 1403 770 1443 scilieet
791 1416 813 1442 ae

142 1458 167 1498 ib.
185 1461 231 1507 ὑμῶν
247 1458 313 1514 πίστιν]
330 1461 391 1499 πίστιν
405 1462 451 1509 ὑμῶν
477 1458 571 1499 Mosaieae
575 1459 645 1511 jugum
654 1472 695 1498 non
703 1458 814 1510 ponendum

115 1512 175 1553 Ulem.
186 1512 241 1554 Alex.
476 1513 565 1554 fidelibus
579 1514 698 1567 imposuisse,
714 1514 761 1552 dnm
777 1512 814 1552 Oo-

143 1577 161 1617 5.
168 1571 195 1607 111
203 1571 265 1618 ἐπιεικῆ
273 1571 291 1607 ἐν
296 1567 374 1624 Χριστῷ]
383 1569 450 1620 Qdex
477 1569 557 1609 rinthios
571 1569 626 1610 docet
639 1570 658 1607 ε’ν
666 1572 703 1608 τοῖς
711 1572 768 1617 νόμοις
780 1585 813 1607 rto-

21 1628 47 1656 &
115 1622 157 1663 Ms.
168 1623 245 1664 exhibet
254 1631 419 1664 anmrnnnuxo.
476 1624 560 1674 ρεύεσθαι,
587 1623 620 1664 Me
636 1637 682 1664 sane
696 1623 747 1662 haud
763 1622 813 1675 tigit

143 1679 162 1717 8.
172 1681 199 1717 καὶ
207 1676 287 1733 ἀσφαλῆ]
299 1679 359 1731 Apud
371 1678 450 1718 (1111111-
477 1679 495 1716 et
503 1682 538 1718 reis
546 1682 600 1728 νόμοις
613 1680 718 1730 ἐπορεύεσθε
730 1678 751 1717 in
764 1678 814 1717 libro

114 1731 169 1771 dium
179 1733 208 1772 καί
219 1738 258 1772 non
271 1733 346 1786 legitur,
355 1747 396 1773 non
409 1738 450 1774 tam
477 1732 563 1773 Danielis
572 1734 630 1774 semel
638 1733 730 1786 reperiri,
742 1730 813 1787 [imo]

114 1787 194 1827 editoris
203 1788 282 1828 forsitan
290 1802 347 1841 qnam
358 1793 450 1841 typogra·
477 1789 540 1828 nullus
549 1793 614 1829 tamen
622 1789 672 1828 hanc
681 1789 707 1828 ob
716 1801 792 1828 calisam
803 1801 814 1827 1

113 1842 149 1895 phi
162 1855 231 1882 errore.
260 1843 305 1896 [lod.
315 1843 357 1884 MS.
373 1843 452 1884 exhibet
478 1856 521 1883 mea
534 1844 627 1884 sententia
641 1843 735 1891 disced03
752 1842 814 1883 versio

115 1904 229 1937 ΑΣΦΑΛΗΝ.
478 1898 530 1937 enim
543 1898 576 1939 illa
589 1898 682 1948 Danielis,
696 1911 745 1951 quae
758 1898 815 1938 hodie

143 1965 160 2002 9.
171 1956 206 1993 τοῖς
219 1950 282 2007 νόμοις]
295 1952 354 1993 (ilem.
365 1951 423 1993 Alex.
434 1955 452 1992 ἐν
478 1953 564 2004 habetur,
571 1967 658 2006 quaeque
666 1953 787 2006 temporibus
794 1953 813 1993 S.

114 2007 237 2056 τοῖενομίμοις,
259 2007 452 2060 Qnaegenuinaleo-
479 2007 592 2061 Hieronymi
608 2010 628 2048 in
644 2022 682 2048 usu
696 2009 738 2057 11111,
753 2022 815 2060 neque

114 2061 149 2110 tio,
158 2066 181 2102 ut
194 2076 219 2102 ex
232 2077 272 2115 cap.
282 2063 303 2102 iii
316 2068 336 2103 et
349 2063 371 2103 xl
384 2063 451 2116 liquet.
479 2068 509 2104 est
523 2064 577 2103 LXX
589 2064 682 2114 virorum,
691 2077 753 2116 neque
762 2064 815 2115 Apo-

115 2115 214 2158 (lOLOM.
240 2117 339 2171 anpiam‚
350 2119 403 2171 quod
413 2132 453 2158 me·
479 2119 546 2159 stolica
562 2119 680 2159 authoritate
697 2118 757 2172 (quod
773 2118 815 2171 qui-

114 2171 169 2222 mini,
183 2173 234 2225 apud
247 2173 301 2213 LXX
314 2174 345 2214 vel
358 2174 380 2213 in
394 2174 452 2214 Novo
479 2174 556 2214 demde
566 2174 645 2215 caeteris
657 2174 815 2227 partibusBibli·

114 2226 237 2268 Testamento
251 2232 298 2277 νόμοι
313 2229 393 2270 effertur
408 2229 451 2281 plu·
479 2242 534 2268 orum
552 2229 675 2279 Graecorum,
692 2242 740 2282 quae
758 2229 815 2269 hodie

114 2282 187 2331 raliter,
196 2297 232 2335 pro
240 2283 314 2337 legibus
322 2285 353 2324 vel
362 2297 453 2337 praecep·
479 2283 574 2337 leguntur,
585 2285 629 2337 jure
645 2282 766 2338 adfirmetur)
783 2298 815 2323 ne-

113 2336 140 2377 tis
148 2337 190 2387 Dei,
198 2338 231 2378 sed
239 2343 315 2379 tantum
323 2339 452 2392 singulariter,
479 2352 516 2391 que
522 2339 653 2381 Ecclesiastico
660 2339 745 2389 munita,
755 2352 814 2391 quum

115 2396 137 2431 et
144 2393 223 2433 denotat
233 2394 401 2446 Dispensationem
411 2394 452 2434 sive
479 2394 504 2434 sit
519 2395 581 2435 versio
596 2394 739 2444 Theodotionia
753 2399 815 2434 trans-

114 2447 192 2500 Legem‚
207 2449 237 2489 vel
251 2450 348 2499 Moralem,
363 2449 395 2490 vel
409 2449 452 2489 Mo·
478 2449 534 2502 fugae
547 2464 558 2489 a
572 2449 681 2490 Christiana
694 2450 736 2489 fide.
765 2449 814 2489 Vide

114 2502 190 2552 suicam,
199 2504 229 2544 vel
239 2504 372 2555 Christianam,
379 2504 452 2556 praeci·
479 2504 680 2545 saumaricum
687 2505 736 2543 Dan.
755 2503 814 2556 Apud

113 2558 452 2612 pueveroMosaicaquuumOhri-
479 2560 596 2601 Ezechielem
622 2560 711 2612 legimns,
734 2561 752 2597 ἐν
778 2563 814 2599 τοῖς

114 2612 178 2652 stione
191 2614 313 2666 Dispensatio
326 2615 366 2655 fere
380 2615 452 2667 ubique
478 2617 600 2667 σροστάγμασί
616 2631 649 2664 μου
665 2614 765 2665 πορεύεσθε,
786 2627 813 2652 xx

113 2673 194 2708 vocetur
209 2669 338 2723 Evangelinm.
368 2670 451 2710 Divinae
481 2683 511 2720 13,
525 2675 544 2710 et
558 2673 575 2709 ἐν
588 2674 622 2710 τοῖς
639 2671 763 2721 προστάγμασί
780 2685 813 2717 μου

114 2727 180 2762 autem
193 2724 244 2777 leges
257 2725 327 2778 ubique
340 2738 452 2777 nunoupan·
478 2727 508 2763 οὐκ
526 2725 645 2776 ἐπορεύθησαν,
655 2737 704 2764 vers.
715 2724 744 2769 16,
759 2728 779 2763 et
795 2725 813 2761 ἐν

113 2781 148 2816 tur
156 2780 229 2823 ε’ντολιιί,
236 2783 365 2832 προστάγματα,
373 2782 451 2831 κρίματα,
477 2784 512 2820 τοῖς
530 2782 603 2830 νομίμοις
619 2784 654 2818 τῶν
671 2782 749 2829 πατέρων
768 2781 813 2827 ὑμῶν

114 2834 185 2882 κρίσεις,
202 2836 310 2886 διατάγματα,
326 2836 451 2886 propriificaret
477 2836 500 2883 μὴ
512 2835 609 2885 πορεύεσθε,
618 2847 667 2874 vers.
678 2836 709 2873 18.
737 2837 813 2883 νομίμοις

114 2888 222 2935 δικαιώματα,
231 2903 325 2942 nusquam
334 2894 389 2940 νόμοι.
408 2889 451 2930 Nec
477 2889 537 2942 igitur
555 2903 620 2929 veram
641 2902 683 2928 esse
704 2888 812 2938 lectionem,

62 2966 67 2974 -
114 2941 202 2982 absimile
220 2949 249 2985 est
265 2945 384 2986 Clementem
400 2945 451 2985 hunc
477 2959 516 2984 non
525 2949 553 2984 est
561 2945 613 2984 locus
622 2944 730 2994 dubitandi,
740 2944 757 2983 si
766 2944 813 2997 quid

114 3009 189 3036 morem
194 3003 244 3048 νόμος
249 3001 451 3054 nonnisisingulariter
477 2999 745 3040 1110111111101111111(110111.
757 2999 815 3039 Alex:

144 3067 191 3098 VOL.
200 3069 215 3099 Ι.
514 3071 526 3099 0
