2061 3403
217 175 245 215 58
463 175 484 217 S.
501 173 672 217 cLuMaNurs

217 288 375 355 στεοσώμεθα
405 291 484 348 αὐτοῖς
515 289 574 345 κατὰ
603 288 647 357 τὴν
671 288 854 360 εὐσκλαγχνίαν
879 289 918 342 καὶ

217 373 357 443 γλυκύτητα
374 382 417 430 τοῦ
433 376 579 446 ποιήσαντος
598 377 667 444 ἡμᾶς.
707 376 843 446 Γέγραπται
862 373 917 445 γάρ,

219 468 238 493 “
253 464 365 533 Χρηστοὶ
383 462 479 517 ε”σονται
493 462 610 534 οἰκήτορες
623 466 673 532 γῆς,
686 462 768 516 οἵκακοι
781 460 807 514 δὲ
820 463 915 515 ὑπολει-

219 554 237 579 “
252 546 389 618 φθήσονται
400 548 436 603 ἐπ’
449 551 528 617 αὐτῆς·
549 553 571 603 οὶ
590 548 614 603 δὲ
631 554 822 619 παρανομοῦντες·
833 545 915 617 ἐξολε-

661 637 708 689 Καὶ
738 632 814 688 πάλιν
833 633 938 701 ’λέγει,5

219 725 237 751 “
253 716 326 772 Εἶδον
345 721 422 788 ἀσεβῇ
441 720 640 794 ὑπεροψούμκνον,
657 722 695 774 καὶ
713 718 867 791 ἐπαιρόμενον
885 720 917 776 ὡς

541 635 610 653 sn„

218 640 236 665 “
250 633 422 702 θρευθήσονται
447 636 487 689 ἀπ’
519 660 596 703 auras.

218 812 237 836 ‘c
269 804 276 822 h
326 804 346 857 [δ
445 812 455 825 Α
528 805 535 824 Ι
635 809 643 828 x
711 810 722 822 Λ
835 808 866 828 x,
904 805 911 824 Ι

249 828 292 862 τοις
305 828 330 858 κε
345 829 402 875 ρους
413 831 457 860 του
470 811 584 872 Altava·
606 831 643 861 και
659 811 791 878 παρηλθον,
804 829 843 859 και
859 808 916 871 ιδου,

218 898 236 922 “
250 892 292 944 οὐκ
310 889 346 957 ἦν,
363 893 401 945 καὶ
419 891 550 961 ἐξεζήτησα
569 892 610 947 τὸν
626 892 699 948 τόπον
715 894 795 959 αὐτοῦ,
814 894 853 946 καὶ
872 893 917 962 οὐχ

217 1096 260 1123 mus
278 1085 341 1125 αὐτοῖς,
360 1084 443 1124 refertur
459 1085 484 1123 ad
500 1089 553 1124 aute·
579 1085 648 1137 Ephes.
660 1086 669 1137 ξ
682 1098 711 1133 10,
722 1089 765 1124 tum
777 1083 796 1125 S.
808 1083 916 1136 Cyprianus

217 1138 308 1178 cedentia.
338 1143 437 1189 Χρηστότητ
452 1144 517 1178 autem
531 1153 553 1178 ac
580 1139 668 1179 Cornelio
685 1138 754 1194 [Epist.
771 1149 796 1190 59
813 1139 841 1178 ed.
857 1136 914 1192 Fell]

216 1193 349 1233 benevolentia
358 1207 404 1245 erga
414 1194 519 1234 haereticus
533 1198 553 1234 et
580 1198 584 1216 ¹
595 1195 676 1234 Oramus
685 1208 707 1233 ac
714 1195 839 1247 deprecamur
845 1194 914 1242 Deum,

216 1248 351 1297 schismaticos,
368 1248 457 1301 ipsosque
471 1249 552 1289 haeresi-
579 1252 651 1301 ‘quem
669 1263 773 1301 provocare
791 1249 819 1288 illi
838 1253 858 1288 et
871 1262 916 1288 ena-

215 1303 281 1342 archas
291 1308 311 1342 et
320 1302 444 1343 schismatum
456 1304 550 1353 authores,
579 1305 670 1344 ‘cerbare
685 1318 724 1344 non
737 1304 833 1353 desinunt,
847 1308 870 1343 ut
884 1317 916 1343 eo-

214 1362 280 1410 potest
298 1358 395 1397 conciliari
414 1372 458 1398 cum
480 1358 513 1410 pio
532 1363 551 1398 et
579 1362 636 1398 ‘rum
652 1359 709 1398 corda
725 1359 832 1408 mitescant,
849 1363 872 1398 ut
886 1359 915 1397 fu-

215 1412 325 1452 Ohristianc
339 1413 385 1453 uelo.
414 1413 446 1453 Ita
460 1414 512 1452 enim
523 1418 551 1453 at·
578 1416 635 1453 frore
653 1414 740 1466 deposito
764 1414 789 1453 ad
812 1413 914 1453 sanitatem

214 1468 339 1519 temperanda
348 1472 393 1508 sunt
407 1468 458 1507 zelus
472 1473 552 1521 propter
578 1469 663 1508 ‘mentis
684 1469 769 1518 redeant,
793 1473 816 1508 ut
836 1473 915 1520 pectora

214 1523 278 1571 fidem,
297 1527 316 1562 et
332 1522 414 1563 charitas
437 1523 550 1573 Christiana,
579 1526 659 1575 ‘operta
685 1524 801 1564 delictorum
823 1523 913 1571 tenebris,

214 1583 237 1618 ut
253 1591 315 1630 neque
330 1578 455 1618 assimulata
469 1579 551 1630 quadam
579 1579 722 1630 ‘poenitentiae
728 1579 794 1618 lumen
801 1583 914 1630 agnoscant,

214 1633 283 1672 fictave
297 1632 395 1682 charitate,
405 1634 429 1672 [le
437 1633 475 1672 fide
485 1638 504 1673 et
513 1634 551 1673 dis·
579 1636 613 1673 ‘et
621 1634 683 1686 magis
696 1638 764 1685 petant
776 1633 831 1672 fundi
838 1644 880 1685 'pro
894 1647 914 1672 se

215 1688 290 1739 eiplina,
307 1701 319 1726 a
334 1687 352 1727 S.
366 1688 464 1740 Apostolis
480 1694 499 1728 et
515 1689 551 1728 Ec·
579 1691 658 1741 ‘preces
675 1693 733 1741 atque
752 1688 849 1728 orationes
864 1688 914 1728 anti·
934 1702 941 1707 ·

215 1743 283 1782 clasiae
292 1742 381 1782 Patribus
390 1743 473 1788 traditis,
482 1757 550 1795 parum
578 1746 583 1765 ‘
592 1744 648 1793 stitis,
658 1757 715 1796 quam
728 1744 766 1796 ipsi
780 1744 862 1783 fundant
871 1757 914 1782 sau-

215 1797 293 1836 solliciti
315 1810 355 1837 esse
377 1798 493 1847 vi<leanmr3
518 1812 550 1837 ne-
577 1799 670 1851 ‘guinem
690 1798 806 1838 sacerdotis.⁵
830 1798 912 1838 WOTT.

215 1866 252 1904 que
262 1852 314 1891 zelus
322 1857 387 1892 noster
396 1853 550 1905 propterverita··
578 1854 688 1893 Gallandius
700 1854 803 1893 lectionem
814 1855 871 1893 αὐτοῖς
884 1867 913 1892 re-

215 1913 245 1946 tes
259 1907 389 1958 Evangelicas,
402 1908 525 1960 regimenque
539 1923 550 1947 a
576 1909 630 1958 tinet,
641 1909 693 1949 etad
703 1908 835 1948 schismaticos
848 1908 912 1947 refert.

216 1962 293 2001 Christo
303 1966 322 2001 et
331 1961 429 2014 Apostolis
442 1964 486 2014 ejus
495 1963 550 2002 insti·
576 1964 676 2003 Editoram
685 1968 750 2003 autem
756 1964 854 2002 Venetunr
861 1963 913 2002 fefel-

215 2021 286 2066 tutum,
293 2016 314 2055 in
324 2017 389 2056 odium
402 2023 421 2057 ot
429 2018 550 2057 inimicitiam
576 2019 599 2058 lit
608 2019 711 2058 Wottcnus
724 2019 745 2057 in
755 2018 791 2070 Ep.
802 2018 816 2056 ii
828 2022 837 2066 ξ
847 2031 865 2066 4,
877 2018 912 2057 ubi

215 2086 261 2124 erga
279 2072 331 2123 ipsos
348 2072 435 2112 homines
453 2077 550 2112 converta-
577 2074 645 2113 ἑαυτούς
653 2087 692 2112 non
703 2074 764 2112 αὐτούς
776 2072 855 2112 exhibet
865 2072 911 2112 cod.

215 2132 252 2166 tur.
282 2127 328 2165 Nou
343 2128 367 2166 ad
383 2128 494 2179 cujusquam
508 2142 550 2179 gra-
577 2128 617 2168 MS.
646 2128 837 2167 Utrnmvisseusum
846 2128 912 2176 mavis,

214 2182 262 2221 tiam
272 2182 404 2232 aucupandam
418 2196 429 2220 a
443 2182 550 2221 defensione
577 2197 615 2221 non
623 2187 651 2222 est
658 2196 692 2221 cur
701 2182 802 2222 lectionem
812 2182 912 2222 sollicites:

214 2237 302 2277 veritatis
311 2237 342 2275 vel
351 2237 453 2276 minimum
463 2237 551 2276 receden-
577 2241 641 2276 ἑαυτοῖς
654 2251 689 2289 pro
703 2238 786 2285 ἀλλήλοις
803 2237 913 2289 saepissime

214 2293 261 2331 dum
276 2296 305 2331 est
312 2305 318 2340 3
339 2306 401 2344 neque
419 2292 550 2335 metuendum,
576 2297 683 2343 usurpatur,
707 2292 736 2331 uti
762 2292 786 2330 ab
812 2291 911 2344 Apostolo,

213 2361 237 2386 ne
250 2347 380 2387 Christianam
389 2346 502 2386 charitatem
510 2346 551 2386 vio·
577 2347 637 2399 Epist.
652 2347 676 2385 ad
691 2345 762 2385 Ocloss.
773 2346 795 2384 iii
807 2359 837 2396 13,
851 2348 911 2397 ἀνεχό-
954 2375 955 2379 ,

212 2403 279 2451 lamus,
293 2403 340 2443 dum
353 2402 441 2451 schisma,
454 2401 512 2441 toties
526 2402 550 2440 ab
576 2419 622 2450 μενοι
630 2402 715 2450 ἀλλήλων,
723 2403 750 2439 καὶ
758 2404 865 2451 χαριζόμενοι
875 2405 912 2440 ἑαυ-

212 2457 312 2510 Apostolis
327 2463 346 2498 et
359 2457 449 2497 Patribus
462 2456 550 2495 condem·
576 2460 625 2495 τοῖς.
638 2486 642 2494 .
653 2486 657 2495 .
668 2486 672 2495 .
683 2486 687 2495 .
698 2455 726 2495 Of.
741 2455 855 2507 Xenophon.
871 2457 912 2497 Me-

212 2518 285 2562 uatum,
291 2514 332 2553 zelo
340 2511 463 2566 quantumvis
470 2511 549 2559 fervido,
576 2512 646 2550 morab.
658 2511 680 2549 Π
689 2510 709 2549 vi
721 2524 752 2560 20,
767 2513 794 2549 καὶ
808 2513 912 2561 φθονοῦντες

212 2569 270 2607 modo
279 2583 318 2608 nou
327 2568 392 2608 hostili
402 2567 447 2607 odio
456 2565 548 2615 homines,
577 2568 641 2605 ἑαυτοῖς
650 2570 731 2614 μισοῦσιν
740 2566 828 2614 ἀλλήλοις,
853 2569 911 2606 Atreu

211 2623 339 2675 insequamur,
348 2628 368 2663 et
377 2621 508 2662 schismaticos
517 2635 549 2673 pe·
576 2622 688 2659 πυνθάνεσθαι
702 2621 755 2659 alias
770 2621 834 2660 ollam
848 2622 911 2662 scicci-

211 2678 267 2717 riculi
285 2679 315 2718 sui
333 2680 475 2718 admoneamus
505 2676 548 2715 Hoc
576 2676 615 2714 tori
632 2675 689 2714 habet
704 2675 849 2726 Demosthenes,
866 2678 911 2717 Phi-

211 2738 277 2773 tamen
291 2735 397 2774 cavendum
413 2737 447 2782 est,
463 2746 488 2772 ne
502 2731 548 2770 clum
575 2730 620 2782 lipp.
637 2730 644 2768 i
661 2730 670 2781 ξ
688 2743 716 2769 12.
732 2732 855 2771 τάναντιώτοτα
873 2736 910 2771 ἑαυ-

211 2802 278 2827 eonun
291 2790 548 2838 e1·1·0resdamnemus,erga
574 2789 615 2824 τοῖς.
636 2799 650 2824 ο,
670 2785 756 2835 Midiam,
777 2786 786 2837 ξ
806 2800 837 2837 53.
861 2788 910 2826 Ἑαυ-

211 2844 262 2895 ipsos
271 2844 354 2884 infensos
367 2845 441 2883 animos
452 2855 545 2895 geramus.
574 2840 617 2879 τούς·
645 2841 735 2889 ἀλλήλους.
760 2841 843 2894 Hesych.
880 2842 909 2883 Of.

212 2899 255 2938 Hoc
269 2904 350 2951 egerunt
363 2906 406 2939 tum
420 2899 441 2939 B.
453 2897 547 2950 Ignatius,
574 2896 678 2934 Hermann.
695 2900 734 2936 not.
751 2897 776 2936 ad
791 2897 849 2950 Soph.
867 2897 909 2937 An-

211 2954 231 2991 in
250 2954 311 3006 Epist.
327 2955 352 2993 ad
368 2954 443 3006 Smyrn.
462 2953 472 3004 ξ
488 2966 505 3002 4,
522 2952 547 2991 ad
573 2951 607 3003 aig.
620 2960 663 3000 145,
677 2951 908 2994 etBornemann.anuot.
