1931 3420
203 324 205 330 Α
260 256 537 302 ETz'FORMULARUM.
751 254 780 298 27

16 372 90 419 Ἀσθμα
120 371 220 417 διωκόμενον
228 369 303 416 ἄσθματι
313 372 383 416 πνεῦμα.
426 371 503 407 ,διάνοια
519 369 568 417 ἡμῶν.
591 367 721 417 Glem.136.
745 366 777 403 Ἀ·
808 415 809 418 ¹

46 425 105 466 olem.
116 424 192 476 Fragm.
203 422 243 463 viii.
439 427 503 474 φρονες
517 425 544 461 καὶ
558 422 642 461 ἀσῦνετοι.
657 435 688 472 39.
718 422 778 459 διὰτὸ

18 478 125 531 Ἀσιάρχης.
144 482 175 517 τὸν
185 479 280 529 Ἀσιάρχην
293 478 383 517 Φίλιππον.
439 479 563 529 σκληρυνθῆναι
576 479 631 516 αὐτῶν
644 479 675 516 τὰς
687 477 778 515 ἀσυνέτους

46 533 221 585 Mart.Polye.12.
439 535 512 584 καρδίας.
524 542 555 582 51.
595 565 597 569 .

18 593 90 629 Ἀσκεῖν.
119 589 201 640 ἐμπορίαν
215 587 305 637 ἠσκοῦμεν.
323 586 384 626 Olem.
411 589 513 638 Ἀσφάλεια.
535 590 565 636 τῆς
574 587 655 636 ὑμετέρας
664 587 682 624 ἐκ
690 590 724 624 τῶν
732 586 779 634 ἥλων

45 645 122 697 Fragm.
130 643 158 682 iii.
173 644 286 691 ἀνεπίληπτον
294 643 385 681 ἀσκεῖσθαι
439 643 541 694 ἀσφαλείας.
552 642 609 681 Mart.
621 641 684 693 Polyc.
697 653 727 691 13.

44 702 87 747 βίον.
107 698 150 751 Igu.
170 698 246 750 Fragm.
264 697 296 737 vii.
326 699 385 735 ἀσκεῖν
411 698 507 749 Ἀσφαλής.
534 698 565 746 τὴν
580 699 647 735 τελείαν
662 698 689 735 καὶ
704 697 777 745 ἀσφαλῆ

44 758 102 794 πᾶσαν
110 753 201 802 ὑπομονήν.
212 752 276 804 Polyc.
286 751 334 791 Phil.
346 765 363 802 9.
438 758 506 804 γνῶσιν.
524 752 585 792 Olem.
596 752 607 790 I
622 765 639 791 1.
667 753 697 789 τὸν
704 751 777 799 ἀσφαλῆ

13 811 104 858 Ἀ’σκησις.
128 813 166 847 ’τῶν
177 810 275 858 μελλόντων
283 809 357 855 ἀσκησίν
365 823 384 845 τε
438 812 468 846 τοῦ
477 810 520 846 ίδίου
529 807 636 855 βουλήματος
645 806 737 854 θεμέλιον.Ἰ
744 818 775 856 33.

25 893 27 898 -
44 867 71 903 καί
80 865 184 912 έτοιμασίαν.
195 863 253 903 Mart.
264 862 327 914 Polyc.
336 864 366 901 18.
437 862 457 901 ἵν’
471 864 552 913 ἀσφαλές
567 861 579 912 ᾗ
595 864 622 901 καλ
636 864 707 907 βέβαιον
720 864 754 900 πᾶν
767 861 776 898 δ

17 920 145 966 Ἀσπάζεσθαιν
170 920 189 956 ἐν
206 916 221 971 ᾧ
238 919 336 966 ἀσπάζομαι
353 918 384 965 τὴν
437 920 539 968 πράσσεται.
550 917 593 970 Ign.
605 917 683 969 Smyrn.
694 918 711 956 8.

44 974 139 1022 ἐκκλησίαν.
167 973 211 1026 Ign.
234 973 299 1025 Magn.
321 971 382 1011 Inscr.
410 973 552 1023 Ἀοφαλίζεσθαι.
581 973 740 1023 ῦσεραγαλλόμενος
757 972 776 1008 ά-

43 1029 157 1075 Ἀσττάζονται
166 1030 208 1078 ῦμάς
217 1028 307 1078 Ἐφέσιοι..
315 1035 345 1076 15.
366 1030 383 1065 αἱ
437 1030 544 1079 σφαλίζομαι
553 1030 600 1077 ὑμᾶς.
610 1027 654 1080 Ign.
666 1026 738 1066 Philad.
750 1038 767 1076 5.

43 1084 102 1122 λοιπαὶ
111 1084 131 1121 δέ
139 1084 226 1132 ἐκκλησίαι
237 1112 241 1121 .
252 1113 256 1122 .
265 1084 383 1129 ,ἀσπάζονται
409 1083 519 1133 Ἀσχάλλειν.
539 1086 629 1133 ἤσχαλλεν
638 1084 656 1120 δέ
665 1082 701 1120 καθ’
711 1083 775 1119 ἑαυτόν.

43 1140 90 1187 ῦμᾶς.
107 1137 133 1177 ib.
157 1138 177 1187 ἣν
186 1140 213 1176 καὶ
225 1139 322 1186 ἀσπάζομαι
331 1138 349 1174 έν
358 1142 382 1190 τῷ
437 1138 577 1191 Mart.Ig11.1.
606 1140 622 1176 οἱ
633 1138 664 1186 μέν
672 1141 775 1187 στρατιῶται

12 1229 13 1232 ,
42 1192 215 1244 πληρώματοΤςυίί.
226 1193 286 1232 Inscr.
314 1193 381 1231 Ἀσπά·
435 1195 478 1244 ὑπὲρ
487 1196 516 1242 της
525 1193 630 1244 βραδύτητας
636 1195 735 1242 ἤσχαλλον.
741 1201 759 1241 5.

19 1266 21 1276 2
43 1251 91 1297 ζομαι
102 1249 145 1296 ῦμῖις
153 1249 187 1287 ἀπδ
198 1248 276 1298 Σμύρνης.
294 1260 323 1287 12.
353 1247 382 1286 Ἀ·
408 1248 512 1295 Ἀσώματος
541 1249 590 1287 οάσιν
598 1249 694 1296 ἀσωμάτοις
703 1249 730 1285 καὶ
739 1249 774 1286 δαι-

43 1305 126 1350 σσάζεται
139 1304 181 1351 ῦμάς
190 1303 200 1351 ἡ
209 1304 266 1353 ἀγάπη
279 1305 379 1354 Σμυρναίων.
435 1307 512 1350 μανικοῖς.
527 1303 570 1355 Igu.
581 1302 656 1354 Smyrn.
670 1315 686 1340 1.
714 1304 772 1350 δαιμό-

45 1370 74 1408 13.
103 1359 200 1406 ἀσπάζομαι
214 1359 232 1395 έν
245 1358 313 1406 ἀνάματι
324 1359 381 1407 Ἰησοῦ
435 1360 573 1408 νιονάσώματον.
585 1371 602 1408 3.
625 1374 627 1379 ’

42 1416 123 1463 Χριστοῦ.
132 1413 187 1452 Rom.
193 1412 253 1452 Inscr.
268 1414 332 1460 ἐλπίζω
339 1416 382 1462 ὑμᾶς
408 1413 497 1453 Ἀτάκτως.
519 1415 549 1451 οῦκ
558 1415 592 1461 εἰκῆ
601 1413 611 1462 ἢ
621 1413 699 1452 ἀτάκτως.
710 1411 771 1452 Olem.

41 1469 160 1507 ἀσπάσασθαι.
173 1481 197 1507 1.¹
222 1468 324 1514 Ἀσπάζεται
338 1470 380 1517 ῦμάς
434 1468 487 1516 Ι4ο.

41 1524 189 1572 τδέρδνπνεῦμα.
207 1535 225 1573 9.
255 1523 275 1571 ἢν
283 1523 380 1572 ἀσπάζομαι
406 1523 508 1573 Ἀταράχως.
537 1524 626 1573 ἀταράχως
643 1525 698 1561 πάντα
717 1524 772 1561 ε’πιτε-

41 1579 60 1615 ἐν
68 1577 125 1625 αἵματι
137 1578 195 1625 Ἰησοῦ
208 1581 290 1628 Χριστοῦ.
305 1577 378 1617 Philad.
433 1581 506 1618 λοῦντες.
522 1577 581 1617 Olem.
592 1578 603 1616 I
614 1580 646 1626 48.

42 1632 101 1671 Inscr.
130 1632 234 1680 Ἀσπάζεται
244 1634 286 1681 ὑμᾶς
299 1634 309 1681 ἡ
323 1634 380 1684 ἀγάπη
406 1632 498 1680 Ἀτενίζειν.
526 1634 639 1681 Ἀτενίσωμεν
655 1634 678 1672 εἷς
693 1636 713 1670 τὸ
731 1631 772 1680 αἷμα

19 1718 21 1721 .
41 1692 75 1725 τῶν
83 1688 169 1737 ἀδελφῶν.
186 1700 216 1727 ΙΙ.
227 1691 246 1727 et
260 1687 335 1740 Smyrn.
348 1701 378 1728 12.
434 1692 464 1725 τοῦ
478 1691 559 1738 Χριστοῦ.
575 1687 635 1727 Olem.
650 1687 696 1737 I-7.
724 1688 772 1725 Ἀτε-

41 1743 80 1780 &ow
89 1743 175 1791 δεδεμένος
184 1772 189 1780 .
199 1773 203 1782 .
214 1773 218 1782 .
228 1746 292 1782 πάντας
303 1744 378 1790 ἀσπάζο-
433 1744 507 1791 νίσωμεν
519 1745 543 1782 εἷς
558 1744 598 1782 τοῦς
612 1744 681 1782 τελείως
695 1745 772 1792 λειτουρ-

40 1796 202 1848 pat.Smyrn.11.
231 1797 336 1846 ’ἀσπάζομαι
350 1801 379 1836 τὸν
432 1797 521 1847 γήσαντας.
543 1810 560 1847 9.
594 1798 673 1844 ἀτενίζων
695 1799 719 1837 εἷς
741 1799 772 1846 τὴν

40 1852 261 1899 ἀξιάθεονέιτίσκοπον.12.
273 1853 379 1901 Ιἀσπάζομαι
432 1854 484 1899 δόξαν
498 1856 528 1890 τοῦ
544 1856 592 1891 θεοῦ.
610 1860 640 1902 17.
668 1853 771 1901 ἀτενίσωμεν

39 1908 79 1946 τοὺς
93 1906 148 1946 ω’ίκους
161 1912 195 1945 τῶν
203 1908 284 1957 ἀδελφῶν
296 1924 334 1956 μου.
347 1921 376 1958 13.
432 1908 456 1946 είς
464 1909 494 1945 τὸν
503 1910 577 1957 Πατέρα.
590 1921 619 1958 19.
643 1908 739 1956 ἀτενίζομεν
748 1910 771 1948 εἷς

39 1961 142 2009 Ἀσπάζεται
156 1964 199 2010 ὑμᾶς
214 1964 276 2001 Φίλων.
290 1962 315 2002 ib.
349 1963 378 2000 'A-
431 1964 453 1999 τὰ
461 1962 630 2012 ῦφητῶνοῦρανῶν.
643 1963 674 2013 36.
729 1969 730 1972 ’
785 1962 786 1965 “

40 2019 126 2065 σπάζομαι
143 2019 172 2055 τὸν
189 2016 235 2055 οἶκον
251 2015 326 2057 Ταουΐας.
350 2017 375 2057 ib.
404 2017 508 2065 Ἀτημελεῖυ.
537 2017 641 2057 ίῘαννᾸιθνί.
665 2018 685 2055 ¹0
699 2019 771 2067 ἰσχυρὸς

39 2071 146 2121 Ἀσττάζομαι
155 2071 226 2120 Ἀλκην.
240 2072 265 2111 ib.
293 2073 377 2119 Ἀσπάζο-
431 2074 454 2121 μὴ
468 2073 571 2121 ἀτημελείτω
583 2075 613 2111 τὸν
624 2073 692 2121 ἀσθενῆ.
708 2072 769 2112 Olem.

39 2142 69 2174 μαι
77 2129 141 2166 πάντας
150 2127 169 2174 ἒξ
181 2128 266 2176 ὀνόματος.
283 2127 346 2179 Ροίγο.
358 2130 376 2167 8.
432 2128 483 2177 138.

39 2180 231 2230 ἀσπάζομαι”Ατταλον.
246 2181 271 2221 ib.
301 2187 377 2221 ...τὸν
403 2182 501 2231 Ἀτιμάζειν.
531 2185 552 2221 Οί
561 2184 580 2220 δὲ
590 2184 702 2232 ἀτιμάσαντες
710 2184 771 2222 αὐτοῦς

39 2237 255 2284 μελλοντακαταξιοῦσθαι.
263 2237 290 2276 ib.
315 2238 376 2278 ..Ἄλ-
431 2239 562 2287 λυτρωθείησιιν.
578 2238 620 2289 Igu.
632 2237 704 2277 Philad.
718 2251 747 2277 11.

39 2306 73 2339 κην.
89 2291 114 2330 ib.
143 2294 170 2330 καὶ
178 2294 242 2331 πάντας
250 2293 376 2341 ἀσπασάμενος.
404 2292 497 2340 ’ἀτίμητος
515 2294 599 2343 θησαυρὸς
608 2294 693 2341 ἀτίμητος.
710 2293 767 2332 Mam

39 2345 98 2386 Μυοῦ.
108 2346 151 2398 Ign.
163 2348 180 2386 6.
431 2346 473 2399 Ign.
485 2348 502 2386 6.

11 2399 117 2440 Ἀσσαστάς.
138 2401 375 2450 καὶῦληὴτῶνάσπαστῶν.
399 2401 476 2450 Ἂτιμος.
503 2403 621 2452 ε’ττηγέράησαν
637 2405 653 2439 οἱ
667 2403 722 2449 ἀτιμοι
741 2403 769 2440 ε’ττὶ

39 2455 187 2508 Oleszragm.
196 2456 221 2496 iv.
332 2478 333 2481 ¹
430 2457 555 2504 τοῦςέντίμους.
571 2456 632 2495 Olem.
643 2457 651 2494 Ι
662 2469 679 2506 3.

7 2508 98 2551 Ἄστυλος.
113 2512 212 2562 Τηρὴσατε.
223 2542 227 2550 .
238 2541 242 2551 .
251 2513 281 2560 τὴν
288 2514 377 2563 σφραγῖδα
399 2511 480 2550 ίλταπος.
506 2511 581 2550 Ἀτοττάν
592 2513 641 2549 ἐστιν
652 2514 727 2560 Χριστὸν
736 2513 768 2560 Ἰη-

38 2566 119 2605 άσπιλον.
135 2566 195 2606 Olem.
206 2566 229 2605 Π
239 2569 257 2605 8.
431 2570 473 2604 σοῦν
488 2569 547 2603 λαλεῖν
562 2568 589 2603 καὶ
602 2564 703 2612 Ἰουδαΐζειν.
723 2566 765 2618 Ign.

10 2619 80 2671 Ἀστήρ.
109 2622 187 2672 ἀστέρων
195 2623 279 2671 τεχοροί.
295 2621 376 2661 (δίθῐν.Ι
431 2621 495 2673 Magn.
508 2633 538 2658 10.
566 2624 604 2658 οὔτε
617 2623 633 2658 οἱ
647 2625 734 2661 ποιοῦντες
747 2624 768 2659 τά

37 2732 80 2781 ὑπὲρ
95 2734 158 2772 πάντας
176 2733 215 2771 τοῦς
233 2733 310 2782 ἀστέρας.
332 2732 375 2784 Ign.
399 2731 499 2780 Ἀτρεπτος.
528 2729 569 2768 εἶναι
578 2732 605 2768 διὰ
614 2732 677 2769 παντὸς
686 2732 709 2769 εἰς
716 2732 768 2778 δόξαν

32 2781 86 2837 ἸΕΡῙΙ,
99 2789 128 2825 18.
162 2789 215 2837 χορὸς
233 2786 299 2837 ἐγένετο
317 2792 341 2839 τῷ
357 2789 376 2825 ἀ·
431 2786 563 2835 ...ἄτρεπτον
579 2784 682 2836 Ign.Eph.
693 2786 751 2826 Inscr.

36 2843 91 2890 στέρι.
106 2841 131 2881 ib.
403 2844 505 2891 Αὔγουστος.
526 2841 614 2878 τουτέστιν
629 2840 730 2890 Αῦγοῦστου
745 2844 767 2880 εἰ·

5 2893 88 2944 ''Am-pov.
116 2898 141 2934 Τὰ
154 2898 173 2934 δὲ
187 2898 239 2935 λοιπά
249 2898 304 2935 πάντα
314 2897 373 2946 άστρα.
429 2897 465 2932 κάδι
474 2896 526 2944 τρίτη.
542 2895 584 2946 Ign.
594 2895 649 2934 Rom.
659 2908 688 2935 10.

36 2949 182 3003 Ign.Eph.19.
402 2951 488 2988 Αῦθάδεια.
517 2951 581 2999 θράσος
590 2953 617 2988 καὶ
625 2951 765 2992 αῦθάδεια...,

8 3002 125 3056 Ἀοῦγκριτος.
150 3009 220 3057 Δάφνον
229 3009 258 3044 τὸν
266 3007 373 3057 ἀσύγκριτον.
428 3008 463 3044 τοῖς
481 3005 602 3054 κατηρτυμένοις.
627 3005 690 3046 Olem.
708 3007 719 3045 Ι
736 3022 766 3058 30.

35 3059 80 3111 Igu.
91 3061 168 3113 Smyl'n.
181 3075 211 3111 13.
428 3061 458 3107 τὴν
465 3061 537 3106 ἀλιίζονα
547 3090 551 3098 .
563 3090 566 3098 ,
578 3091 581 3099 .
592 3064 621 3109 τῆς
631 3064 714 3111 γλώσσης
722 3065 768 3111 ὑμῶν

7 3111 101 3155 Ἀσῦνετος,
123 3117 223 3164 ἡάσῦνετος
233 3118 259 3154 καὶ
268 3117 373 3164 ἐσκοτωμένη
428 3116 520 3153 αὐθάδειαν,
532 3124 562 3165 57.
737 3121 739 3125 ”

482 3170 514 3208 ἀν
