2017 3420
158 195 187 244 ,52

157 309 278 358 Ἐξέρχεσθαι.
312 310 332 348 δι’
356 311 430 359 ῦπαιιοῆς
449 311 527 359 ἐξῆλθεν.

187 362 248 402 Olem.
262 364 273 402 Ι
289 370 319 404 10.
350 365 422 412 ἐξῆλθον
438 367 528 416 εὐαγγελι-

188 419 259 466 ζόμενοι.
272 431 302 467 42.
327 419 402 466 ἐξελθεῖν
411 421 434 458 είς
445 421 477 467 τῆν
485 436 529 469 τιαρ-

187 474 264 521 εμβολὴν
274 477 308 511 τῶν
318 473 426 523 ἀλλοφύλων.
440 482 472 523 55.
502 475 529 521 ἐξ·

187 527 239 574 ῆλθεν
250 528 271 565 δι’
279 528 350 578 ιἀγάπην
361 532 391 576 τῆς
401 530 487 578 πατρίδος.
502 527 528 567 ib.

186 581 209 628 μῆ
219 582 323 630 φοβηθῶμεν
332 583 406 629 ἐξελθεῖν
414 584 432 620 ἐκ
443 586 474 621 τοῦ
487 585 529 621 κάσ·

187 651 219 682 μου
234 635 302 674 τούτου.
315 635 337 674 Π
350 646 367 685 5.
400 639 448 674 Μετίι
460 638 495 687 γὰρ
509 638 530 674 τὸ

187 690 264 736 ἐξελθεῖν
280 690 322 738 ῆμᾶς
340 692 358 729 ἐκ
375 695 404 728 τοῦ
420 694 491 739 κόσμου.
510 693 528 729 8.

187 745 238 783 αὐτὸς
247 745 278 792 μὲν
287 745 362 791 ἐξελθεῖν
371 747 455 785 ἔσπευδεν.
469 744 528 785 Mart.

187 797 230 850 Ign.
243 807 260 848 5.
283 799 355 847 ἐξῆλθον
364 800 456 848 διωγμίται.
468 799 527 839 Man.

187 852 252 903 Polye.
263 860 280 902 7.
309 853 370 900 ἐξῆλθε
379 855 476 903 περιστερά,
491 855 521 892 16.

159 907 275 957 Ἐξηγεῐσθαι.
299 909 332 944 Τὸν
345 909 408 955 δεσμὸν
419 910 448 955 τῆς
462 908 531 957 ἀγάπης

188 965 218 998 τοῦ
230 964 275 999 θεοῦ
284 962 309 999 τίς
321 961 388 999 δύναται
399 961 529 1011 ἐξηγήσασθαι
553 991 567 999 ·.

188 1014 311 1064 Olem.I49.

158 1068 258 1120 Ἐξῆγησις.
280 1072 310 1117 τῆς
322 1072 426 1117 τελειότητος
438 1072 490 1117 αὐτῆς
500 1072 530 1108 οῦκ

187 1125 235 1161 ἐστιν
246 1124 330 1173 ἐξῆγησις.
344 1122 403 1163 Olem.
416 1124 427 1163 I
440 1134 471 1173 50.
502 1126 530 1162 διδ

187 1179 217 1225 τῆς
230 1183 264 1216 τῶν
278 1178 326 1216 θείων
339 1181 411 1228 γραφῶν
425 1179 528 1228 ἐξηγήσεως.

188 1231 299 1283 Mart.1gn.
313 1245 329 1270 1.

159 1287 237 1333 Ἐξιέναι.
266 1290 296 1335 τῆς
305 1289 349 1336 ὥρας
361 1287 445 1335 ἐλθούσης
456 1291 488 1325 τοῦ
500 1289 528 1335 ἐξ-

188 1341 234 1379 ιέναι.
246 1340 304 1380 Mart.
315 1341 378 1393 Polyc.
390 1343 407 1379 8.

159 1396 299 1442 Ἐξιλόσκεσθαι.
328 1397 428 1442 ἐξιλάσαντο
442 1398 471 1434 τὸν
486 1398 530 1435 θεὸν

188 1450 309 1488 ἱκετεύσαντες.
320 1449 380 1490 olem.
389 1449 399 1487 I
409 1459 427 1500 7.

159 1505 264 1551 Ἐξιστάναι.
293 1506 322 1542 τόν
335 1504 429 1543 ἀνθύπατον
443 1506 527 1553 ἐκστῆναι.

188 1558 246 1598 Μαιύ.
258 1558 322 1609 Polyc.
336 1570 366 1597 ια.

160 1612 320 1662 Ἐξομολογεῖσθαι.
339 1615 396 1651 Καλὸν
404 1615 436 1663 γὰρ
446 1614 530 1665 ἀνθρώπῳ

189 1668 331 1717 ἐξομολογεῖσθαι
343 1669 382 1716 περί
393 1673 426 1705 τῶν
437 1683 530 1717 παραπτω-

187 1724 251 1769 μάτων.
262 1721 322 1760 Olem.
333 1722 344 1760 Ι
354 1731 384 1770 51.
420 1723 468 1760 οὐδὲν
481 1724 530 1760 οῦδε-

189 1778 217 1815 νδς
225 1776 291 1826 χρῄζει,
301 1777 347 1824 εἰμὴ
357 1778 376 1814 τδ
388 1777 530 1825 ἐξομολογεῖσθαι

188 1832 239 1881 αὐτῷ.
257 1839 288 1879 52.
325 1831 379 1868 οίικέτι
394 1832 476 1879 δυνάμεθα
496 1832 531 1868 ε’κεῑ

188 1885 354 1934 ἐξομολογῆσασθαι.
364 1885 386 1923 Π
396 1887 413 1923 8.

161 1939 218 1985 Ἐξόν.
238 1940 273 1976 Οὔκ
287 1940 325 1985 ἐξόν
334 1940 381 1976 ε’στιν
389 1941 441 1988 χωρίς
452 1944 483 1977 τοῦ
494 1941 530 1977 ἐπι-

189 1994 260 2031 σκόπου.
271 1993 313 2044 Ign.
324 1992 399 2044 Smyrn.
410 1996 428 2031 8.
455 1995 478 2041 μὴ
489 1992 530 2032 εἶναι

189 2048 229 2093 ἐξὸν
238 2048 287 2098 αύτῷ,
299 2047 355 2086 Mam
366 2047 428 2098 Polyc.
442 2059 470 2086 12.

158 2101 251 2147 Ἕξοιισία.
287 2101 350 2138 Τούτου
366 2103 384 2138 δέ
400 2103 434 2150 ἔχει
450 2102 531 2147 ἐξουσίαν

188 2155 256 2202 Ἰησοῦς
268 2158 347 2205 Χριστός.
362 2155 404 2206 Ign.
420 2154 496 2205 Smyrn.
512 2169 529 2203 4.

186 2211 292 2259 ’Χριστιανὸς
316 2211 375 2247 ἐαυτοῦ
399 2210 477 2256 ἐξουσίαν
500 2211 531 2247 οὐκ

186 2265 229 2312 Ιἔχει.
242 2263 306 2315 Polyc.
318 2271 335 2312 7.
370 2265 411 2301 κατὰ
421 2265 488 2301 πάντων
501 2264 529 2309 ἐξ-

184 2319 250 2356 ουσίαν
259 2319 357 2356 ἀνατιθέναι.
368 2317 424 2356 Mart.
436 2317 499 2368 Polyc.
512 2330 528 2355 2.

189 2374 251 2422 ἀρχαῖς
264 2375 291 2410 καὶ
304 2373 389 2420 ἐξουσίαις
401 2373 433 2411 ὑπὸ
445 2376 475 2409 τοῦ
485 2375 531 2408 θεοῦ

189 2428 302 2477 τεταγμέναις.
316 2440 345 2465 10.

154 2481 241 2529 Ἔξοχος.
255 2482 295 2520 Ἐπί
304 2484 347 2520 πᾶσι
357 2483 376 2518 τὸ
384 2482 491 2530 ἐξοχώτατον
500 2511 503 2517 .
513 2511 516 2519 ,
525 2509 529 2517 .

188 2536 282 2584 άνθρωπον,
290 2536 354 2574 Clam.
365 2535 376 2573 I
386 2548 416 2584 33.
445 2536 491 2572 ἀλλὰ
504 2534 531 2571 καί

186 2592 252 2640 ’μάρτυς
262 2592 327 2639 ἔξοχος.
339 2590 396 2629 Mart.
409 2589 471 2640 Polyc.
485 2600 515 2638 19.

156 2643 211 2690 Ἕξω.
246 2645 280 2690 ἐξω
294 2648 323 2693 τῆς
336 2647 450 2693 παρεμβολῆς.
468 2642 529 2681 Olem.

189 2698 200 2736 Ι
212 2711 230 2745 4.
265 2701 298 2736 Καὶ
310 2700 374 2746 τδέξω
387 2700 409 2737 ὧς
421 2701 440 2735 τὸ
453 2699 493 2736 ἴσω.
509 2696 531 2735 Π

193 2752 267 2796 mis.

157 2808 240 2853 Ἔξωθεν.
262 2823 290 2854 μοι
303 2807 371 2856 δύναμιν
382 2808 456 2845 αἰτεῖσθε
465 2807 532 2844 ἐαωθέν

189 2864 244 2898 τεκαὶ
254 2863 320 2908 ἔξωθεν.
332 2861 373 2913 Igu.
385 2861 438 2900 Rom.
451 2874 468 2910 3.

161 2914 293 2965 Ἐπαγγέλλειν.
315 2917 338 2954 ὥς
349 2916 491 2966 ἐπαγγειλαμένου
501 2917 531 2951 τοῦ

189 2974 241 3007 θεοῦ.
259 2969 318 3009 Οίθιη.
334 2970 344 3008 Ῑ
357 2983 387 3019 32.
415 2970 460 3009 άπως
476 2985 528 3018 μετα·

189 3027 269 3072 λάβωμεν
278 3029 311 3062 τιῦν
321 3026 447 3075 ἐπηγγελμένων
454 3025 527 3074 δωρεῶν.

399 199 498 243 INDEX
513 200 686 244 VERBORUM

585 320 615 362 35.
645 314 654 348 ὁ
672 310 816 360 ἐπαγγειλάμενος,
833 311 863 349 τὰς
880 310 926 347 ιίντι-

584 366 654 412 μισθίας
664 366 761 404 ἀποδιδόναι
772 365 845 415 ἑκάστῳ.
860 363 882 402 Π
895 376 924 403 11.

586 421 645 458 οὐδεὶς
662 421 721 457 πίστιν
739 420 888 469 ἐπαγγελλόμενος
906 422 925 467 ά-

583 475 667 524 μορτιίνει.
678 473 720 524 Ign.
729 471 778 524 Eph.
791 485 823 520 14.
845 475 862 509 οί
871 473 925 522 ἐπαγ-

583 531 684 578 γελλόμενοι
708 529 806 577 Χριστιανοὶ
831 525 877 565 εἶναι.
899 526 924 566 ib.

584 586 614 621 τοῦ
631 586 675 620 θεοῦ
691 582 752 620 ἐνωαιν
769 581 924 631 ἐπαγγελλομένου.

584 636 641 676 ΤοοΗ.
655 649 684 675 11.

555 691 666 741 Ἐπαγγελία.
687 689 803 741 κληρονομῆση
812 691 844 728 τὰς
853 691 926 740 ἐπαγγε-

583 744 622 785 λίας
635 749 666 783 τοῦ
681 749 729 783 θεοῦ.
746 743 805 784 Olem.
821 745 829 782 I
848 756 876 782 10.
905 746 925 781 τὸ

583 802 673 849 μεγαλεῖον
680 802 709 847 τῆς
718 799 821 849 ἐπαγγελίας
828 800 884 837 αὐτοῦ.
894 800 925 837 26.

584 857 608 904 τῷ
620 858 676 904 πιστῷ
691 855 710 891 ἐν
721 857 756 893 ταῖς
766 854 880 902 ἐπαγγελίαις.
893 862 924 902 27.

584 912 618 945 τῶν
630 909 717 958 μεγάλων,
723 909 749 945 καί
764 908 838 953 ἐνδόξων
852 908 925 958 ἐπαγγε-

584 965 626 999 λιῶν
641 964 697 999 αὐτοῦ.
715 975 746 1011 34.
769 962 779 1009 ῆ
795 963 815 998 δέ
832 962 926 1011 ἐπαγγελία

584 1020 614 1054 τοῦ
626 1019 702 1065 Χριστοῦ
713 1019 783 1066 μεγάλη.
795 1015 818 1053 Π
829 1024 847 1063 5.
875 1016 926 1064 ῆτῆν

584 1070 683 1118 μελλουσαν
698 1071 805 1119 ἐπαγγελίαν.
825 1082 856 1108 10.
889 1069 926 1107 οἵαν

584 1125 651 1174 τρυφὴν
660 1126 695 1173 ἔχει
705 1125 714 1172 ῆ
723 1125 813 1173 μέλλουσα
824 1125 924 1174 ἐπαγγελία.

584 1178 609 1217 ib.
645 1179 672 1216 διὰ
680 1182 710 1216 τοῦ
721 1180 743 1227 μῆ
754 1178 842 1217 πιστεύειν
851 1179 893 1226 ῆμῦς
904 1183 925 1224 τῇ

584 1234 677 1283 ἐπαγγελίᾳ
685 1237 716 1271 τοῦ
728 1236 777 1270 θεοῦ.
790 1245 821 1271 11.
858 1234 884 1270 καί
893 1236 924 1280 λη-

584 1288 654 1338 ψόμεθα
669 1288 699 1326 τὰς
717 1289 823 1337 ἐπαγγελίας.
842 1286 867 1325 ib.
905 1289 925 1325 οῦ

569 1379 573 1386 .
584 1343 617 1391 γάρ
627 1345 660 1380 νῦν
668 1340 770 1392 ἐπαγγελίας
780 1345 799 1379 τὸ
812 1344 868 1391 ἔργον.
881 1341 923 1393 Ign.

584 1395 676 1447 Eph.14.

556 1450 645 1489 Ἐπαινεῖν.
667 1452 721 1489 πάντα
733 1453 831 1499 τελειώσας,
843 1450 926 1497 ἐπῄνεσεν

584 1506 632 1543 αὐτά.
643 1504 702 1544 (λίθω.
713 1505 724 1542 Ι
734 1517 765 1554 33.
799 1505 824 1543 ὅτ’
834 1505 855 1542 ἂν
864 1506 925 1543 ἐπαινῶ

584 1561 631 1606 ὑμᾶς.
642 1560 683 1611 Ign.
695 1558 759 1610 Magn.
772 1572 802 1597 12.
831 1560 852 1596 Τί
860 1561 893 1608 γάρ
904 1575 926 1605 με

585 1615 650 1662 ὠφελεῖ
662 1630 692 1658 τις,
703 1615 717 1650 εί
726 1615 755 1661 ἐμὲ
766 1615 835 1652 ἐπαινεῖ.
847 1612 924 1664 Smyrn.

586 1676 603 1716 5.
628 1669 658 1706 οῦκ
671 1670 768 1715 ἐπαινοῦμεν
782 1668 825 1714 τοὺςΔ
836 1669 925 1717 προδίδον-

583 1738 614 1760 τας
623 1722 696 1762 ἑαυτούς.
707 1722 763 1761 Mart.
775 1722 839 1773 Polyc.
852 1736 869 1770 4.

553 1776 639 1814 Ἕπαινος.
668 1777 687 1813 ‘O
704 1778 769 1815 ἔπαινος
785 1778 833 1824 ἡμῶν
847 1778 892 1814 ἔστω
907 1778 926 1813 ἐν

585 1835 627 1882 θεῷ.
639 1830 698 1869 Olem.
709 1831 720 1868 I
729 1844 759 1880 30.

557 1885 672 1934 Ἐπαίρεσθαι.
688 1884 800 1935 ἐπαιρομένων
809 1886 838 1923 ἐπὶ
847 1887 867 1922 τό
875 1885 925 1932 ποίμ-

585 1955 620 1977 νιον
630 1941 687 1977 αὐτοῦ.
702 1939 759 1978 Olem.
771 1939 781 1977 I
793 1940 822 1978 16.
860 1939 924 1989 ἀνθρά-

584 2009 622 2033 ποις
631 1994 698 2043 άφροσι
730 1996 756 2031 καί
763 1994 883 2043 ἐπαιρομένοις.
893 2005 924 2031 21.

584 2050 686 2094 βουλόμενοι
699 2049 797 2097 ἐπαίρεσθαι
812 2051 849 2086 ταῖς
863 2048 925 2085 διανοί-

585 2117 615 2140 αις.
627 2114 658 2151 39.
693 2102 788 2151 ἐπήρθησάν
800 2103 859 2139 τεκαὶ
872 2101 925 2141 ίὲπα-

585 2157 640 2204 φροιῖ·
656 2157 737 2204 ἐγένοντο.
754 2165 784 2204 45.
824 2157 926 2206 ἐπαρθέντος

585 2209 641 2257 ἐπῖτῇ
651 2209 692 2256 νίκη.
702 2209 758 2249 Mart.
769 2210 811 2261 Igu.
825 2222 842 2248 2.

558 2262 708 2312 Ἐπαισχύνεσθαι.
742 2266 779 2302 οὐδὲ
794 2263 925 2313 ἐπαισχύνθητε·

585 2318 624 2355 οὐδὲ
633 2319 675 2366 ὑμεῖς
686 2319 839 2367 ἐπαισχυνθῆσεται
849 2320 859 2366 ῆ
868 2320 926 2356 τελεία

585 2372 647 2411 πίστις.
659 2372 701 2423 Igu.
712 2373 786 2424 Smym.
800 2385 830 2411 10.

558 2424 694 2465 Ἐπακολουθεῖν.
714 2428 852 2475 ἐπηκολούθησαν
863 2429 879 2464 οῖ
889 2429 926 2464 λοι-

585 2482 615 2519 ποὶ
630 2483 721 2530 προφῆται.
741 2481 800 2520 Olem.
815 2482 826 2519 I
840 2494 871 2530 43.
910 2480 926 2518 οῖ

585 2535 724 2583 ἐπηκολούθησάν
735 2552 763 2583 μοι
776 2538 800 2576 εἷς
811 2538 866 2584 λόγον
874 2539 924 2573 θεοῦ.

586 2588 627 2639 Ign.
639 2588 714 2640 Smyrn.
727 2603 756 2628 10.
776 2589 926 2636 ἐπακολουθούσης

586 2645 615 2689 τῆς
625 2644 699 2683 ἐλπίδος.
710 2644 773 2695 Polyc.
784 2644 833 2682 Phil.
846 2657 863 2693 3.

560 2696 664 2735 Ἐπακούειν.
698 2700 761 2748 πρέπον
776 2698 824 2737 ἐστίν
838 2697 926 2736 ἐπακούειν

587 2753 628 2788 κατὰ
646 2754 726 2801 μηδεμίαν
748 2755 843 2803 ὑπόκρισιν.
881 2752 923 2803 Ign.

586 2804 651 2856 Magn.
668 2820 684 2856 3.
713 2811 723 2845 ὁ
745 2809 792 2857 εῖγιος
809 2809 876 2855 μάρτυς
884 2808 925 2845 ἐπα-

547 2873 551 2877 ·
586 2859 649 2899 καύσας
673 2865 702 2909 τῆς
727 2862 837 2911 ἀποφάσεως.
866 2860 924 2899 Mart.

587 2912 629 2965 Igu.
642 2927 657 2953 2.

557 2968 670 3015 Ἐπιίλληλος.
707 2969 814 3017 ἐπαλλῆλους
836 2970 926 3018 γενομένας

584 3023 623 3070 ἡμῖν
632 3026 727 3074 συμφοράς.
739 3023 797 3063 Clem.
809 3024 819 3061 Ῑ
833 3037 848 3062 Ι.
