2017 3420
151 214 180 258 60

151 328 253 377 Εὐλογητάς.
277 328 375 378 Εὐλογητὸς
384 329 418 378 γάρ
427 330 437 365 ὅ
446 330 518 378 χαρισά-

178 397 227 430 μενος
239 383 283 431 ὐμῐν.
302 382 344 435 Igu.
359 382 409 434 pr.
425 395 442 421 1.
471 386 520 421 ὐτοῦ

179 437 266 487 ἀγαπητοῦ
278 440 304 476 καὶ
315 440 410 488 εὐλογητοῦ
419 439 478 477 παιδός
487 453 520 476 σου

179 492 198 531 Ἰ.
209 498 229 531 Χ.
240 493 299 543 πατῆρ.
314 492 373 533 Mart.
385 493 449 544 Polyc.
462 505 491 541 14.

154 548 234 597 Εὐλογίσ,
259 549 373 597 Κολληθῶμεν
382 548 412 587 οὐν
421 552 442 597 τῆ
451 546 521 599 εὐλογία

181 603 236 642 αὐτοῦ.
258 601 387 653 0111111131.
411 605 429 641 αί
442 604 479 641 ὁδοὶ
491 606 521 652 τῆς

181 659 264 708 εὐλογίας.
278 658 303 697 ib.

155 714 236 762 Εὐλογος.
263 716 333 764 εὐλογύν
346 729 364 751 τι
381 713 473 763 φαίνεσθαι
489 713 522 761 ἰδίᾳ

181 768 224 815 ὐμῖν.
248 767 290 820 Igu.
306 768 371 820 Magn.
391 777 408 818 7.
444 770 521 818 Εὐλογάν

181 823 229 861 ἐστιν
237 826 296 862 λοιπὸν
304 824 394 873 ἀνανῆψαι.
410 821 486 873 Smym.
497 835 514 873 9.

155 879 221 916 Εὐναια.
242 879 272 926 τὴν
284 880 324 917 κατὰ
337 880 381 916 θεὸν
393 881 462 916 εὔνοιαν.
478 878 519 929 Igu.

183 931 239 972 Trall.
251 945 266 972 1.
294 933 316 981 μῆ
328 936 383 971 εὐναια
395 933 464 982 άκαιρος
473 934 521 982 γε’νη-

183 987 216 1025 σθέ
228 1003 261 1034 μοι.
279 987 333 1026 Rom.
348 1000 367 1035 4.
397 988 444 1025 ἕνεκα
458 987 522 1027 εὐνοίας

183 1042 313 1092 ἀνυπερβλήτου.
329 1041 387 1081 Mari).
399 1041 463 1093 Polyc.
476 1049 505 1091 17.

155 1097 243 1136 Εὐνοϊκῶς.
265 1099 327 1137 πάντας
339 1101 384 1148 ὁρῶν
396 1098 474 1136 εὐνοϊκῶς
486 1098 521 1135 δια-

182 1152 270 1200 κειμένους.
285 1151 341 1192 Μαῖύ.
352 1151 396 1204 Ign.
408 1165 426 1200 4.

155 1207 291 1254 Εὐοικονόμητος.
315 1208 365 1256 ἡμὲν
373 1208 408 1257 γάρ
420 1206 464 1257 ἁρχὴ
477 1207 520 1244 εὐοι·

183 1264 272 1310 κανάμητάς
281 1262 333 1300 ἐστιν.
347 1261 390 1314 Ign.
402 1261 457 1300 Rom.
471 1274 487 1300 1.

156 1314 231 1354 Εὐποιία.
255 1317 317 1364 ἕτοιμοί
323 1318 364 1355 ἐστε
371 1317 396 1356 είς
403 1314 478 1355 εὐποιίαν
484 1319 522 1368 θεῷ

182 1371 280 1419 άνῆιεουοαν.
295 1372 336 1424 Igu.
347 1371 413 1423 Polyn.
425 1379 442 1421 7.

155 1426 288 1476 Εὐπρόοδεκτος.
316 1428 411 1476 ἐκζητῶμεν
427 1428 448 1464 τά
458 1458 462 1466 .
471 1457 474 1465 .
483 1456 487 1465 .
495 1427 522 1464 εὐ-

182 1482 278 1531 πρόσδεκτα
290 1482 338 1533 αὐτῷ.
356 1481 480 1531 Olem.135.
502 1481 522 1520 ἵν’

185 1537 337 1587 ...εὐπρόσδεκτα
354 1536 380 1585 είη
398 1540 422 1588 τῷ
442 1536 524 1585 θελήματι

183 1590 239 1630 αὐτοῦ.
262 1604 292 1639 40.
320 1592 443 1642 εὐπρόσδεκτοί
459 1607 478 1629 τε
497 1592 523 1629 καί

184 1647 266 1696 μακάριοι.
280 1646 306 1686 ib.

157 1701 235 1751 Εὐρετῆς.
259 1702 288 1749 τὴν
297 1703 337 1751 ἐμὴν
345 1701 429 1751 ἁμαρτίαν
438 1701 481 1750 μετὰ
493 1704 523 1738 τοῦ

184 1756 244 1804 ταύτης
253 1757 324 1807 εὐρετοῦ.
339 1756 398 1795 Mart.
409 1756 451 1807 Ign.
464 1767 481 1794 2.

157 1811 252 1860 Εὐρίσκειν.
273 1814 291 1850 ἐν
300 1814 362 1861 ὑπακοῇ
372 1812 436 1850 δίκαιος
445 1811 523 1861 εὑρεθεὶς,

188 1865 244 1916 ...οὐχ
249 1867 307 1916 εὐρίθη
313 1867 364 1905 αὐτοῦ
370 1867 448 1905 θάνατος.
462 1864 522 1904 Glem.

185 1920 196 1958 I
213 1933 230 1970 9.
264 1925 302 1958 Νῶε
319 1923 381 1961 πιστὸς
399 1921 477 1971 εὑρεθείς.
497 1920 522 1959 ib.

116 1992 118 1995 ·
185 1975 425 2025 Ἀβραάμ...πιστύςεύρε’θη.
443 1987 472 2013 10.
497 1976 524 2013 εὐ·λ

156 2052 157 2055 ¹
185 2030 274 2079 ρίσκοοσιν
287 2032 337 2069 αὐτὸν
349 2033 494 2069 πεντακοσιοσταύ
507 2031 524 2067 ἕ-

186 2100 230 2124 τονς.
247 2094 276 2134 25.
299 2085 386 2135 εὑρεθῆναι
397 2086 447 2136 ἐντῷ
459 2085 524 2136 ἀριθμῷ

186 2142 220 2177 τῶν
227 2140 345 2187 ὐπομενάντων.
361 2148 393 2189 35.
414 2137 449 2187 ἐνῆ
455 2138 525 2188 εὐρομεν

186 2197 206 2231 τὸ
220 2195 302 2244 σωτῆριον
314 2195 364 2243 ἡμῶν.
383 2194 415 2244 36.
443 2194 501 2243 εὑρέθη
515 2194 525 2241 ἡ

185 2250 253 2299 ῥάβδος.
271 2262 302 2298 43.
330 2250 396 2299 οὐγὰρ
408 2248 490 2298 εὐρῆσετε
501 2250 525 2287 δι-

185 2304 242 2344 καίους
260 2304 414 2352 άποβεβλημένους.
436 2312 467 2352 45.
497 2304 526 2342 Τίς

186 2361 240 2399 ίκανύς
253 2361 271 2397 ἐν
284 2361 324 2407 αὐτῆ
337 2360 437 2408 εὐρεθῆναι;
452 2367 484 2407 50.
508 2358 526 2395 ἐν

185 2418 209 2466 τῷ
218 2416 288 2466 ποιμνίῳ
297 2418 326 2453 τοῦ
332 2417 411 2465 Χριστοῦ
419 2414 498 2463 μικμούς.
506 2443 510 2451 .
519 2442 523 2450 .

186 2470 275 2519 εὑρεθῆναι.
291 2478 322 2520 57.
346 2468 442 2519 εὐρῆσομεν
451 2469 524 2506 ἀνάπαυ-

187 2541 220 2563 σιν.
236 2524 258 2563 Π
269 2526 287 2563 6.
311 2526 339 2563 ἐὰν
347 2525 370 2574 μῆ
380 2524 476 2573 εὐμεθῶμεν
484 2524 526 2572 ἔργα

187 2582 254 2628 ἔχοντες
264 2581 309 2619 ὅσια.
320 2579 346 2618 ib.
368 2580 398 2617 ἐὰν
407 2579 467 2627 εὐρεθῇ
477 2577 526 2627 φθεί-

187 2651 226 2684 ρων.
244 2643 262 2684 7.
291 2637 320 2672 οὐκ
332 2636 380 2672 ἐστιν
394 2635 449 2684 εὑρεῖν
461 2633 525 2682 ε’ίνθρω-

187 2706 225 2728 πον.
245 2702 273 2728 10.
300 2690 370 2738 ἀλήθεια
381 2689 456 2739 γνησίως
469 2690 526 2736 ζητου-

186 2745 227 2793 μένη
241 2744 338 2795 εὑρίσκεται.
358 2744 436 2795 Fragm.
449 2743 474 2783 vi.
502 2743 525 2779 'A-

187 2800 250 2849 δελφοὶ
256 2801 310 2837 αὐτῶν
315 2800 415 2849 εῦρεθῶμεν.
427 2796 525 2850 Ign.Eph.

191 2867 220 2893 10.
247 2854 274 2892 ἵνα
286 2857 309 2903 μῆ
322 2859 353 2893 τοῦ
366 2856 450 2899 διαβόλου
463 2854 527 2899 βοτάνη

188 2926 214 2949 τις
227 2910 291 2959 εὐρεθῆ.
312 2908 337 2948 ib.
364 2912 417 2958 μόνον
429 2911 447 2946 ἐν
458 2910 528 2959 Χριστῷ

188 2966 244 3012 Ἰησοῦ
251 2966 340 3014 εὐρεθῆναι.
355 2977 386 3003 11.
406 2963 433 3001 ἵνα
440 2965 463 3001 ἑνί
470 2962 527 3013 κλήρῳ

192 3051 196 3058 .
205 3050 209 3058 .
218 3049 222 3057 .
230 3020 297 3070 εὐμεθῶ.
312 3019 338 3058 ib.
357 3021 391 3058 ὐπύ
400 3021 422 3056 τὰ
431 3019 469 3067 ίχνη
479 3020 525 3067 εὐρε-

190 3074 241 3121 θῆναι.
260 3088 288 3113 12.
316 3077 344 3113 ἐάν
356 3091 381 3114 τις
394 3075 454 3124 εὑρεθῆ
465 3075 491 3111 καὶ
503 3074 526 3111 εἲς

389 213 487 258 INDEX
502 214 674 258 VERBORUM

572 329 630 368 τίλας.
649 340 681 376 14.
710 328 734 367 είς
746 328 795 377 τιμῆν
808 330 852 366 θεοῦ
866 329 912 379 εὐρε·

573 384 625 432 θῆναι.
644 396 677 422 21.
704 382 813 432 ὑπομένομεν,
826 382 853 429 ἴνα
866 384 912 433 εὐρε-

573 439 628 488 θῶμεν
641 438 719 487 μαθηταί.
738 437 802 490 Magn.
817 450 844 488 9„
862 438 913 485 ἔδοξα

573 495 626 544 εὑρὼν
634 492 685 542 ὐμᾶς.
693 524 698 532 .
706 522 711 532 .
718 495 790 542 μιμητὰς
802 493 850 533 ὄντας
861 496 912 532 θεοῦ.

574 547 630 587 Τταίί.
643 560 660 587 1.
689 549 707 586 ἐν
720 546 734 600 ᾧ
747 549 833 599 διάγοντες
845 547 912 598 εὐρεθη-
933 590 935 594 ,

575 604 644 652 σάμεθα.
660 615 678 642 2.
705 602 733 642 ίνα
743 604 766 652 μὴ
775 604 853 651 ἀδόκιμος
865 603 912 653 εὐρε-

575 660 604 696 θῶ.
615 670 646 698 12.
662 656 699 710 ἐνῷ
705 657 872 709 εὐμεθείητείίμωμοι.
882 670 912 707 13.

575 715 633 753 ὐθεύς
640 714 745 762 κατηξίωσεν
751 714 843 763 εὐρεθῆναι.
856 712 912 751 Rom.

575 781 592 806 2.
620 769 705 807 ἀλλὰκαὶ
717 769 779 818 εὐρεθῶ
790 766 912 822 (Χριστιανός).

573 824 614 861 Ἐάν
623 826 658 874 γὰρ
672 823 779 873 καλεύρεθῶ.
796 835 813 873 3.
843 823 914 873 καθαρὸς

574 878 624 924 άρτος
633 879 697 929 εῦρεθῶ
706 883 736 916 τοῦ
745 884 826 928 Χριστοῦ.
841 892 859 927 4.
887 877 914 916 ίνα

574 988 623 1038 ρεθῶ.
638 987 666 1027 ib.
695 990 766 1037 εὐχομαι
777 988 834 1037 ἕτοιμά
846 1003 874 1037 μοι
885 987 912 1025 εὐ-

574 1043 647 1093 ρεθῆναι.
663 1052 683 1091 5.
708 1044 745 1092 Οὐχ
754 1042 781 1081 ὅτι
789 1043 828 1095 παρ’
838 1042 876 1093 ὐμῖν
884 1058 913 1091 με-

573 1099 635 1148 ρισμύν
642 1098 698 1147 εὐρον.
709 1096 783 1136 Phssad.
790 1111 808 1148 3.
828 1100 857 1137 ἐὰν
864 1098 886 1147 μῆ
896 1099 914 1135 ἐν

574 1156 609 1191 τοῖς
621 1152 699 1202 ἀρχαίοις
711 1151 760 1203 εὐρω.
770 1154 796 1201 ¹8.
819 1154 914 1205 ηὐρίθησαν

574 1208 593 1244 δὲ
605 1208 648 1257 ὐπέρ
663 1207 740 1246 θάνατον.
760 1205 836 1260 Smym.
846 1221 863 1258 3.
890 1208 913 1255 μῆ

574 1262 632 1300 δοῦλοι
641 1261 734 1312 εὐρεθῶσιν
742 1263 833 1312 ἐπιθυμίας.
848 1262 912 1314 Polyo.

576 1329 594 1364 4.
622 1316 678 1364 Μῆτις
691 1317 738 1366 ὐμκῦν
748 1318 833 1368 δεσέρτωρ
847 1318 912 1367 εὐρεθῆ.

576 1372 593 1409 6.
620 1373 644 1411 είς
658 1373 679 1410 τδ
693 1372 779 1421 εῦρεθῆναι
787 1403 803 1412 ..
813 1373 864 1422 ,ὐμῖν
879 1388 912 1411 πα-

575 1426 630 1474 θητῆν.
642 1434 661 1476 7.
681 1428 708 1465 καὶ
717 1426 740 1475 μῆ
749 1427 831 1476 εὐρύντες,
841 1428 912 1466 συνελά-

575 1484 626 1527 βοντο
639 1482 734 1530 παιδάρια,’
752 1481 809 1522 Μοιύ.
819 1481 882 1534 Ροίγο.
893 1483 912 1520 6.

575 1538 637 1574 ἐκεῖνον
643 1537 675 1585 μὲν
681 1536 755 1585 εὐρονὲν
761 1553 793 1575 τινι
802 1539 883 1589 δωματίῳ.
895 1545 912 1586 7.

576 1590 913 1642 οὐ,..πρδςτίι’ίχνηεὐμεθῆναιὴμᾶς.22.

550 1647 640 1692 Εὐσέβεια.
668 1647 731 1694 ἐπιεικῆ
747 1648 765 1684 ἐν
780 1651 849 1699 Χριστῷ
865 1647 914 1685 εὐσέ-

576 1699 628 1746 βειαν.
650 1699 710 1740 Olem.
724 1701 735 1739 I
751 1714 768 1740 1.
797 1704 829 1740 Διὰ
842 1702 912 1751 φιλοξ-

577 1757 611 1793 νίαν
620 1757 647 1794 καὶ
658 1756 748 1801 εὐσέβειαν
756 1759 795 1795 Λὼτ
804 1757 867 1805 ἐσώθη.
883 1769 912 1795 11.

576 1813 611 1849 τοῖς
616 1810 652 1860 μετ’
659 1812 748 1856 εὐσεβείας
754 1812 871 1861 είρηνεύονσιν.
883 1820 912 1860 15.

577 1918 670 1966 εὐσεβείας.
684 1932 716 1971 32.
736 1921 816 1971 ἐμπορίαν
824 1920 912 1970 ἠσκοῦμεν.

576 1977 602 2013 καὶ
611 1976 641 2012 οὐκ
649 1975 745 2021 εὐσέβειαν.
759 1975 834 2028 Fragm.
844 1975 871 2015 iii.
880 1990 881 1994 ’

550 2030 632 2078 Εὐσεβῆς.
653 2031 690 2077 μετ’
699 2031 783 2075 εὐσεβοῦς
793 2031 914 2080 πεποιθῆσεως.

578 2083 657 2123 elem]
668 2097 686 2124 2.
715 2086 785 2136 ἔχουσιν
797 2091 854 2136 χῶρον
867 2087 915 2124 εὐσε-

577 2141 619 2183 βῶν.
634 2148 668 2188 50.
692 2142 712 2178 οὐ
722 2142 777 2178 διὰτὸ
786 2142 861 2190 εὐσεβὲς,
870 2141 916 2178 άλλύ

578 2195 597 2231 τά
606 2195 696 2243 κερδάλεον
705 2196 796 2235 διώκοντες.
809 2194 914 2247 Fragmiii.

552 2249 638 2294 Εὐσεβῶς.
663 2251 728 2288 πάντας
736 2250 775 2290 τούς
788 2252 863 2296 εὐσεβῶς
875 2253 915 2297 <612-

579 2319 614 2342 τας.
629 2303 688 2343 Μαιύ.
697 2303 740 2355 Igu.
751 2317 767 2343 ο.

551 2359 680 2408 Εὐσπλαγχνία.
701 2360 742 2397 κατὰ
751 2361 781 2407 τῆν
790 2360 916 2411 εὐσπλαγχνίαν

577 2416 608 2450 τοῦ
616 2412 719 2461 ποιῆσαντος
728 2414 775 2463 ἡμᾶς.
792 2413 853 2454 Olem.
863 2414 874 2453 Ι
885 2428 916 2463 14.

552 2470 684 2518 Εὐσπλαγχνος.
716 2470 746 2507 τδν
764 2471 827 2518 ἐπιεικῆ
845 2472 872 2509 καὶ
888 2473 915 2508 εὐ-

579 2525 680 2573 σπλαγχνον
688 2524 757 2573 Πατέρα
766 2525 818 2574 ἡμῶν.
836 2523 895 2565 Olem.
904 2523 916 2563 I

581 2589 610 2627 29.
634 2579 659 2617 τίς
673 2581 804 2630 εὐσπλαγχνος;
826 2588 858 2628 54.
881 2582 916 2618 διά-

579 2647 631 2670 κονοι,
640 2664 644 2671 .
652 2636 786 2684 ,εὔσπλαγχνοιΙ
797 2634 861 2686 Polye.
868 2634 915 2673 Phil.

581 2696 599 2735 5.
627 2689 659 2726 Καὶ
680 2690 697 2726 οἱ
716 2689 831 2739 πρεσβύτεροι
850 2692 869 2728 δὲ
889 2693 916 2727 εὐ-

580 2744 686 2792 στλαγχνοι.
702 2744 719 2782 6.

554 2797 651 2835 Εὐστάθεια.
675 2799 718 2847 ὐμῦς
726 2801 797 2848 χαρῆναι
806 2801 845 2849 περὶ
853 2802 882 2848 τῆς
891 2802 917 2838 εὐ-

580 2853 719 2901 στοθείαςύμκύν.
737 2853 797 2894 Olem.
808 2854 819 2892 I
829 2863 861 2905 59.

555 2907 647 2954 Εὐσταθῆς.
677 2909 719 2959 ὅπερ
733 2910 772 2947 οὐδὲ
785 2911 875 2960 πράσσεις,
889 2911 916 2948 εὐ·

581 2962 647 3010 αταάής.
663 2962 707 3015 Ign.
718 2963 782 3016 Polyc.
793 2978 811 3013 4.
839 2965 869 3013 τὴν
880 2966 916 3013 ἠλι-

580 3018 616 3054 κίαν
625 3019 676 3055 αὐτοῦ
687 3021 714 3057 καί
726 3021 746 3057 τὸ
760 3019 844 3058 εὐσταθές.
850 3046 852 3050 -
859 3019 916 3060 Mart.

580 3071 641 3123 Polyc.
653 3081 682 3123 7.Ἰ
752 3105 753 3108 ,
793 3096 795 3100 ⁴
