2061 3403
196 190 205 232 l
362 190 584 235 Raoaurluaum
600 190 724 235 JUDIOIA

196 303 257 360 probi
267 320 333 362 quum
342 305 422 349 fuerint
435 322 459 350 ac
473 307 524 349 satis
538 305 665 363 perspicaces
675 305 722 360 viri,
735 321 824 363 quorum
837 305 897 349 testi-

197 374 293 432 monium
305 374 393 419 minime
406 375 541 433 rejiciendam
554 378 593 429 est,
606 390 672 433 quum
688 375 731 420 sint
746 378 811 420 testes
827 375 898 420 idonei

198 443 237 487 hac
249 443 273 487 in
285 460 313 498 re,
324 444 360 503 qui
373 461 440 503 neque
453 445 493 503 ipsi
505 445 566 489 facile
579 445 708 499 fallerentur,
719 461 786 503 neque
796 446 846 489 alios
856 444 898 488 nisi

197 512 261 556 inviti
278 513 382 568 fallerent,
398 530 470 559 eurum
487 517 558 558 autem
575 515 726 558 authoritatem
743 515 831 559 ulterius
848 530 897 558 cun-

197 583 269 626 firmat
288 589 363 628 mutua
385 585 469 628 illorum
491 584 615 637 consensio;
641 584 692 627 dum
711 584 734 628 in
754 585 828 628 iisdem
847 584 898 628 lucis

197 652 287 697 citandis
307 655 386 711 optime
406 654 461 698 inter
480 670 501 698 se
521 670 545 697 ac
565 669 613 698 cum
633 653 730 698 Mediceo
751 654 828 698 Codice
848 669 897 697 cun-

197 724 293 769 ueniunt.
324 726 388 770 Quod
404 727 431 770 ad
451 726 560 770 citationes
577 725 663 769 Eusebii
681 728 703 768 et
720 726 746 768 B.
765 724 898 783 Hieronymi,

197 794 298 851 quicquid
312 795 359 853 ipsi,
370 812 435 853 quum
445 797 473 840 sit
482 795 614 853 praejudiciis
624 798 683 838 tutus
697 798 818 851 occupatus,
828 794 898 839 visum

197 863 268 917 l'uerit,
288 868 374 908 tanturn
394 865 460 919 abest,
480 866 532 923 quin
551 864 683 909 authentiam
702 865 827 908 Breviurum
846 864 898 920 Epi-

197 934 299 977 stularum
318 934 455 988 imminuant,
474 939 500 979 ut
519 951 565 979 earn
588 935 681 978 multum
704 934 834 978 confirment.
870 934 899 976 In

198 1003 319 1061 hujusmodi
339 1004 396 1048 enirn
416 1005 512 1049 examine
534 1004 671 1058 instituendo,
691 1020 717 1048 ex
737 1020 777 1061 quo
794 1003 899 1061 judicium

198 1073 278 1116 feratur
295 1073 321 1117 de
338 1074 420 1117 duobus
440 1074 530 1131 scriptis,
547 1090 613 1132 quum
632 1077 745 1131 utrumque
761 1089 835 1118 verum
855 1089 899 1117 esse

198 1158 222 1186 ac
238 1143 385 1187 authenticum
400 1159 450 1201 prae
466 1160 488 1188 se
505 1146 566 1198 ferat,
581 1160 624 1187 nun
641 1148 726 1187 tantum
744 1144 771 1186 ad
787 1159 899 1188 numerum

199 1212 363 1270 discrepantium
379 1214 495 1257 lectionum
511 1218 595 1271 oportet
611 1213 758 1265 attendamus3
774 1213 810 1257 sed
827 1217 849 1257 01
866 1213 898 1256 in-

198 1297 260 1339 super
270 1282 395 1339 cogitemus,
406 1284 464 1340 cujus
474 1283 518 1326 sint
527 1284 636 1335 momenti,
647 1284 681 1327 vel
691 1283 718 1326 ad
728 1283 899 1336 confirmandam,

198 1351 232 1394 vel
241 1351 268 1394 ad
278 1352 401 1395 elevandam
413 1352 486 1409 scripti
496 1352 583 1410 alicujus
593 1352 732 1396 authentiam.
763 1352 822 1395 Male
831 1351 899 1409 igitur

198 1422 224 1464 ab
242 1421 282 1464 huc
298 1421 395 1464 Authore
412 1421 534 1465 instituitur
551 1421 642 1465 calculus
659 1437 716 1474 suus,
734 1421 771 1478 qni
788 1436 899 1465 numerum

197 1490 268 1546 potius
286 1505 350 1547 quam
366 1490 450 1547 pondus
465 1506 545 1544 eurum,
561 1491 637 1548 quibus
653 1496 741 1547 utraque
757 1490 900 1547 Epistularum

199 1560 285 1617 Sylloge
297 1560 323 1603 ab
333 1559 425 1604 Eusebio
435 1560 540 1617 discrepat
549 1560 572 1603 in
582 1560 615 1613 iis,
623 1576 676 1616 quae
685 1561 712 1604 ab
722 1560 767 1617 ipso
777 1576 803 1602 ex
813 1559 899 1616 Ignatio

198 1630 299 1683 citantur,
314 1629 469 1673 aestimandum
485 1633 556 1673 censet
566 1648 572 1682 3
596 1645 662 1687 quum
682 1629 742 1687 siqua
761 1629 816 1673 forte
835 1629 858 1671 in
877 1643 900 1671 re

198 1699 290 1757 Majores
308 1700 415 1756 Epistulae
433 1715 481 1742 cum
498 1699 590 1742 Eusebio
607 1699 683 1742 melius
700 1699 834 1751 conveniant,
847 1696 899 1740 levis

198 1786 223 1813 ac
237 1770 316 1812 nullius
329 1770 371 1813 fere
385 1769 487 1812 momenti
502 1770 530 1813 sit
545 1769 686 1826 discrepantia
700 1769 756 1812 inter
769 1769 860 1825 Majores
876 1783 900 1810 ac

198 1839 295 1883 Minores
304 1839 417 1896 Epistulas,
428 1854 521 1896 quaeque
530 1839 591 1882 1110110
605 1854 630 1882 ex
644 1839 732 1883 diversis
743 1838 809 1882 Oudd.
820 1839 899 1881 Manu-

199 1909 282 1966 scriptis
302 1908 415 1951 earundem
434 1908 578 1966 Epistularum
597 1908 647 1952 oriri
666 1908 749 1965 potuit,
772 1908 827 1965 quod
846 1907 900 1950 inita

199 1977 354 2035 comparatione
374 1978 425 2021 satis
445 1978 562 2022 constabit:
589 1978 733 2036 Hieronymus
753 1993 802 2021 vero
822 1977 846 2020 in
866 1976 899 2020 his

199 2048 290 2092 citandis
304 2048 379 2090 melius
393 2063 442 2091 cum
455 2048 551 2091 Mediceu
562 2048 639 2101 Codice
652 2046 752 2091 convenit
765 2047 792 2090 iis
806 2047 829 2089 in
841 2046 899 2100 lucis,

199 2119 236 2162 ubi
253 2118 356 2161 Eusebius
374 2133 398 2160 ac
413 2117 504 2175 Majores
519 2118 626 2174 Epistulae
644 2117 780 2161 consentiunt
797 2116 853 2160 inter
870 2132 899 2169 se,

200 2190 252 2232 dum
260 2188 378 2245 paullulum
388 2187 506 2244 discrepent
516 2203 529 2230 a
539 2188 659 2231 Minoribus
669 2187 777 2244 Epistolis.
807 2187 839 2230 At
849 2186 900 2230 dum

199 2259 223 2301 in
238 2257 350 2301 levioribus
366 2256 422 2300 iuter
438 2272 459 2300 se
475 2257 585 2300 convenire
598 2257 705 2309 videntur,
715 2272 768 2314 quae
782 2256 844 2299 nihili
857 2255 900 2299 fere

199 2331 257 2380 sunt,
267 2326 371 2370 Eusebius
381 2330 403 2368 et
412 2325 519 2382 Epistulae
529 2326 678 2383 interpolatae,
689 2326 712 2368 in
721 2341 743 2368 re
754 2340 803 2368 sane
812 2324 900 2368 maximi

199 2396 303 2441 momenti
318 2396 374 2439 inter
388 2410 410 2438 se
425 2395 550 2452 discrepant,
560 2396 584 2438 in
597 2411 638 2453 qua
651 2399 724 2439 tamen
733 2394 837 2439 Eusebius
851 2411 900 2438 cum

197 2466 300 2525 Epistulis
310 2464 446 2509 Brevioribus
460 2465 538 2520 optime
552 2465 652 2508 convenit
658 2483 664 2517 ;
681 2465 737 2521 quod
750 2463 817 2508 cuivis
828 2463 900 2508 videre

199 2541 232 2582 est
245 2553 271 2580 ex
284 2539 336 2580 notu
348 2535 385 2578 illu
398 2549 422 2577 ac
435 2533 511 2577 celebri
520 2534 565 2577 locu
576 2549 601 2576 ex
610 2535 650 2590 Ep.
662 2534 689 2577 ad
699 2535 824 2591 Smyrnaeus
839 2534 861 2590 [d
873 2535 895 2591 3]

199 2608 271 2660 citato,
281 2606 305 2649 in
320 2620 361 2663 quo
376 2603 460 2647 citando
474 2618 540 2659 paene
554 2603 581 2646 ad
592 2603 681 2646 verbum
696 2603 831 2646 consentiunt
844 2602 900 2645 inter

198 2692 220 2720 se
228 2680 306 2720 etcum
312 2674 409 2718 Mediceo
416 2671 493 2716 Codice
499 2671 609 2724 Eusebius,
617 2672 768 2729 Hieronymus,
775 2671 898 2715 11οΤ1100110-

198 2750 268 2798 retus;
284 2745 336 2788 dum
345 2742 426 2800 singuli
435 2740 551 2799 plurimum
561 2740 687 2784 dissentiant
697 2756 709 2783 a
719 2740 805 2783 caeteris
816 2740 898 2784 Codici-

198 2811 245 2865 bus,
265 2810 314 2863 nisi,
331 2810 368 2868 qui
387 2809 509 2852 Mediceum
528 2811 652 2865 sequuntur,
672 2807 824 2865 Manuscriptis
845 2808 898 2851 Oull.

199 2881 268 2924 Gunv.
285 2882 307 2923 et
325 2879 378 2933 Caii,
394 2895 418 2923 ac
435 2877 571 2921 Muntacutii.
608 2877 640 2920 De
656 2877 792 2921 allusionibus
810 2878 897 2922 Sancto-

199 2966 245 2993 rum
255 2950 344 2993 Patrum
358 2950 384 2992 ad
397 2948 504 3006 Epistulas
518 2948 543 2990 Β.
555 2947 637 3003 Ignatii
651 2947 691 2991 hoc
706 2963 772 2991 unum
787 2947 899 2991 dicendum
