1931 3420
275 232 312 275 ΕΤ
327 232 552 286 FORMULARUM.
767 235 796 279 47

58 344 101 396 Ign.
111 343 160 395 Eph.
170 357 187 394 9.
209 346 239 383 οῦκ
249 346 272 382 ὣν
280 345 328 392 ι’ίξιος
337 346 400 383 ἐκεῖθεν

58 398 104 438 εἶναι.
121 399 197 450 Smyrn.
211 412 240 438 11.
269 400 332 437 ἐκεῖθεν
343 399 408 448 ἐίχετο

57 457 88 492 τοῦ
96 456 156 493 πλοός.
172 454 229 494 Mart.
241 453 284 505 Ign.
295 466 312 503 3.
338 455 400 492 ἐκεῖθεν

57 509 151 557 καταχθείς.
168 519 186 558 5.
208 509 283 547 κάκεῖθεν
292 510 357 554 ἐπιβάς.
372 508 396 547 ib.

56 563 132 601 Ἐκεῖθεν
140 567 183 613 γοῦν
192 564 287 611 ἐώσθησαν.
303 564 320 601 6.
345 564 399 601 κάκεῖ-

57 618 90 655 θεν
103 613 189 666 ἦδῦνάτο.
201 647 205 656 .
216 648 220 657 .
231 618 315 656 ἀπελθεῖν.
340 617 398 656 Mart.

57 671 121 723 Polyc.
133 680 150 721 7.

28 727 118 774 Ἐκζητεῖν.
143 727 173 764 ἐάν
182 728 274 775 ἐκζητῶμεν
283 728 304 764 τὰ
316 728 399 776 εὐάρεστα

57 782 84 818 καί
91 782 208 829 εῦπρόσδεκτα
215 783 264 832 αὐτῷ.
279 780 339 819 Clem.
347 780 358 819 Ι
366 790 397 829 35.

56 835 77 872 οῦ
84 836 104 872 τὸ
110 834 260 884 αίμαέκζητίησειὸ
270 837 317 874 θεός.
334 835 397 886 Polyc.

56 888 105 927 Phil.
117 901 134 927 2.

28 944 116 982 Ἐκκαίειν,
143 945 167 983 είς
178 948 260 982 τοσοῦτον
271 943 351 983 ἀπονοίας
363 945 399 990 ἐξέ-

56 1013 126 1036 καυσαν.
143 997 203 1037 Οίαωι.
214 999 225 1037 Ι
237 1011 252 1037 1.

27 1053 126 1100 Ἐκκλησία,
150 1053 173 1090 ‘H
188 1051 268 1100 ἐκκλησία
282 1056 313 1089 τοῦ
328 1056 372 1090 θεοῦ
387 1053 397 1100 ἡ

55 1110 162 1156 παροικοῦσα
183 1108 253 1156 Ῥώμην,
272 1111 293 1154 τῇ
316 1108 397 1155 ἐκκλησιᾴ

55 1165 86 1198 τοῦ
100 1165 145 1199 θεοῦ
158 1165 179 1209 τῇ
191 1161 296 1212 παρακούσῃ
310 1162 396 1210 Κόρινθον.

56 1214 117 1254 Glem.
134 1215 145 1253 I
160 1215 220 1255 Inscr.
249 1216 398 1263 συνευδοκησιίσης

54 1272 85 1318 τῆς
97 1269 188 1318 ἐκκλησίας
197 1273 258 1317 πόσης.
274 1282 305 1318 44.
334 1271 371 1317 τὴν.
380 1299 396 1308 ,.

54 1325 127 1373 ἀρχαίαν
142 1325 235 1375 Κορινθίων
248 1323 343 1372 ἐκκλησίαν.
364 1332 395 1373 47.

54 1382 115 1429 στεῖρα
127 1381 168 1429 ,γάρ
183 1379 204 1427 ἢν
219 1380 229 1427 ἡ
245 1377 327 1426 ἐκκλησία
345 1379 395 1426 ἡμῶν.

55 1431 78 1471 Π
94 1446 111 1471 2.
140 1436 161 1481 τῇ
176 1434 256 1481 ἐκκλησίᾳ
271 1437 292 1480 τῇ
307 1433 397 1480 ἀξιομακα-

54 1488 114 1539 ρίστῳ.
130 1487 173 1539 Ign.
184 1487 233 1539 Eph.
242 1487 301 1525 Inscr.
323 1487 363 1526 τοὺς
371 1488 397 1524 ἐν-

55 1543 166 1591 κεκριιμένους
183 1543 241 1586 οὕτως,
255 1544 278 1581 ὡς
291 1542 301 1589 ἡ
315 1542 396 1589 ἐκκλησία

54 1596 112 1643 Ἰησοῦ
125 1600 201 1648 Χριστῷ.
220 1605 236 1645 5.
266 1598 396 1646 πόσῳμᾶλλον

54 1650 66 1698 ἥ
74 1666 93 1688 τε
102 1654 133 1688 τοῦ
142 1652 237 1689 ἐπισκόπου
250 1647 356 1703 [προσευχὴ]
369 1651 396 1687 καί

53 1706 112 1752 πόσης
119 1707 149 1753 τῆς
158 1706 252 1752 ἐκκλησίαι.
267 1704 293 1742 ib.
309 1704 396 1753 Ἐφεσίων

54 1759 146 1806 ἐκκλησίας
159 1762 190 1807 τῆς
204 1758 295 1807 διαβοήτου
308 1761 344 1797 τοῖς
357 1759 396 1795 αίῶ-

54 1828 87 1851 σιν.
113 1815 131 1852 8.
172 1814 199 1852 ἵνα
217 1812 258 1861 πνέῃ
276 1816 296 1860 τῇ
315 1813 395 1860 ἐκκλησίᾳ

53 1867 158 1917 ἀφθαρσίαν.
168 1876 198 1918 17.
219 1866 344 1917 Προσεύχεσθε
353 1867 395 1916 ὑπὲρ

53 1924 84 1969 τῆς
99 1923 190 1969 ἐκκλησίας
205 1925 235 1970 τῆς
250 1922 268 1959 ἐν
283 1921 340 1970 Συρίᾳ.
364 1933 393 1958 21.

53 1977 72 2012 ἐν
93 1974 107 2027 ᾦ
129 1977 226 2023 ἀσπάζομαι
247 1976 277 2023 τὴν
298 1976 393 2022 ἐκκλησίαν,

54 2029 120 2081 Magn.
132 2030 192 2069 Inser.
216 2029 251 2079 ᾄδω
260 2030 290 2067 τὰς
299 2029 394 2076 ἐκκλησίας.

56 2097 72 2122 1.
102 2084 231 2132 Μνημονεῦετε.
243 2113 247 2121 .
258 2112 262 2121 .
272 2086 302 2131 τῆς
315 2084 333 2120 ἐν
344 2084 395 2132 Συρίᾳ

54 2139 149 2186 ἐκκλησίας.
168 2151 196 2186 14.
226 2139 256 2186 τὴν
271 2139 289 2175 ἐν
303 2143 321 2175 Σ.
337 2139 396 2185 ἐκκλη-

54 2194 94 2230 σίαν
107 2194 135 2230 διὰ
148 2195 178 2240 τῆς
192 2193 282 2239 ἐκκλησίας
298 2193 344 2239 ὑμῶν
357 2193 395 2240 δρο-

53 2248 140 2295 σισθῆναι.
155 2246 180 2286 ib.
206 2248 238 2285 Καὶ
247 2247 332 2284 αἱλοιπαὶ
341 2247 360 2282 δέ
369 2247 396 2283 ἐκ·

54 2303 129 2349 κλησίαι.
148 2311 177 2350 15.
204 2300 285 2348 ἐκκλησίᾳ
292 2300 394 2349 ἠγαπημένη.

53 2354 112 2393 Trall.
129 2355 190 2394 Inser.
208 2356 263 2394 Rom.
280 2354 340 2392 Inscr.
369 2355 395 2392 ἐκ-

53 2408 125 2457 κλησίας
139 2414 183 2447 θεοῦ
197 2410 282 2458 ὑπηρέται.
305 2407 361 2446 Τιάίί.
377 2421 393 2446 2.

52 2466 109 2513 Χωρίς
124 2464 189 2501 τοῦτων
204 2464 285 2511 ἐκκλησία
301 2464 322 2500 οῦ
338 2465 393 2500 καλεῖ-

52 2534 85 2556 ται.
108 2531 126 2567 3.
151 2519 185 2566 άμα
210 2520 246 2556 ταῖς
264 2515 395 2566 συμπαροῦσαις

52 2588 82 2619 μοι
94 2573 197 2619 ἐκκλησίαις.
207 2598 208 2601 =
220 2584 249 2610 12.
278 2570 395 2618 Μνημονεῦετε

52 2627 71 2662 ἐν
88 2630 126 2665 ταῖς
143 2628 248 2675 προσευχαῖς
266 2626 313 2672 ὑμῶν
330 2627 360 2672 τῆς
378 2626 396 2661 ἐν

453 350 483 385 τοῦ
492 349 566 397 Πατρός,
576 346 597 384 δι’
610 347 630 394 ἧς
643 348 749 396 είσέρχονται
759 376 762 385 .
774 375 778 384 .
790 376 793 385 .

454 404 470 439 σί
486 402 581 440 ἀπόστολοι
598 402 625 438 καὶ
640 402 651 449 ἡ
667 402 753 449 ἐκκλησία.
776 413 793 450 9.

453 457 519 505 πρέπον
542 456 590 493 ἐστίν
610 456 654 503 ὑμῖν,
673 457 696 495 ὡς
714 457 795 504 ἐκκλησίᾳ

453 514 502 548 θεοῦ.
524 522 554 548 10.
582 510 613 557 τὴν
627 510 718 556 ἐκκλησίαν
732 510 762 557 τὴν
776 511 795 547 ἐν

452 564 551 613 Ἀντιοχείᾳ.
567 562 593 601 ib.
605 567 624 602 et
634 562 710 614 Smyrn.
724 576 753 601 11.
777 567 794 602 αἶ

454 620 526 668 ἐγγιστα
535 619 626 665 ἐκκλησίαι.
645 630 674 656 10.
699 619 717 655 ἐν
726 619 750 655 ἐνὶ
759 621 794 655 σίν-

453 689 494 726 μαι-ι
499 676 528 721 τῆς
535 671 624 719 ἐκκλησίας
629 673 685 711 αὐτοῦ.
697 671 792 723 Smyrm.

453 723 487 764 τῶν
495 728 588 775 ἀνηκόντων
597 727 621 765 είς
629 727 659 772 τὴν
668 727 762 774 ἐκκλησίαν.
775 729 792 765 8.

454 783 488 820 ἐκεῖ
500 782 510 829 ἡ
524 781 605 828 καθολικι)
619 782 704 828 ἐκκλησία.
720 780 744 820 ib.
771 782 794 819 ‘H

453 837 542 885 προσευχὴ
563 836 610 884 ὑμῶν
627 836 703 884 ἀπῆλθεν
721 837 748 874 ἐπὶ
765 837 795 884 τὴν

453 892 548 938 ἐκκλησίαν.
573 902 602 928 11.
631 892 749 939 χειροτονῆσαι
765 891 795 938 τὴν

454 944 544 993 ἐκκλησίαν
557 946 604 992 ῦμῶν
617 944 751 994 θεοπρεσβῦτην.
768 944 792 983 ib.

451 1001 539 1050 ἐπισκόπῳ
570 999 659 1046 ἐκκλησίας
690 1000 791 1049 Σμυρναίων.

451 1053 515 1105 Polyo.
531 1053 591 1092 Inscr.
620 1054 688 1103 ἀγαπᾶν
701 1055 731 1093 τὰς
746 1069 791 1102 συμ-

450 1108 499 1154 βίους
514 1110 536 1147 ὧς
550 1110 559 1145 0‘
574 1107 637 1157 Κύριος
650 1108 681 1155 τὴν
695 1109 790 1156 ἐκκλησίαν,

453 1171 470 1211 5.
499 1163 508 1211 ἡ
519 1162 618 1209 ἐκκλησίαὴ
628 1162 646 1199 ἐν
655 1162 755 1211 Ἀντιοχείᾳ.
773 1171 791 1212 7.

451 1218 515 1256 πόσαις
521 1221 557 1255 ταῖς
566 1217 662 1263 ἐκκλησίαις
671 1218 700 1254 οῦκ
709 1216 792 1264 ἠδυνήθην

451 1273 524 1321 γράψαι.
534 1274 558 1310 ’8.
583 1273 620 1309 ταῖς
628 1272 725 1320 ἔμπροσθεν
733 1272 791 1319 ἐκκλη-

451 1327 500 1365 σίαις.
516 1325 541 1364 ib.
570 1325 643 1373 ἀνάθεμα
655 1327 685 1372 τῆς
695 1326 789 1373 ἐκκλησίας.

450 1379 527 1431 Fragm.
537 1379 549 1419 ἰ.
571 1382 591 1426 τῇ
602 1378 682 1427 ἐκκλησίᾳ
693 1412 695 1415 ,
705 1411 707 1417 .
717 1382 791 1427 ,τῇπει-

451 1434 531 1483 μὀικοῦση
545 1434 644 1472 Φιλίππους.
662 1433 725 1484 Polye.
741 1432 790 1472 Phil.

450 1488 510 1527 Insor.
535 1487 791 1536 ἐκυβέρνατὴνέκκλησίιινᾋν·
838 1524 839 1528 ,

449 1544 524 1592 τιοχέων.
544 1541 601 1580 Mari).
617 1541 658 1593 Ign.
676 1554 693 1580 1.
724 1545 748 1593 τῷ
761 1545 792 1590 τῆς

449 1598 539 1645 ἐκκλησίας
557 1595 651 1647 ἀσαλεῦτιρ.
675 1595 700 1635 ib.
736 1612 791 1646 σαρα-

449 1652 503 1699 μένων
514 1655 535 1699 τῇ
548 1650 635 1697 ἐκκλησίᾳ.
652 1649 678 1688 ib.
707 1652 791 1699 φοβηθείς

449 1707 492 1756 ῦπέρ
504 1708 533 1753 τῆς
543 1704 645 1752 Ἀντιοχέων
656 1705 751 1752 ἐκκλησίας.
771 1717 788 1744 2.

436 1768 437 1772 ’
450 1760 561 1808 ἐπευξάμενος
574 1760 658 1808 πρότερον
669 1761 690 1805 τῇ
703 1760 788 1807 ἐκκλησία.

449 1813 474 1852 ib.
507 1817 552 1861 κοινῇ
570 1815 628 1850 πῦσαν
646 1813 742 1860 ἐκκλησίαν.
771 1825 789 1862 3.

449 1870 466 1905 ιιί
475 1869 505 1916 τὴς
515 1867 571 1905 Ἀσίας
584 1869 643 1905 πόλεις
657 1868 684 1904 καί
697 1868 790 1914 ἐκκλησίαι.

449 1921 474 1961 ἱί).
502 1925 539 1961 ταῖς
554 1921 651 1968 ἐκκλησίαις
666 1923 703 1960 ταῖς
719 1922 791 1970 ὑπαντη-

449 1979 513 2015 σάσαις
531 1977 583 2025 αὐτῷ.
608 1988 625 2023 4.
658 1973 686 2013 οία
701 1977 744 2024 πρὸς
761 1977 791 2024 τὴν

449 2031 540 2078 ἐκκλησίαν
550 2028 650 2067 ἐπιστέλλει
658 2029 749 2077 Ῥωμαίων.
764 2029 789 2069 ib.

449 2085 569 2135 παρακαλέσας
588 2085 618 2121 τὸν
638 2085 678 2120 ww
695 2088 726 2121 τοῦ
747 2088 792 2122 θεοῦ

449 2140 493 2188 ῦπέρ
506 2143 541 2176 τῶν
554 2139 652 2184 ἐκκλησιῶν.
671 2138 688 2176 6.
717 2141 737 2185 τῇ
751 2140 791 2188 ἀγίηι

450 2194 531 2241 ἐκκλησίᾳ
549 2192 687 2241 καταλειφθέντα.
711 2191 737 2231 ib.
767 2193 790 2229 Ἡ

449 2247 531 2295 ἐκκλησία
549 2249 579 2283 τοῦ
598 2249 642 2283 Θεοῦ
658 2246 668 2293 ἡ
686 2250 791 2296 παροικοῦσα

450 2301 531 2351 Σμίρναν.
562 2299 620 2338 Mart.
643 2299 707 2350 Polye.
729 2300 789 2338 Insor.

449 2359 486 2394 ταῖς
494 2387 496 2393 .
506 2387 509 2393 .
520 2385 523 2393 .
532 2357 561 2402 τῆς
570 2355 619 2403 ἁγίας
628 2355 655 2390 καὶ
664 2355 752 2402 καθολικης
763 2357 790 2392 ἐκ·

449 2409 520 2456 κλησίας
530 2407 629 2457 παροικίαις.
647 2407 674 2445 ib.
702 2412 736 2444 τῶν
749 2410 790 2446 κατὰ

448 2464 478 2510 τὴν
491 2463 587 2508 οἰκουμένην
599 2461 696 2508 ἐκκλησίων.
714 2469 731 2509 5.
760 2465 791 2510 τῆς

449 2519 491 2554 κατὰ
504 2517 534 2564 την
548 2514 645 2561 οἰκουμένην
658 2515 747 2563 καθολικῆς
762 2517 788 2553 ἐκ-

449 2572 524 2618 κλησίας,
541 2570 582 2607 Sei}
594 2581 623 2617 19.
651 2571 680 2616 τῆς
693 2570 711 2605 ἐν
723 2570 789 2618 Σμύρνη

449 2625 537 2671 καθολικῆς
546 2623 640 2669 ἐκκλησίας.
658 2623 688 2660 16.

52 2681 105 2729 Συρίᾳ
114 2682 210 2728 ἐκκλησίας.
228 2692 257 2728 13.
276 2678 305 2717 Of.
313 2678 368 2717 Rom.
377 2691 395 2728 9.
421 2680 518 2716 Ἐκκλίνειν.
546 2676 576 2714 οῦς
585 2678 611 2713 δεῖ
621 2678 662 2724 ὑμᾶς
672 2678 695 2715 ὣς
704 2677 753 2726 θηρία
762 2679 790 2716 ἐκ·

52 2733 98 2785 Ἐγὼ
105 2737 169 2784 γράφω
176 2738 212 2774 ταῖς
222 2734 322 2781 ἐκκλησίαις.
339 2732 393 2770 Rom.

449 2733 516 2770 κλίνειν.
531 2731 573 2782 Igu.
585 2729 634 2781 Eph.
646 2738 663 2779 7.

53 2801 71 2835 4.
101 2790 111 2837 ἡ
126 2790 183 2839 ἀγάπη
201 2793 236 2826 τῶν
253 2789 347 2834 ἐκκλησιῶν
362 2790 396 2824 τιῦν
421 2787 523 2824 Ἐκκόπτειν.
552 2785 582 2831 τὴν
600 2786 643 2834 πρὸς
659 2783 721 2833 Κύριον
739 2787 791 2824 αὐτοῦ

52 2843 148 2891 δεξαμένων
161 2859 187 2890 με.
209 2855 226 2892 9.
258 2842 338 2889 ἐκκλησία
352 2844 396 2878 θεοῦ

449 2840 526 2887 σπουδὴν
535 2839 605 2888 ἐκκόψῃ.
621 2838 678 2876 Mart.
689 2838 732 2890 Ign.
745 2853 763 2888 4.

52 2899 126 2946 Πατρός,
142 2895 394 2946 Philad.1nscr.efiSmyrn.
422 2895 529 2940 Ἐκλάμπειν,
558 2893 640 2942 Μεγάλης
649 2893 667 2929 δέ
677 2894 792 2944 ἐκλαμψάσης

52 2949 113 2989 Inser.
147 2953 175 2989 ἐπὶ
191 2952 222 2999 τὴν
238 2953 308 2997 ἑνότητα
324 2952 354 2997 τῆς
369 2950 396 2985 ἐκ-

449 2950 521 2997 φλογός.
537 2944 594 2985 Μονί.
606 2946 670 2997 Polyc.
684 2957 713 2997 15.

52 3006 130 3052 κλησίας.
152 3018 169 3054 3.
200 3009 235 3044 τοῖς
251 3005 355 3042 ἀποστόλοις
374 3004 396 3040 ὣς
422 3002 538 3051 Ἐκλέγεσθαι.
576 3000 638 3048 ταύτην
661 3003 759 3041 ἐκλέλεκται
781 3008 791 3041 ὁ

51 3058 172 3109 πρεσβυτεμίῳ
191 3059 286 3105 ἐκκλησίας.
307 3066 324 3105 5.
354 3056 396 3105 θῦμα

449 3058 496 3095 θεός.
513 3054 638 3105 Oleln.143.
667 3057 723 3097 Οὗτος
736 3060 746 3095 ὁ
760 3074 791 3106 μα·
814 3072 815 3076 ’
