1931 3420
815 230 859 275 123

335 231 374 275 ΕΤ
390 231 619 277 FORMULARUM.

91 339 228 392 ’Υπερτίόεσθαπ
260 344 365 393 Ὑπέρθεσθε
384 346 414 384 οὖν
431 347 461 394 τήν
515 347 609 394 δεξάμενοι,
625 345 791 398 Ign.Smym.1o.
846 361 848 364 ’

119 397 172 444 κακήν
181 396 237 446 ζὺμην.
251 397 294 450 Ign.
304 398 371 451 Magn.
382 412 411 440 10.
487 401 582 441 Ὑπόθεσις.
613 405 648 438 τῶν
661 403 752 451 λυπηρῶν,
761 432 764 441 .
773 429 777 439 .
786 401 856 439 πόντων

5 455 12 468 λ’
55 460 57 464 ”
90 451 182 503 Ὑπερῷαν.
212 453 286 504 έκρνήεν
301 456 325 493 είς
341 456 362 492 τὸ
378 455 459 507 ὑπερῷον.
513 457 595 495 ὑπόθεσις
608 455 853 504 καὶὺληήπῦνιίσπαατῶν.

119 504 249 548 olem.112.
272 509 290 546 ἐν
305 508 383 561 ὑπερῴῳ.
401 509 458 550 Mart.
513 509 574 550 Olem.
586 510 664 562 Fragm.
674 509 699 550 iv.

109 560 184 613 Ῥολγα.
196 569 213 611 7.
485 566 599 605 Ὕπακεῖσόαι.
618 565 696 617 τοσοὺτιρ
708 567 775 614 μᾶλλον
785 565 854 603 ὑποκεί-

89 615 176 665 Ὑπέχειν.
194 618 278 666 ὑπομονῆς
286 619 370 667 βραβεῖον
377 619 457 668 ὑπέσχεν.
511 621 554 669 μεθο
563 620 639 671 κινδύνῳ.
646 624 647 628 ’
654 619 713 659 Glem.
724 619 735 658 Ι
745 632 775 668 41.

102 669 227 720 ¹Glem.I5.
251 673 403 720 τήν...ταῦ’1οὑδο
416 675 457 714 ὑπό·
484 675 588 725 ιΥπόκρισις.
607 675 852 725 τοῖςμεθ’ὑπακρίσεωςβαυ-

118 741 179 775 σχοιεν
187 727 273 777 τιμωρίαν.
288 726 346 768 Μονὺ.
358 727 421 781 Polyc.
432 730 449 769 6.
510 730 588 779 λαμένοις
615 729 686 780 εἰρήνην.
710 728 769 769 Glem.
788 728 799 767 I
820 737 850 778 15.

89 780 178 828 Ὑπήκαας.
206 782 224 819 ε’ν
237 785 260 833 τῷ
276 783 326 821 αὑτὸν
340 783 414 831 ὑπήκοον
427 800 456 835 γε.
511 784 599 823 ἐπακούειν
611 786 653 823 κατὰ
665 785 745 833 μηδεμίαν
755 786 851 834 ὑπόκρισιν.

116 836 177 873 νέσθαι
185 839 221 876 ταῖς
230 837 293 887 ῥήμασι
299 842 330 875 τοῦ
338 842 388 876 θεοῦ.
396 838 455 878 Olem.
511 839 552 892 Igu.
564 839 630 891 Magn.
642 852 660 890 3.
688 844 722 878 τῶν
732 841 751 877 ἐν
761 839 852 889 ὑποκρίσει

116 889 129 928 Ι
139 902 169 930 Ῑο.
197 892 279 941 ὑπηκόους
292 896 328 932 ταῖς
344 895 457 945 ἇγιαπρεπέσι
510 897 599 944 φερόντων
617 896 637 932 τό
656 896 708 943 όναμο
727 898 758 932 ταῦ
780 894 850 944 Καρίαν.

115 947 175 996 λόγοις
188 947 245 985 αὑτοῦ.
259 959 287 997 Ι3.
316 950 400 996 ὑπηκόους
413 950 456 998 ἡμᾶς
509 949 572 1001 Polyc.
584 948 634 988 Phil.
645 951 662 989 6.

115 1003 184 1048 μᾶλλον
192 1002 271 1052 γενέσθαι
279 1006 302 1054 τῷ
312 1007 351 1055 θεῷ
363 1016 392 1051 14.

87 1054 187 1105 Ὑπηρεσία.
215 1058 242 1095 διὰ
255 1059 284 1105 τῆς
297 1058 392 1108 ὑπηρεσίας
404 1061 456 1097 αὑτοῦ

114 1110 179 1160 ἔκρινεν
191 1113 201 1148 ὑ
214 1113 256 1151 θεὸς
267 1113 309 1150 λαὸν
321 1114 379 1152 αὑτοῦ.
394 1113 453 1154 Glem.

0 1188 7 1210 ,η
30 1201 31 1204 ,
115 1163 173 1214 ΙῙ7.’

86 1219 191 1270 ‘mptum
219 1222 237 1258 έν
251 1223 298 1273 λόγῳ
314 1226 360 1260 θεοῦ
377 1224 456 1274 ὑπηρετεῖ

1 1285 6 1300 ν
113 1290 148 1322 μοι.
165 1273 207 1327 Igu.
218 1274 290 1315 Philad.
301 1289 332 1316 11.

86 1329 185 1380 Ὑπηρέτης.
214 1330 302 1379 ἐκκλησίας
311 1335 356 1370 θεοῦ
369 1334 453 1383 ὑπηρέται.

114 1382 160 1437 Ign.
171 1383 227 1424 Trall.
239 1399 256 1425 2.
284 1388 307 1425 ὡς
316 1391 361 1425 θεοῦ
372 1389 455 1436 οἰκονόμοι

116 1441 183 1479 ...καί
191 1441 276 1491 ὑπηρέται.
292 1440 356 1493 Polyc.
368 1443 385 1480 6.

84 1493 223 1544 Ὑπισχνεῖσθαι.
251 1497 304 1535 καθὼς
316 1497 404 1546 ὑπέσχετο
415 1498 454 1547 ἡμῖν

113 1549 178 1599 ἐγεῖραι
187 1550 235 1598 ῆμᾶς.
250 1550 312 1602 Polyc.
324 1551 373 1591 Phil.
385 1561 402 1602 5.

84 1603 205 1649 Ὑποβόλλειν.
236 1606 320 1651 Ὑπέβαλε
342 1610 385 1658 γοῦν
402 1608 453 1656 Νική-

111 1674 149 1706 την.
164 1658 221 1700 Mart.
237 1660 301 1712 Polye.
313 1670 343 1712 17.
374 1663 451 1708 ὑποβολ·

111 1715 179 1752 λόντων
193 1716 220 1753 καὶ
236 1717 348 1766 ε’νιαχνόντιαν
363 1721 397 1754 τῶν
410 1718 453 1755 Ἰαυ-

1 1757 5 1766 R
61 1773 62 1776 ’
112 1768 169 1807 δαίων.
184 1768 209 1808 ib.

82 1823 209 1874 Ὑπαγραμμός.
237 1827 345 1875 ὑπομονῆς..
355 1856 360 1865 .
370 1829 451 1878 μέγιστος

111 1880 232 1929 ὑπογραμμός.
244 1880 301 1920 Olem.
317 1882 328 1920 I
343 1891 362 1931 5.
398 1884 423 1921 τίς
441 1885 451 1919 ὁ

110 1935 222 1983 ὑπογραμμὺς
236 1939 245 1973 ὑ
259 1937 347 1984 δεδομένος
361 1936 404 1983 ἡμῖν.
420 1937 449 1976 16.

105 1988 191 2039 Ἔχοντες
204 1990 234 2028 οὑν
247 1994 305 2029 τοῦτον
317 1993 348 2029 τόν
362 1992 449 2042 ὑπογραμ»

109 2048 149 2092 μόν.
165 2055 196 2092 33.
236 2049 294 2083 τοῦτον
302 2076 306 2086 .
314 2077 318 2086 .
327 2048 451 2096 ,ὑπογραμμὸν

110 2100 160 2147 ἔθηκε
169 2099 190 2136 δι’
197 2101 262 2138 ἑαυτοῦ.
277 2100 341 2153 Polyc.
352 2100 401 2141 Phil.
413 2104 430 2141 8.

81 2153 170 2202 ’Υπαδεής
189 2156 209 2192 τὸ
218 2156 286 2195 ὑποδεές
294 2157 321 2194 διὰ
330 2159 361 2204 τῆς
370 2157 449 2205 ὑπακοῆς.

109 2208 171 2250 Olem.
182 2208 193 2247 Ι
205 2222 234 2261 19.
260 2212 355 2261 Εὑεργεσία
363 2214 398 2251 ταῖς
407 2214 449 2251 ὑπα-

109 2265 212 2316 δεεστέραις.
227 2266 267 2318 Ign.
278 2265 356 2318 Fl'agm.
366 2265 391 2305 iv.

80 2319 190 2370 Ὑπόδειγμο.
219 2320 245 2359 ίνα
263 2325 295 2359 τῶν
312 2322 389 2372 ἀρχαίων
407 2323 447 2360 ὑπα-

70 2389 72 2391 ’
108 2375 204 2425 δειγμοίτων
215 2377 324 2424 παυσόμεθα.
340 2376 419 2415 olem]
429 2385 446 2425 5.

107 2429 130 2466 τὰ
140 2433 207 2477 γενναῖα
218 2432 337 2480 ὑποδείγματα.
353 2430 378 2470 ib.
407 2432 448 2469 ὑπό-

107 2484 169 2534 δειγμα
178 2486 270 2523 καλλίσταν
278 2487 362 2536 ἐγένοντο.
374 2486 391 2523 6.
410 2493 446 2522 Ται-

106 2537 163 2578 οὑταις
177 2540 206 2576 οὑν
220 2541 332 2590 ὑπαδείγμααι
346 2541 447 2588 καλληόῆναι

106 2595 135 2631 καί
153 2595 196 2643 ἡμᾶς
214 2597 244 2633 δεῖ.
262 2596 292 2643 46.
332 2596 447 2645 ὑποδείγματα

106 2648 166 2687 ε’θνῶν.
178 2658 209 2698 55.
232 2650 300 2700 ταιαὺπιρ
309 2649 396 2699 ἐχρήσατο
405 2651 446 2688 ὑπα-

106 2703 189 2753 δείγματι.
204 2703 246 2756 Ign.
256 2704 331 2756 Fragm.
343 2703 356 2742 i.

77 2756 210 2798 Ὕπαδεικνὺναι.
229 2761 260 2809 οὑχ
272 2758 406 2798 ὑπαδεικνὺαιιαα
417 2760 445 2795 αὑ-

105 2816 143 2852 τοῖς
157 2815 234 2853 ἒκείναυς.
250 2814 308 2854 Olem
320 2814 332 2853 Ῑ
344 2826 374 2851 12.
402 2814 444 2851 ὑπα-

105 2868 207 2916 δειχθέντων
228 2872 252 2920 τῷ
278 2871 320 2921 ἁγίιρ
349 2871 443 2906 Πατιόλαιν.

105 2920 163 2962 Μαιὺ.
179 2922 223 2974 Igu.
238 2932 255 2972 5.
286 2925 354 2963 ἐκείνοις
370 2923 388 2960 δὲ
404 2924 444 2960 ὑπε-

104 2977 181 3015 δείκνντα
199 2979 232 3016 ὑπὺ
250 2981 280 3016 τοῦ
298 2980 368 3029 Κυρίου.
386 2977 442 3016 Mart.

104 3030 169 3083 Polyc.
181 3045 197 3071 2.

75 3085 206 3135 ’Υποδέχεσθαμ
234 3089 288 3126 καλῦς
298 3087 390 3136 ἐποιήσατε
401 3087 443 3126 ὑπο-

481 1004 574 1043 Ὑπαλὺειν.
594 1007 672 1054 ἔπειρᾶτα
683 1006 710 1043 καί
720 1004 800 1044 ὑπαλὺειν
809 1004 849 1042 ἑαν-

508 1062 543 1098 τόν,
557 1059 616 1099 Mart.
628 1059 691 1112 Polyc*
702 1072 731 1110 13.

481 1114 583 1163 Ὕπαμένειν,
603 1116 625 1153 τὰ
635 1116 752 1163 ε’ταιμαζόμενιι
760 1117 795 1153 ταῖς
803 1114 847 1152 ὑπα-

508 1169 588 1217 μένουσιν
592 1186 598 1214 ,-
613 1168 672 1209 Olem.
684 1171 736 1219 135.
761 1169 849 1219 εὑρεθῆναι

508 1226 526 1262 έν
543 1228 568 1275 τῷ
592 1225 657 1277 ἀριθμῷ
676 1229 710 1263 τῶν
732 1226 849 1272 ὑπομενόντων

507 1280 561 1317 αὑτόν.
577 1279 603 1319 ἰί).
632 1283 654 1317 Οί
669 1281 688 1317 δὲ
703 1280 813 1328 ὑπομένοντες
829 1279 848 1316 ε’ν

507 1334 615 1383 πεποιθήσει.
631 1343 662 1384 45.
704 1334 738 1371 ὅσα
759 1333 848 1382 ὑπέμεινεν

507 1389 574 1436 Ἰησοῦς
582 1391 658 1439 Χριστὸς
666 1390 730 1428 παθεῖν.
744 1388 767 1427 ΙΙ
779 1400 794 1427 Ι.
815 1388 847 1425 ε’λ-

507 1442 589 1483 πίσαντες
609 1445 729 1492 ὑπομείνωμεν.
746 1456 774 1483 11.
794 1439 848 1481 1ὑπα-

506 1497 585 1544 μέναντες
600 1499 630 1547 τήν
647 1502 705 1538 πᾶσαν
722 1498 799 1549 ἐπήρειαν
815 1501 847 1535 τοῦ

506 1552 590 1602 ίίρχοντας
603 1556 634 1591 ταῦ
649 1555 709 1593 αίῶνας
721 1553 786 1591 ταὺταυ.
800 1551 845 1603 Ign.

506 1606 572 1659 Magn.
585 1621 603 1646 1.
632 1608 740 1657 ὑπομένομεν,
755 1607 781 1646 ἵνα
796 1608 846 1657 εὑρε-

506 1663 561 1710 θῶμεν
569 1664 649 1711 μαθηταί.
664 1676 682 1713 9.
710 1664 734 1702 είς
743 1664 763 1701 τὸ
776 1677 846 1711 συμπα-

506 1718 540 1755 θεῖν
548 1720 601 1769 αὐτῷ,
610 1719 665 1756 πάντα
674 1718 754 1765 ὑπομένω.
767 1715 844 1768 Smyrn.

506 1785 523 1820 4.
550 1773 620 1819 όμείβοι
630 1774 668 1820 ὑμῖν
677 1775 724 1817 θεός,
734 1773 754 1810 δι’
762 1772 780 1809 ὃν
789 1773 846 1810 πάντα

504 1827 621 1875 ὑπομένοντες.
632 1839 649 1877 9.
674 1827 727 1865 ἕνεκεν
736 1830 780 1865 θεοῦ
788 1827 845 1865 πάντα

504 1883 593 1929 ὑπομένειν
607 1882 650 1929 ἡμᾶς
666 1884 697 1927 δεῖ,
711 1881 737 1920 ’ίνα
751 1883 778 1919 καὶ
793 1882 846 1920 αὑτὸς

504 1937 545 1985 ἡμᾶς
554 1938 642 1985 ὑπομείνῃ.
655 1937 718 1989 Polyo.
727 1949 744 1986 3.
763 1938 793 1974 τὸν
801 1937 845 1974 κατὰ

503 1993 557 2029 πάντα
568 1994 633 2042 τρόπον
642 1993 662 2030 δι’
672 1992 714 2041 ἡμᾶς
726 1990 844 2040 ὑπομείναντα.

503 2045 528 2085 ib.
557 2045 577 2086 ὑς
591 2048 678 2095 ὑπέμεινεν
689 2047 732 2096 ὑπὲρ
743 2052 776 2085 τῶν
789 2050 845 2095 ἀμαρ-

504 2106 549 2140 τιῦν.
565 2101 631 2153 Polye.
645 2101 693 2140 Phil.
707 2114 723 2140 Ι.
761 2102 806 2139 ἀλλὰ
823 2100 844 2138 δι’

503 2157 545 2204 ἡμᾶς
554 2187 558 2195 .
568 2188 572 2196 .
582 2158 648 2195 ,πάντα
657 2157 740 2205 ὑπέμεινε,
751 2158 768 2195 8.
792 2157 843 2206 διωγ-

503 2213 534 2259 μὸν
543 2212 632 2260 ὑπομένειν
642 2211 768 2259 ἀπειλήσαντος.
782 2209 842 2249 Mart.

503 2265 544 2317 Igu.
562 2279 579 2304 2.
616 2267 687 2313 μάστιξι
708 2267 739 2313 μέν
760 2265 842 2311 καταξαν-

502 2321 581 2360 θέντες..
592 2321 695 2368 ,ὑπέμειναν
709 2319 764 2359 Mal&¹
775 2319 840 2370 Polyc.

503 2388 519 2414 2.
548 2377 570 2413 τὰ
582 2374 675 2424 ιηραὺμενα
685 2378 720 2413 τοῖς
732 2373 842 2423 ὑπομείνασιν

501 2430 562 2479 ἀγαθά.
577 2429 603 2468 ib.
630 2430 719 2477 ὑπέμειναν
728 2430 780 2468 δεινὰς
789 2431 841 2466 καλά-

501 2500 542 2523 σεις.
556 2483 582 2524 ib.
606 2485 658 2533 ὁγὰρ
667 2483 707 2522 δαός
714 2499 742 2531 μαι
752 2485 840 2532 ὑπομεῖναι

500 2540 568 2587 τὺπὺρ.
587 2551 617 2588 13.

473 2593 619 2641 Ὓπομιμνήσκειν.
656 2594 724 2631 ἐονταὺς
746 2593 838 2641 ὑπομιμνή-

499 2664 574 2687 σκοντες.
590 2647 650 2686 olem,
660 2648 671 2685 I
682 2656 698 2697 7.

472 2702 559 2750 ’Υπαμανῆ
576 2705 661 2750 ὑπομονῆς
667 2704 749 2752 βραβεῖον
755 2703 836 2751 ὑπέσχεν.

499 2756 557 2795 Olem.
574 2758 585 2795 I
600 2765 618 2805 5.
656 2759 739 2804 ὑπομονῆς
755 2758 838 2807 μέγιστος

498 2813 613 2861 ὖποιννννός·
628 2810 653 2850 ib.
682 2811 715 2862 ὑίν
727 2813 774 2860 πάσα
784 2813 837 2861 ὑνκιῖ

500 2867 607 2915 ...εἰρήνην
627 2866 716 2914 ὑπομονήν.
733 2868 763 2915 58.
813 2869 838 2907 εἷς

497 2925 567 2969 μίμησιν
582 2924 612 2968 τῆς
630 2921 692 2958 ἐκείνου
705 2951 720 2959 ..
731 2951 735 2959 .
745 2923 836 2970 ὑπομονῆς.

498 2975 575 3026 Fragm.
591 2975 610 3014 ίί.
640 2976 763 3024 ὑπολειφθῆναι
771 2978 836 3022 πίστει,

498 3062 513 3069 ..
523 3032 617 3078 ,ὑπαμανή
631 3028 674 3081 Igu.
681 3029 729 3082 Eph.
738 3045 755 3082 3,
774 3034 836 3070 διάνοι-

497 3101 534 3126 αν..
543 3116 547 3126 .
560 3086 657 3122 τίδνίκαιτον
663 3086 681 3123 ἐν
687 3087 767 3136 ὑπομονῇ.
777 3086 836 3126 Τίδιλλ.
