1958 3490
273 193 275 196 Ι
305 228 347 271 AD
362 227 556 281 CORINTHIOS,
566 227 638 270 xxxix.
779 228 820 271 141

123 344 167 396 sed
186 344 218 395 ab
236 342 312 393 altero
331 344 389 394 ferri
407 344 543 410 permittat.
578 342 635 404 Qui
648 360 720 393 carne
740 351 822 394 castus

123 430 168 482 est,
180 441 212 473 ne
222 421 358 480 insolescat,
370 439 447 489 quum
458 421 520 472 sciat
530 420 605 471 alium
623 438 677 470 esse
692 421 736 487 qui
747 421 823 471 conti·
834 430 885 463 mor.
893 430 911 463 iv
918 437 933 471 7·

123 502 222 553 nentiae
234 501 325 551 donum
337 500 385 567 ipsi
395 500 498 551 tribuat.
531 499 727 558 Consideremus,
738 499 823 567 igitur,

123 581 218 639 fratres,
230 598 262 630 ex
277 598 326 647 qua
342 580 445 630 materia
461 578 520 630 facti
536 579 619 638 simus,
635 578 679 646 qui
696 584 723 628 et
739 577 824 645 quales

122 658 244 710 mundum
260 658 364 726 ingressi
381 651 457 710 simus
470 665 589 726 tanquam
603 676 635 708 ex
650 654 780 726 'sepulchro
798 662 824 706 et

122 737 246 789 tenebris:
273 737 316 805 qui
338 756 383 789 nos
402 737 461 788 fecit
483 743 509 788 et
531 736 646 797 condidit,
670 735 928 805 praeparatisrs.oxxxrx

122 816 191 884 prius
216 815 350 867 benefactis
375 816 426 867 suis
451 822 584 883 antequam
608 833 770 875 nasceremur,
796 804 858 864 in¹⁵'

122 894 244 945 mundum
267 912 339 945 suum
361 894 506 946 introduxit.
549 894 619 944 Haec
640 894 720 961 igitur
742 894 824 944 omnia

122 992 200 1040 quum
212 974 243 1024 ab
255 991 283 1024 eo
291 974 430 1034 habeamus,
437 974 464 1024 in
476 974 587 1047 omnibus
598 973 692 1041 gratias
703 972 739 1023 iffi
750 991 822 1040 agere
830 988 842 1057 ὲ
848 978 906 1056 ffers·

123 1052 247 1112 debemus,
270 1052 310 1103 cui
332 1052 365 1103 sit
387 1052 465 1120 gloria
486 1052 513 1102 in
538 1051 634 1103 saecula
662 1052 821 1103 saeculorum
872 1047 876 1056 '

122 1132 209 1181 Amen.

156 1209 279 1261 XXXIX.
308 1209 427 1261 Homines
455 1210 630 1278 imprudentes,
665 1210 821 1277 desipientes,

121 1288 186 1338 fatui
197 1293 223 1338 et
234 1289 347 1356 imperiti,
359 1289 419 1340 dum
436 1308 488 1340 sese
505 1289 694 1357 cogitationibus
711 1290 762 1340 suis
780 1298 829 1340 ex-‘

121 1366 207 1416 tollere
216 1367 326 1434 cupiunt,
335 1387 379 1419 nos
387 1368 492 1420 ludibrio
503 1361 601 1427 habent,
611 1374 637 1418 et
647 1386 708 1419 naso
720 1387 821 1436 suspen-

121 1443 191 1494 dunt.
227 1444 293 1506 Quid
305 1445 369 1495 enim
380 1451 464 1513 potest
474 1445 589 1505 mortalis,
601 1451 648 1495 aut
659 1445 732 1512 quade
746 1446 821 1497 robur

121 1541 153 1572 ex
162 1529 227 1572 terra
237 1523 333 1589 geniti?
345 1524 464 1591 scriptum
472 1524 537 1574 enim
549 1530 593 1583 est,
601 1524 633 1574 N
630 1542 662 1574 ou
671 1533 725 1574 erat
729 1524 819 1591 flpara
828 1537 863 1570 Job
870 1537 887 1570 u
896 1536 917 1570 16

121 1609 178 1650 aute
195 1602 275 1652 oculos
291 1620 362 1661 mem,
379 1602 422 1653 sed
440 1620 532 1653 auram
547 1611 568 1652 et
585 1617 667 1653 uocem
684 1603 820 1654 audiebam
827 1582 877 1614 “¹8'

120 1678 257 1730 diceutem:
289 1680 357 1741 auia
381 1679 472 1731 eiiim?
501 1680 617 1747 uauqaid
639 1682 711 1732 bomo
734 1701 820 1733 coram

119 1756 229 1807 Demiuo
241 1757 349 1808 muudus
361 1758 413 1817 erit,
422 1759 460 1808 uei
471 1758 502 1809 de
514 1758 630 1826 operibus
641 1759 695 1810 suis
706 1759 819 1827 iueuipa-

48 1855 50 1857 ’
120 1832 177 1884 bilis
194 1834 255 1885 aiu?
280 1834 312 1886 Si
331 1845 418 1886 coatia
440 1854 521 1886 seruos
543 1854 600 1887 suos
622 1855 672 1887 uca
693 1838 779 1897 credit,
798 1848 820 1889 et

119 1911 238 1962 aduersus
255 1913 362 1978 Aupeios
380 1932 436 1965 suos
453 1933 564 1981 prauum
584 1914 647 1982 quid
667 1915 781 1976 aduertit,
798 1926 820 1967 et

118 1991 211 2041 coelam
219 2009 269 2041 acu
277 2001 310 2042 est
316 1993 441 2057 ¹muudum
449 2012 535 2044 cauam
542 2012 575 2054 eo,
581 2000 672 2062 quauta
682 1995 767 2046 suiuus
776 1995 820 2063 qai
827 2006 840 2040 J
841 2006 862 2039 ob
868 2016 891 2039 xv
900 2014 926 2048 ¹5·

118 2123 135 2156 et
144 2129 206 2156 aecem
215 2117 302 2169 audiam.
323 2118 401 2170 Vulgat.
414 2119 454 2159 Ste—
481 2120 634 2172 gaauaeqa·
646 2120 734 2161 semiuut
748 2121 765 2162 ei
778 2136 819 2162 aaa

118 2171 142 2211 tit
150 2172 232 2222 quidam
245 2173 301 2224 eujus
313 2187 354 2213 ima
367 2187 454 2225 apamee-
481 2182 527 2214 suut
535 2174 615 2224 stabiles,
624 2182 642 2215 et
651 2176 674 2215 ia
682 2175 765 2227 Auqeiie
777 2178 820 2217 sais

119 2227 163 2265 bam
172 2227 252 2277 uuitmu,
262 2228 326 2279 imapo
338 2242 402 2268 ceram
411 2243 454 2268 eea-
481 2227 551 2281 reperit
556 2230 680 2281 paucitatem.
704 2231 773 2271 Versio
783 2233 819 2284 Sy-

119 2281 144 2320 lis
157 2282 209 2331 meis,
219 2289 236 2322 et
249 2296 311 2322 uocem
323 2285 380 2335 quasi
393 2298 454 2324 aurae
480 2285 536 2333 ricae,
549 2285 710 2337 Quandoquidem
722 2287 746 2326 e'a
759 2288 819 2327 seruis

119 2336 251 2377 ieaisaadioi.
273 2338 375 2379 Versiones
385 2338 426 2391 Syr.
435 2344 455 2379 et
481 2339 523 2391 sais
538 2341 687 2390 emereamur
702 2341 819 2393 uanaque

118 2390 177 2431 Arab.
192 2406 252 2445 prope
265 2393 357 2433 accedunt
371 2394 453 2434 alma
481 2395 523 2434 suis
532 2401 701 2447 pauetstupeuem.
730 2397 818 2448 Symma-

120 2445 179 2486 LXX.
200 2446 325 2499 Symmachus
333 2448 386 2501 prius
395 2462 455 2489 mem·
482 2449 533 2499 chus,
544 2450 594 2500 ‘'opa,
604 2452 622 2488 ἐν
630 2452 699 2490 δούλοις
712 2452 763 2503 αὐτοῦ
777 2453 817 2497 ἀβε-

118 2501 176 2540 brum
185 2501 212 2541 sic
222 2503 288 2543 effert:
305 2505 347 2552 ἔστη
356 2520 386 2549 τις,
395 2505 416 2542 οὗ
425 2506 455 2543 οὐκ
481 2507 555 2554 fluidum,
566 2507 592 2543 καὶ
605 2506 623 2543 ἐν
631 2506 712 2556 ἀγγέλοις
725 2508 777 2544 αὐτοῦ
790 2508 816 2544 εὑ-

119 2558 204 2605 ἐγνώρισα
212 2561 232 2595 τὸ
241 2557 291 2598 εἶδος.
301 2558 381 2598 WOTT.
481 2560 531 2610 ρι’ρσει
539 2563 645 2608 μοτοιότητο.
660 2559 741 2600 WOTT.

148 2612 177 2650 16.
196 2614 250 2651 ἔναντι
268 2615 339 2664 Κυρίου]
360 2613 392 2654 Ita
406 2612 452 2653 (dod.
511 2627 539 2666 19.
559 2616 628 2665 οὐρανὸς
646 2612 752 2669 δέ-αὐτοῦ]
774 2615 816 2654 Ali-

118 2663 174 2704 Alex.
184 2668 236 2717 apud
245 2667 323 2708 Jobuna
344 2670 416 2708 ἐναντίον
424 2673 454 2708 τοῦ
482 2683 517 2709 ena
534 2669 579 2708 haec
597 2673 642 2708 sunt
657 2682 721 2721 accp.
738 2669 759 2709 iv
770 2670 816 2710 libri

118 2720 182 2768 Κυρίου
192 2720 238 2761 dod.
247 2722 291 2763 Va.
481 2725 524 2773 Job,
541 2728 561 2763 at
574 2724 685 2763 inseruntur
699 2737 729 2763 ex,
738 2738 778 2777 cap.
789 2740 816 2766 xv

147 2781 176 2823 17.
188 2777 203 2813 εἶ
211 2779 254 2815 κατὰ
260 2776 332 2832 παίδων]
342 2778 375 2818 Ita
383 2778 454 2831 legitur
483 2788 512 2828 15,
524 2778 557 2818 ubi
571 2777 652 2830 legimus
668 2778 720 2830 apud
736 2779 792 2820 LXX
806 2785 816 2819 ὁ

117 2827 169 2878 apud
183 2828 238 2870 LXX
252 2832 298 2872 Ina.
327 2832 390 2873 Aliter
403 2834 454 2885 apud
480 2836 549 2884 οὐρανὸς
558 2834 576 2870 δὲ
589 2835 609 2870 οὒ
621 2834 693 2884 καθαρὸς
702 2835 776 2874 ἐναντίον
785 2838 815 2875 αὐ-

117 2881 167 2921 Heb.
179 2883 233 2925 Text.
244 2887 293 2926 Ideee
304 2888 328 2927 iu
341 2889 400 2928 ser-uis
411 2889 454 2928 ouis
479 2892 514 2927 τοῦ.
529 2887 608 2927 WOTT.

117 2950 158 2975 acu
174 2939 239 2989 credet,
252 2948 269 2980 et
282 2943 306 2982 iu
319 2942 399 2994 Auqeiis
412 2944 453 2983 sais
505 2942 530 2982 ib.
550 2944 569 2980 ἕο
589 2939 622 2995 dt]
649 2942 741 2995 Legimus
764 2946 817 2998 apud

113 2998 172 3042 pauet
180 2992 319 3043 piericetiouem.
330 2998 453 3038 VcrsioVul-
479 2997 533 3037 LXX
549 2997 595 3037 Intt.
609 2999 649 3037 τοὺς
665 2999 684 3036 δὲ
699 3005 817 3041 κατοικοῦντας
