1975 3455
325 215 470 259 EPIS'POLA
485 214 516 266 ΙΙ,
527 214 563 257 rii.
750 212 793 254 245

99 343 197 393 rectam,
209 338 332 383 certamen
346 328 537 396 incorruptibile,
549 334 575 377 et
586 328 659 378 multi
670 327 794 395 adipsum

99 415 249 481 navigemus,
261 415 335 476 atque
347 414 473 465 certemus.
482 412 512 456 ut
523 413 549 455 et
560 423 701 455 coronemur
712 425 718 465 ;
736 411 762 455 et
773 405 795 477 si

99 513 148 544 non
164 507 294 559 possumus
311 505 393 537 omnes
408 485 521 543 coronari,
537 483 624 535 saltem
640 501 794 551 propeooro-

99 589 156 621 narn
167 569 249 620 simus.
285 565 351 617 Scire
362 583 405 615 nos
417 569 520 631 oportet,
532 562 598 630 quod
613 561 656 629 qui
673 567 795 612 certamen
827 583 829 586 ’

68 644 70 647 ’
100 644 255 714 corruptibile
275 648 359 702 certat,
373 636 401 692 ¹si
419 659 572 708 corrumpere
591 659 619 691 ao
641 658 739 708 peecare
759 640 795 690 in-

99 726 219 784 veniatur,
240 720 379 790 flagellatus
401 721 517 778 aufertur,
540 725 566 770 et
589 725 659 770 extra
687 718 796 770 stadium

99 803 232 873 projicitur.
257 800 324 863 Quid
335 799 404 850 vobis
415 799 514 849 videtur
524 802 533 850 θ.
546 798 596 861 Qui
607 798 796 889 interruptionis

100 889 221 934 certamen
238 880 378 947 corruperit,
396 878 455 946 quid
471 879 597 945 patietur?
621 878 695 929 De'‘
679 896 710 928 ns
730 878 796 928 enim

100 962 143 1029 qui
159 959 266 1061 sigillum
282 976 332 1008 non
348 958 505 1018 servaverint,
522 958 574 1018 ait;
599 957 695 1008 Vermio
710 975 795 1007 οοννννι
805 972 849 1059 ppei.
859 972 893 1006 nvi

100 1133 126 1168 καὶ
143 1131 165 1168 ὡς
179 1130 239 1177 ἔτυχεν
254 1127 376 1177 ἀγωνίσασθαι,
389 1127 434 1164 ἀλλὰ
460 1127 543 1171 βάλλεται
561 1130 591 1163 τοῦ
607 1127 675 1176 ἀγῶνος.
701 1124 792 1165 OOTEL.

100 1187 120 1223 ἂν
135 1186 157 1231 μὴ
170 1182 223 1222 οὕτως
238 1183 332 1232 δράμωμεν,
346 1182 368 1221 ὡς
384 1183 434 1230 μέχρι
460 1179 526 1219 Addua
535 1180 586 1219 inter
596 1180 633 1219 alia
643 1180 726 1232 Thucyd.
737 1194 750 1220 v
760 1190 793 1230 50.

100 1241 161 1277 τέλους
170 1237 256 1285 ἀλήπτους
264 1236 333 1274 ἑαυτοὺς
339 1239 434 1286 παρασχεῖν
460 1235 538 1275 Nullius
547 1234 648 1275 infeliciter
656 1235 704 1288 conj.
715 1237 785 1286 δέρεται,

101 1297 127 1332 καὶ
142 1293 193 1343 ἐγγὺς
207 1292 287 1339 γενέσθαι
301 1294 331 1328 τοῦ
345 1291 433 1341 βραβεῖον,
488 1305 506 1341 9,
517 1292 547 1339 τὴν
558 1287 653 1343 σφραγῖδα]
672 1290 793 1342 Baptismum

100 1349 148 1387 οὐδὲν
156 1348 194 1395 ἡμῖν
203 1348 251 1384 ἔσται
260 1345 317 1385 πλέον.
329 1343 419 1384 OOTEL.
460 1345 550 1398 intellige.
582 1345 655 1385 Locum
673 1345 724 1384 huno
742 1346 793 1398 pari-

128 1415 145 1450 4.
154 1405 185 1439 τοῦ
194 1401 289 1450 στεφάνου]
300 1400 330 1439 De
340 1399 433 1452 Martyris
460 1405 490 1439 ter
502 1400 597 1452 explicant
606 1400 734 1440 Tertullianus
748 1401 792 1440 adv.

100 1454 433 1509 speciatimhaeointelligendaesse
460 1455 518 1494 Mare.
533 1455 545 1495 l.
560 1469 578 1504 4,
594 1454 701 1507 Cyprianus
715 1457 740 1495 ad
754 1456 793 1496 De-

101 1516 165 1551 oenset
174 1509 322 1562 Hilgenfeldius.
460 1515 511 1559 met,
523 1515 542 1549 et
555 1510 684 1562 Hieronymus
699 1510 720 1549 in
734 1510 792 1550 Gom-

127 1566 152 1605 ib.
175 1567 241 1603 Εἷλέναι
258 1566 301 1613 ἡμᾶς
321 1563 354 1619 δεῖ]
380 1565 433 1604 Haeo
460 1570 518 1605 ment.
532 1565 576 1605 Vid.
586 1564 678 1617 Apuavii
688 1578 706 1616 3.
717 1565 791 1605 FELL.

100 1621 151 1673 apud
174 1620 308 1668 Golomesium,
334 1620 362 1660 Itt
345 1619 387 1672 ttig.
414 1624 433 1659 et
461 1620 488 1660 Of.
501 1620 604 1672 §qsupra
618 1622 647 1659 ἐὰν
657 1622 680 1670 μὴ
693 1621 794 1671 τηρήσωμεν

101 1677 155 1727 Frey.
164 1680 223 1746 ¹eaput
215 1679 319 1715 torturum
328 1674 426 1727 incipiunt.
460 1678 479 1713 τὸ
492 1677 607 1723 βάπτισμακ.
616 1692 631 1714 τ.
642 1679 658 1714 λ
687 1675 743 1714 Nihil
752 1676 793 1715 vul-

128 1740 145 1780 5
159 1732 188 1768 ἐὰν
199 1731 262 1780 εὑρεθῇ
276 1728 373 1793 puerpera]
380 1729 432 1782 Ago·
460 1735 492 1782 ga
493 1743 522 1769 rus
536 1730 588 1782 apud
598 1734 672 1770 veteres
689 1743 748 1782 quam
766 1731 794 1771 ita

101 1799 134 1825 nes
147 1785 184 1824 diis
197 1784 260 1833 saeri;
275 1784 433 1836 proindeimpie-
460 1785 693 1837 appellariBuptismum:
707 1785 794 1825 videex-

100 1840 146 1880 tatis
161 1853 222 1892 genus
235 1844 276 1879 erat
292 1843 359 1879 eontra
372 1840 433 1880 solen
460 1840 795 1892 amplaquamplurimainThesauro

101 1908 176 1934 morum
185 1895 236 1947 leges
246 1894 359 1947 delinquere
388 1894 431 1934 Vid.
461 1895 539 1945 Suioeri,
547 1908 594 1935 voce
603 1897 684 1946 Σφραγις
703 1895 752 1936 Ideo
761 1910 794 1935 au

101 1950 146 1989 Fab.
157 1949 276 2001 Agonist.'1u
287 1958 316 2000 17
332 1949 405 1990 FELL
460 1954 500 1990 tem
518 1950 639 2014 Baptismum
660 1950 688 1990 ita
707 1951 795 1991 nomina-

129 2006 145 2044 6.
153 2002 349 2098 μσστιρωθεὶςαῖρετσι,]
359 2004 434 2045 Iterum
460 2006 512 2050 bant,
526 2005 571 2057 quia
585 2006 680 2045 Dominus
693 2005 727 2046 illo
740 2006 795 2058 quasi

101 2073 142 2099 mos
158 2059 274 2111 agonisticus
288 2059 396 2111 flagellandi
412 2074 434 2099 ao
461 2060 526 2100 nota'
521 2074 618 2113 rmpressa,
633 2060 669 2100 sibi
687 2061 795 2113 baptizatos

101 2114 188 2166 ejiciendi
210 2114 297 2164 athletas,
316 2114 349 2166 qui
368 2120 434 2155 eontra
460 2115 581 2165 vindieat‚’
567 2132 590 2156 εις
608 2116 711 2167 συντήρησιν
723 2132 750 2154 κσι
765 2121 796 2166 τῆς

101 2169 227 2209 certaminum
242 2170 290 2209 scita
303 2175 409 2222 peccarent,
423 2184 435 2209 a
462 2173 560 2210 δεσποτείας
569 2172 666 2219 σημείωσιν,
675 2175 698 2210 ut
709 2171 796 2224 loquitur

101 2225 167 2264 multis
185 2224 274 2276 antiquis,
291 2225 434 2274 recentioribus,
462 2225 566 2277 Gregorius
584 2225 722 2276 Nazianzenus,
740 2227 794 2267 Orat.

101 2293 236 2331 saepenumero
254 2284 383 2329 memoratus3
406 2281 435 2320 in-
462 2281 487 2321 xl.
502 2280 578 2320 FREY.
615 2281 713 2321 Barnabae
731 2282 793 2333 Epist.

101 2335 182 2387 signiter
195 2348 241 2374 vero
257 2334 308 2374 inter
324 2334 409 2387 Paganos
423 2349 434 2374 a
462 2337 471 2388 ξ
483 2350 500 2387 9,
509 2337 642 2386 reprimentia
653 2339 695 2375 λαὸς
704 2338 728 2375 εἰς
737 2340 795 2386 σφρα-

102 2390 185 2428 Luoiano
199 2389 220 2428 in
230 2389 332 2439 Pisatore,
342 2395 386 2442 post
395 2404 434 2429 me·
460 2393 503 2441 γῖλσ.
517 2391 544 2430 Of.
550 2389 671 2443 Sehoettgen.
680 2390 728 2430 Hor.
733 2391 793 2430 Hebr.

102 2445 167 2493 dium;
182 2442 200 2498 [§
211 2442 245 2499 34]
256 2443 339 2484 Arriano
348 2445 369 2484 in
378 2444 434 2497 Epio·
461 2450 480 2485 et
498 2445 583 2484 Talmud.
607 2445 627 2484 in
647 2445 702 2484 Rom.
722 2446 742 2485 iv
763 2458 792 2485 11.

101 2504 148 2548 teto,
157 2500 190 2539 lib.
196 2499 218 2538 iii
227 2513 243 2539 o.
252 2512 276 2538 νο
284 2513 290 2548 3
304 2499 367 2540 Dione
374 2500 434 2552 (lhry-
462 2501 549 2549 Hermas,
559 2499 608 2539 Past.
617 2500 652 2538 ΙΙΙ
661 2500 682 2538 ix
692 2501 722 2549 16,
730 2500 795 2540 ‘Illud

102 2559 191 2603 sostomo,
211 2555 303 2594 Oratione
322 2568 363 2605 34:
385 2555 435 2595 inter
462 2559 540 2595 ‘autem
557 2554 642 2606 sigillum
657 2568 706 2606 aqua
722 2560 756 2604 est,
773 2556 794 2594 in

102 2609 221 2649 Christianos
231 2610 254 2648 ab
262 2609 434 2662 Origene‚Hom.3
463 2613 534 2662 ‘quam
562 2609 678 2649 descendunt
707 2609 795 2650 homines

102 2664 122 2702 in
131 2664 144 2702 J
145 2664 249 2712 eremiam3
259 2665 373 2716 Epiphanio,
384 2666 434 2705 Hae·
462 2665 533 2704 ‘morti
543 2664 626 2716 obligati,
637 2664 741 2705 ascendunt
748 2679 795 2704 vero

102 2719 139 2759 resi
150 2733 181 2769 91,
191 2733 230 2771 cap.
241 2720 313 2771 penult.
328 2718 385 2774 [Opp.
396 2721 403 2759 i
415 2734 433 2772 p.
462 2720 526 2760 ‘vitae
535 2718 637 2770 assignati!
648 2718 672 2758 ib.
685 2732 715 2769 31.
739 2720 796 2760 Locis

103 2783 140 2822 511
165 2775 194 2814 ed.
215 2774 291 2824 Petau]
312 2780 331 2815 et
350 2775 435 2824 Sidonio,
462 2773 794 2815 asnioeroindioarisaddasulem.

102 2828 134 2868 lib.
142 2829 156 2867 ii
166 2829 227 2881 Epist.
240 2843 256 2868 2.
273 2829 339 2882 prrii
347 2830 436 2882 Episcopi
462 2829 516 2868 Alex.
546 2829 594 2876 Quis
609 2828 668 2867 Dives
685 2829 795 2870 Βιθυνιαν-θ

102 2883 154 2923 loeus
173 2898 216 2923 oum
235 2884 317 2924 Romani
339 2885 437 2926 Pontifiois
464 2885 473 2935 ξ
489 2897 520 2935 39,
534 2896 553 2935 p.
568 2892 605 2933 957
621 2883 649 2922 ed.
666 2883 740 2925 Potter.
753 2888 797 2934 μετὰ

102 2939 158 2979 valde
167 2938 255 2991 congruit
264 2954 267 2978 :
277 2943 395 2990 παραφθείρας
403 2942 435 2991 γὰρ
462 2940 492 2987 τὴν
497 2941 585 2989 σφραγῖδα
592 2940 618 2976 καὶ
627 2941 657 2987 τὴν
663 2940 755 2990 λύτρωσιν,
763 2942 797 2982 ubl

103 2995 159 3043 ἀγῶνα
175 2998 184 3031 ὁ
200 2994 278 3041 ἀθλητής,
293 2997 392 3046 μαστιχθεὶς
411 2997 436 3033 ἐκ-
464 2993 583 3047 Baptismum
596 2993 704 3046 significut3
724 2996 796 3037 Strom.
