1975 3455
289 207 333 251 AD
348 206 543 260 CORINTHIOS,
553 207 582 250 lv.
674 262 675 265 Ἰ
744 208 787 254 199

89 331 154 384 sunt,
177 322 307 390 emigrabo,
330 322 402 373 abibo
430 339 576 389 quocunque
601 322 734 383 volueritis,
759 330 786 374 61

89 420 151 470 quae
167 391 189 451 ¹a
206 398 276 467 plebe
296 398 446 449 mandantur
464 397 568 450 faciam:
594 399 674 450 solum
693 400 786 474 01111111

87 498 149 548 grex
171 479 197 529 in
219 495 278 545 pace
301 477 377 545 degat
394 496 449 528 cum
468 477 612 548 constitutis
631 478 785 546 presbyteris.

89 557 139 619 Qui
157 557 202 607 hoc
218 556 310 616 fecerit,
324 574 439 628 magnam
457 555 503 606 sibi
519 554 629 623 gloriam
640 555 667 606 in
680 553 786 607 Domino

87 633 230 693 conciliabit,
242 640 268 684 et
280 634 359 685 omnis
376 634 442 685 loeus
459 637 515 685 eum
533 634 645 702 excipiet.
679 635 787 688 Dentiut'
796 645 825 679 Pa
833 645 874 679 xxiv
885 657 898 680 1·

88 712 154 763 euim
166 721 198 763 est
209 722 278 763 terra
290 722 312 763 ct
326 713 457 780 plenitudo
469 705 526 781 ejus.
549 715 550 718 ’
562 713 632 763 Haec
648 713 747 775 faciunt,
759 709 793 766 et*

87 791 183 851 facient,
197 791 239 858 qui
253 791 334 841 vitam
347 791 423 859 juxta
439 810 551 842 normam
568 792 627 851 Dei'
638 792 707 860 cujus
723 812 785 844 nun·

86 870 303 938 quampoeniteat,
315 871 456 922 instituunt.

120 948 172 999 LV.
196 949 235 1000 Ut
253 955 339 1000 autem
361 950 436 1000 etiam
455 949 568 1017 exempla
589 949 708 1001 Gentium
729 970 785 1019 pro·

58 1022 60 1025 ¹
85 1027 198 1088 feramus,
220 1028 294 1079 multi
317 1047 387 1097 reges
409 1035 435 1079 et
453 1029 637 1097 gubernatores,
660 1030 784 1081 saeviente

85 1113 195 1173 tempore
209 1107 333 1174 pestifero,
350 1125 426 1175 quum
444 1107 540 1157 oraculo
559 1113 642 1158 essent
658 1108 783 1168 admoniti,

85 1276 117 1325 rit,
136 1276 190 1316 *Ubi
212 1265 256 1317 s'unt
273 1277 308 1316 illa
332 1276 419 1329 exempla
446 1276 543 1324 Cicerone,
553 1276 576 1320 in
588 1275 641 1316 Orat.
656 1289 692 1329 pro
702 1276 780 1317 Milone.

85 1334 90 1353 ‘
100 1330 219 1371 Gentilium'l
229 1332 323 1384 Origenes
330 1332 382 1372 enim
390 1332 419 1371 in·
449 1329 467 1385 [§
478 1344 510 1382 93.
529 1330 641 1383 Tranquillo
649 1332 746 1384 republica
755 1332 781 1372 ei-

85 1385 143 1426 ‘nuit
160 1386 206 1426 talia
225 1387 276 1439 apud
300 1387 419 1427 Olementem
445 1400 477 1436 ves
495 1385 535 1425 mei
551 1384 652 1439 (quoniam
669 1387 717 1426 mihi
736 1401 781 1427 oum

84 1443 90 1462 ‘
99 1440 206 1481 exstitisse.’
234 1441 291 1481 Oertc
307 1442 380 1482 nodum
398 1442 419 1481 in
445 1441 482 1480 illis
491 1454 531 1480 non
540 1439 594 1495 licet)
603 1441 644 1481 sine
655 1455 686 1481 me
694 1441 736 1494 ipsi,
746 1443 780 1482 sed

83 1495 146 1547 scirpo
157 1496 243 1548 quaerit3
257 1496 354 1537 habentur
367 1497 418 1536 enim
445 1509 479 1548 per
484 1509 515 1535 me
520 1500 592 1545 tamen,
599 1496 726 1548 perfruantur.
736 1497 779 1550 Ego

83 1550 117 1589 illa
126 1551 212 1603 exempla
220 1552 284 1604 paullo
294 1552 349 1591 infra.
370 1555 417 1590 Πολ·
444 1551 510 1590 cedam
523 1554 583 1603 atque
597 1549 671 1605 abibo]
704 1552 778 1592 FELL.

83 1607 112 1643 λοὶ
120 1609 198 1650 βασιλεῖς
207 1609 234 1645 καὶ
242 1608 337 1657 ἡγούμενοι,
347 1623 363 1646 κ.
373 1624 388 1646 τ.
399 1610 416 1646 λ.
445 1606 489 1645 Huc
504 1609 594 1657 spectant
609 1619 658 1658 quae
676 1606 699 1646 (le
717 1607 780 1661 11111118

83 1660 165 1700 Worr.
180 1661 233 1700 Haec
239 1661 324 1701 facinora
330 1661 418 1702 Clemens
444 1660 508 1700 Deciis
517 1665 537 1700 61
544 1660 587 1699 aliis
595 1661 692 1701 nonnullis
700 1675 779 1701 narran-

82 1718 159 1755 tantnm
177 1716 282 1767 generatim
302 1729 417 1756 memorasse
443 1720 481 1765 tur,
490 1715 524 1755 sed
538 1714 695 1768 imprimisquae
709 1730 721 1756 a
734 1717 779 1756 Plu-

83 1774 189 1819 contentus,
200 1784 245 1810 mox
258 1771 283 1810 ad
300 1771 383 1812 certiora
394 1771 416 1811 fi·
433 1769 515 1819 tuscha,
534 1769 609 1822 opinor,
628 1771 736 1811 referuntur
754 1772 779 1821 de

83 1824 155 1863 delium
162 1826 328 1878 exemplaanimos
334 1831 416 1867 revocat.
444 1824 533 1865 Bute'et
552 1824 636 1876 Sperche
654 1826 779 1867 Lacedaemo-

83 1878 175 1919 OOUST.
443 1879 485 1929 niis,
500 1879 540 1932 qui,
555 1884 634 1932 accepto
651 1881 732 1930 oraculo,
746 1896 779 1934 pa-

112 1947 149 1974 11),Ἰ
159 1937 221 1974 πολλοὶ
236 1939 321 1980 βασιλεῖς,
337 1952 351 1975 κ.
361 1953 376 1976 τ.
387 1934 413 1990 n]
443 1934 500 1974 triam
509 1948 565 1974 suum
579 1939 633 1988 peste
646 1949 684 1988 qua
695 1936 780 1989 graviter

82 1987 153 2037 Quales
169 1989 251 2039 Oodms,
261 1990 367 2043 Lycurgus,
379 1991 417 2031 Ge·
443 1994 485 2029 tum
499 1990 625 2042 premebatur
638 1990 737 2044 liberatam
749 1992 779 2042 iri,

82 2043 148 2085 nusius
165 2043 241 2097 inpus,
255 2044 283 2085 M.
298 2045 382 2096 Curtius,
397 2051 417 2087 61
444 2045 460 2084 11
474 2045 577 2084 Persarum
591 2045 637 2097 regi,
650 2059 708 2098 quem
722 2047 779 2099 offen-

80 2096 147 2150 ¹Scipio
158 2097 308 2153 Africanusqui
321 2101 417 2154 ingratam
444 2100 517 2150 derant,
527 2113 579 2147 unus
593 2104 613 2146 61
626 2101 675 2141 ulter
687 2101 780 2149 Lacedae

81 2153 149 2193 urbem
171 2154 277 2205 relicturus⁷
300 2169 336 2208 per
359 2170 417 2208 quem
443 2155 780 2202 moniorumseinterficiendostra·¹

10 2213 12 2218 ⁴
81 2208 136 2248 stetit
154 2213 177 2249 ut
194 2209 269 2262 ingrata
287 2224 337 2256 esse
350 2211 416 2263 possit,
444 2210 515 2260 derent,
525 2210 579 2261 ultro
588 2223 628 2250 sese
641 2211 658 2250 ei
667 2211 779 2252 occidendos

82 2262 186 2304 Clementis
199 2265 260 2307 nostri
271 2266 312 2305 fere
323 2267 386 2306 verbis
400 2267 418 2307 ei
444 2265 563 2305 obtulerunt.
578 2265 644 2306 BOIS.
666 2267 696 2306 De
705 2267 749 2306 Buli
758 2272 778 2307 et

81 2317 179 2368 valedixit,
189 2320 257 2370 dicens,
268 2321 342 2370 ‘Exeo
350 2321 366 2361 si
375 2322 418 2374 plus
445 2319 539 2373 Sperthia,
549 2319 587 2371 vid.
598 2320 691 2361 Herodot.
701 2322 728 2362 vii
739 2335 777 2373 134

82 2374 352 2428 ‘quam·tibierpeffitcravi!¹
366 2377 418 2427 Quin
444 2384 516 2426 -137.
559 2407 560 2410 ,

80 2430 101 2466 et
111 2428 195 2481 Oedipus
202 2443 213 2470 a
221 2435 279 2483 poeta
287 2431 418 2472 introducitur
473 2444 501 2469 11.
513 2431 612 2480 παρέδωκαν
619 2431 687 2481 ἑαυτοὺς
696 2433 719 2470 εἷς
728 2432 777 2470 θάνα-

83 2481 417 2539 [8611111111.06111111111111
443 2487 481 2536 τον]
498 2485 565 2537 Hujus
579 2484 607 2523 rei
621 2485 708 2537 exempla
723 2486 777 2526 dabit

80 2536 147 2593 finem]
157 2538 178 2578 in
187 2541 268 2581 eundem
276 2555 352 2581 morem
358 2542 417 2587 rerba
443 2540 465 2579 B.
476 2540 547 2579 Paulus
556 2539 646 2579 adRom.
656 2539 689 2579 xvi
699 2553 717 2589 4,
726 2540 776 2581 Pris-

79 2590 163 2633 faciens:
226 2636 227 2639 Ἴ
443 2595 505 2634 cillam
514 2598 535 2634 et
544 2593 640 2646 Aquilam,
651 2594 683 2646 qui
692 2608 727 2646 pro
736 2596 776 2634 ani-

101 2673 201 2720 Quicmque
208 2677 246 2711 fassi
253 2689 323 2721 corpore
333 2681 351 2712 at
357 2679 415 2712 morbo
442 2650 522 2744 znrssnepllfs
528 2662 583 2743 68ζῖῗί
590 2648 776 2744 ῗὴἜΟθΒῇΕΠΞΡἙΠ

102 2730 203 2798 ssisriiiiina
214 2766 281 2800 trahitis
294 2778 369 2811 corpora,
382 2768 414 2808 6111
442 2733 570 2812 aphroditum,
580 2717 709 2798 animai’suai
718 2719 775 2800 111111-

123 2807 235 2851 fugio,exso;
263 2855 281 2863 ,Ι
349 2856 352 2863 Ι
441 2807 536 2862 balanum,
561 2816 734 2864 παραβολευσάμνον
754 2820 776 2865 τῇ

101 2850 183 2886 Relevata
190 2854 236 2897 eolla,
245 2857 303 2888 mitior
311 2855 354 2888 coeh
361 2858 415 2889 status

101 2894 143 2928 Post
150 2898 198 2940 terga
205 2899 286 2941 sequitur.
441 2871 496 2920 ψυχῇ.
523 2860 593 2919 [Hane
602 2867 704 2908 lectionem
709 2873 777 2922 tuetur

415 2961 417 2963 .
442 2922 576 2964 Griesbachius
589 2922 641 2974 haud
654 2928 777 2967 contemnen.

78 2973 124 3015 Tale
137 2975 194 3016 etiam
207 2977 299 3029 quiddam
311 2979 390 3025 affertur
404 2993 416 3029 e
442 2979 467 3030 da
474 2992 519 3019 sane
529 2977 623 3019 Codicum
632 2982 653 3033 61
661 2978 777 3036 Versionum
