2061 3403
241 178 269 225 70
485 178 507 221 S.
523 177 693 223 OLEMENTIS

242 305 256 329 ‘⁶
269 293 370 364 στόματι
391 297 472 352 αὑποῦ*
502 298 540 351 καὶ
563 294 647 367 Κύριος
672 294 787 360 βούλεται
808 296 934 365 καθαρίσαι

242 381 340 438 6(αὐτὸν
363 386 405 451 τῆς
428 386 533 453 πληγῆς.
571 381 629 437 Ἐὰν
652 384 713 437 δῶτε
735 382 787 452 περὶ
810 383 932 452 ἁμαρτίας,

241 470 282 537 “ἡ
304 469 372 542 ψυχὴ
396 471 463 538 ὑμῶν
482 469 566 543 ὄψεται
589 467 684 539 σπέρμα
708 466 845 539 μακρόβιον.
885 471 948 532 ΚαὶἸ

241 564 256 589 “
270 554 356 626 Κύριος
368 555 481 621 βούλεται
493 559 588 630 ἀφελεῖν
600 554 701 610 ἀπὸτοῦ
714 554 788 610 πόνον
799 558 841 623 τῆς
852 557 934 628 ψυχῆς

241 650 256 677 “
267 645 347 710 αὐτοῦ,
367 641 441 714 δεῖξαι
459 645 522 716 αὐτῷ
539 647 595 715 φῶς,
613 644 651 697 καὶ
669 640 765 697 πλῶσαι
784 644 814 714 τῇ
832 641 954 714 σονεσει,5

240 738 255 763 “
268 732 390 785 δικαιῶσαι
409 731 500 785 δίκαιον
515 731 539 784 εὖ
556 729 696 783 δουλεύοντα
714 733 822 794 πολλοῖς,
835 730 872 782 καὶ
890 727 933 786 τὰς

241 824 256 850 “
267 817 382 887 ἁμαρτίας
399 818 478 871 αὐτῶν
489 815 558 874 αὐτὸς
574 815 667 869 ἀνοίσει.
709 813 758 869 Διὰ
776 820 845 869 τοῦτο
863 813 933 871 αὐτὸς

240 911 255 936 “
268 901 442 973 κληρονομήσει
463 901 578 967 πολλούς,
601 902 639 955 καὶ
662 905 711 956 τῶν
734 905 839 973 ἰσχυρῶν
862 905 936 970 μεριεῖ

241 998 255 1023 “
267 996 354 1045 σκῦλα·
388 990 438 1044 ἀνθ’
457 987 491 1043 ῶν
512 985 627 1058 παρεδόθη
649 991 681 1046 εἰς
705 986 840 1062 θάνατον-ἡ
863 986 932 1060 ψυχὴ

238 1135 271 1183 tyr
283 1128 346 1184 [Apol.
356 1129 363 1168 i
373 1126 407 1183 51]
419 1130 460 1167 οὐδὲ
474 1128 532 1177 εὑρέθη
545 1129 573 1166 ts·
600 1128 700 1181 ‘posuerit
713 1143 748 1181 pro
761 1132 838 1181 peceato
849 1128 932 1168 animem

238 1189 269 1226 λος
275 1184 302 1239 (S.
310 1184 391 1237 Oyrillus
400 1185 439 1222 οὐδὲ
449 1185 500 1222 δόλος
506 1181 572 1235 εὑρέθη)
600 1189 605 1206 ‘
614 1197 667 1223 suom
677 1183 710 1223 ille
719 1198 776 1237 quem
785 1184 878 1224 Dominus
886 1198 931 1223 eon·

238 1242 257 1279 ἐν
265 1245 289 1292 τῷ
298 1243 369 1288 στόματι
377 1241 433 1277 αὐτοῦ.
462 1237 572 1277 Leotionem
599 1240 675 1278 ‘terere
690 1239 758 1289 voluit,
776 1239 816 1279 sive
834 1239 931 1284 mundare,

238 1294 376 1335 clementinam
385 1291 572 1344 confirmatipsePe·
599 1293 687 1334 ‘videbit
716 1307 781 1334 semen
812 1294 931 1346 longaevum,

237 1354 280 1389 trus
289 1348 397 1401 Apostolus,
408 1348 461 1400 opud
475 1360 532 1399 quem
545 1346 572 1386 le·
599 1349 664 1400 ‘quod
674 1349 775 1389 seminavit
783 1348 804 1388 in
816 1350 866 1388 bona
873 1352 930 1389 terra.

237 1404 300 1457 gimus
313 1402 355 1458 [Ep.
367 1404 382 1443 I.
392 1402 406 1441 ii
417 1404 452 1453 πο]
464 1402 483 1441 ὃς
492 1403 572 1452 ἁμαρτίαν
598 1403 674 1443 ‘Juxta
690 1404 745 1443 LXX
761 1404 797 1444 hoo
814 1404 897 1444 dicitur:
912 1404 931 1443 Ο

237 1462 267 1498 οὐκ
281 1461 365 1507 ἐποίησεν,
375 1459 413 1496 οὐδὲ
426 1458 485 1508 εὑρέθη
495 1459 545 1496 totos
554 1457 572 1494 ἐν
598 1459 650 1503 ‘vos
663 1463 744 1511 propter
759 1472 840 1511 quorum
855 1463 932 1510 peecata

236 1518 260 1566 τῷ
267 1517 339 1562 στόματι
345 1516 400 1552 αὐτοῦ.
416 1512 517 1552 Hebraeus
522 1511 571 1551 Tex-
598 1513 662 1552 ‘filius
671 1513 710 1554 Dei
723 1517 752 1553 est
763 1514 831 1553 duetus
844 1513 868 1552 ad
880 1527 932 1553 mor-

235 1573 268 1609 tus
286 1568 348 1614 habet,
366 1582 386 1607 ιο
403 1568 458 1618 qood
475 1566 571 1618 injurtam
598 1568 696 1608 ‘tem-si
706 1568 805 1608 volueritis
817 1581 873 1620 ogere
885 1582 931 1620 poe-

236 1638 277 1663 νιοη
287 1623 340 1675 serit,
350 1636 409 1674 ιιιηοο
419 1622 467 1673 fuit
480 1622 535 1661 dolor
548 1622 571 1660 io
597 1623 719 1669 ‘nitentiom
730 1628 749 1663 et
762 1638 798 1676 pro
809 1622 890 1675 pereatis
898 1637 931 1664 ve-

236 1679 321 1730 oreejos.
345 1678 421 1730 vulgat.
432 1677 570 1728 It'oqoodirti-
596 1678 655 1718 ‘stris
674 1678 742 1718 offerre
761 1678 872 1718 sacrificium
889 1678 930 1731 plo-

236 1734 328 1785 quitatem
336 1747 376 1772 ποοι
382 1732 458 1783 feeerit,
467 1744 526 1782 oeque
533 1732 570 1782 frt-
597 1739 653 1773 ‘oens
668 1733 811 1774 Deo—videbit
823 1733 885 1772 anima
896 1747 930 1774 ve·

236 1788 368 1828 eritdoluriti
377 1788 462 1840 oreejrte.
492 1786 511 1827 S.
522 1786 569 1825 Hie·
596 1790 649 1828 ‘stra
672 1802 737 1828 semen
759 1789 812 1841 longi
830 1788 929 1840 temporis,

236 1857 277 1883 ron.
298 1842 402 1882 comment.
427 1856 485 1895 super
507 1841 570 1881 locum
596 1843 674 1895 ‘ipsum
683 1844 789 1883 Dominum
801 1843 930 1885 salvatorem?

236 1898 283 1937 haee
300 1897 370 1947 habet;
390 1897 445 1937 ‘Iste
463 1910 499 1949 pro
517 1897 570 1948 eujus
595 1897 676 1938 WOTT.

236 1956 243 1975 ‘
251 1951 348 2005 sepultura
357 1967 378 1992 oo
386 1957 450 1992 morte
458 1951 513 2003 impii
522 1951 570 1991 divi-
623 1966 639 1993 ο.
650 1957 681 2002 τῆς
694 1950 768 2007 πληγῆς]
784 1952 816 1993 Ito
829 1967 872 1993 eum
881 1953 928 1993 0011.

237 2012 318 2059 ‘tesque
333 2012 377 2047 sunt
390 2007 463 2052 traditi,
478 2006 568 2059 iniquite—
595 2007 651 2048 MSto
666 2008 715 2048 Mill.
728 2009 787 2048 Wott.
803 2008 851 2049 Gall.
866 2008 928 2048 Hefel.

237 2069 242 2086 ‘
251 2067 292 2102 tem
301 2076 339 2101 non
347 2062 396 2106 feeit,
405 2075 468 2113 neque
477 2061 532 2101 dolus
541 2066 570 2100 est
595 2067 614 2102 et
623 2063 736 2103 Dresselius.
758 2062 833 2103 caeteri
842 2077 885 2102 eum
894 2064 906 2102 J
907 2077 930 2102 u-

237 2117 314 2156 ‘inore
325 2117 377 2170 ejus!
390 2116 472 2156 WOTT.
504 2116 569 2155 Lectio
595 2117 627 2157 nio
643 2122 771 2169 intentastis.
799 2118 929 2158 MStileetio-

235 2172 269 2211 illa
283 2185 340 2224 quam
352 2186 362 2211 e
377 2171 395 2211 S.
409 2171 482 2223 Oyrillo
496 2171 569 2223 profert
595 2186 638 2211 nem
651 2172 744 2213 exhibent
754 2173 807 2212 LXX
817 2173 862 2213 Ood.
872 2172 927 2213 Alex.

235 2227 338 2267 Wottonus
351 2240 390 2266 non
403 2230 468 2266 exstat
478 2225 499 2264 in
512 2225 568 2265 Oom-
594 2228 627 2266 ἀπὸ
645 2232 675 2277 τῆς
693 2232 764 2279 πληγῆς,
781 2233 801 2269 et
816 2229 843 2268 sio
858 2228 930 2281 legitur

234 2286 293 2322 ment.
304 2281 324 2320 in
336 2281 412 2321 Esoiom
423 2281 456 2320 lib.
467 2280 491 2329 V,
500 2284 546 2320 tom.
556 2280 568 2326 i,
594 2281 625 2321 hie
633 2282 687 2322 loeus
696 2283 802 2335 Prophetae
810 2283 929 2336 apudJusti-

235 2337 285 2390 Opp.
292 2336 311 2376 ii.
321 2350 339 2389 p.
349 2345 386 2387 749
397 2335 425 2376 ed.
437 2335 516 2375 Aubert.
531 2336 568 2375 Lu·
594 2350 640 2376 num
649 2338 676 2377 M.
688 2338 738 2377 Diol.
749 2351 764 2377 ο.
774 2338 868 2391 Tryphon.
877 2340 887 2391 ξ
897 2352 927 2389 13.

233 2396 267 2432 tet.
281 2393 336 2442 1638.
594 2391 709 2444 Herzogius,
718 2392 759 2432 ΙΙινι
767 2394 827 2433 woiito
836 2394 869 2433 ιλιι
874 2394 898 2433 Η
897 2408 929 2434 err

263 2460 279 2487 1.
297 2449 324 2486 καὶ
339 2447 400 2496 Κύριος
416 2445 501 2491 βούλεται
518 2446 568 2483 καθα·
594 2460 630 2486 ooo
638 2448 806 2499 Leideobefieirrt.

232 2504 281 2552 ρίσαι
294 2518 308 2542 κ.
319 2519 334 2541 τ.
344 2500 372 2556 λ]
389 2501 439 2540 Heb.
454 2504 474 2540 eit
485 2498 527 2551 Syr.
541 2500 570 2539 Ei
620 2500 791 2555 Π).Ἐὰνδῶτε]Ιίῐλ
800 2502 927 2553 (indimus,

232 2558 330 2597 Domitios
342 2558 383 2597 ierit
395 2555 511 2595 contundere
520 2568 568 2604 ιινοι,
594 2569 632 2595 non
646 2559 704 2605 δῶται,
721 2570 778 2608 quam
796 2557 900 2604 lectionem,
916 2573 928 2597 ο

226 2612 277 2662 feeit
294 2626 337 2651 eum
355 2618 457 2663 oeprototre.
489 2609 566 2662 Vulgat.
594 2609 687 2651 Wottono
701 2611 721 2649 in
735 2615 826 2652 contextu
837 2613 928 2660 dotem‚e

231 2668 260 2706 Et
278 2668 338 2707 voluit
355 2667 454 2707 Dominus
477 2671 568 2706 certiorare
593 2665 670 2705 Justino
680 2665 707 2705 M.
718 2666 802 2708 defendit
811 2668 926 2708 Gollondius.

231 2736 276 2762 οιιπι
284 2722 307 2761 io
315 2722 430 2775 irtfhptitote.
453 2720 495 2773 Syr.
505 2719 567 2761 versio
593 2720 662 2760 Editor
675 2725 740 2760 autem
753 2721 794 2775 ipse
808 2723 927 2776 Centobrigi-

231 2791 276 2816 oum
292 2777 379 2817 Hebraeo
393 2781 451 2817 textu
466 2775 565 2816 consentit.
593 2776 642 2815 ensis
660 2775 759 2817 existimat
781 2778 883 2824 librarium,
903 2783 927 2818 ut

232 2832 251 2872 S.
262 2832 395 2885 Hieronymus,
410 2832 518 2872 Oomment.
535 2844 567 2871 su·
592 2831 637 2871 olibi
646 2831 761 2882 saepissime,
770 2832 806 2873 hoe
819 2847 893 2886 quoque
904 2834 926 2873 in

230 2900 265 2939 per
278 2888 346 2937 locum,
359 2888 404 2927 haee
417 2887 482 2932 habet,
494 2887 565 2926 ‘Juxta
590 2886 632 2925 loeo
647 2886 745 2937 scripsisse
762 2894 785 2925 AI
803 2903 838 2941 pro
856 2897 869 2927 E
877 2902 883 2937 3
904 2894 925 2929 et

232 2943 364 2983 ¹Hebroiounr
375 2943 405 2982 hio
416 2956 483 2983 sensus
492 2948 534 2983 est:
548 2941 565 2980 si
591 2942 637 2982 cod.
647 2940 705 2982 Alex.
717 2955 728 2981 ο
743 2942 843 2984 Gollsndio
856 2944 925 2997 ollega-
