1958 3490
283 241 326 285 AD
341 239 536 294 CORINTHIOS,
551 255 600 284 xxv.
647 267 649 270 -
752 239 794 281 105

99 359 310 425 seminibusque
320 356 388 407 nuda
399 362 425 407 et
433 355 501 409 arida
511 356 538 405 in
548 361 639 405 terram
650 353 796 412 oeciderrmt,
807 374 813 398 ι
823 365 860 398 eor.
867 373 890 396 xv

99 438 283 492 dissolvrmtur:
309 434 398 486 deinde
420 438 479 502 post
501 433 687 497 dissolutionem
708 408 832 499 magna36'

99 515 197 570 divinae
225 512 394 582 providentiae
419 512 533 580 potentia
560 530 589 562 ea
615 511 799 569 resuscitantur,

100 602 175 663 atque
187 612 218 644 ex
229 611 279 643 unc
290 592 361 660 plura
371 591 443 651 fiunt,
455 597 481 641 et
491 591 600 641 fructum
611 591 758 658 producunt.

134 672 217 724 XXV.
235 669 436 738 Contemplemur
449 669 549 737 signum
563 669 674 720 mirabile
690 668 758 737 quod
773 668 800 717 in

99 752 212 822 partibus
228 750 337 809 orientis,
348 747 442 799 scilicet
455 747 483 798 in
493 746 592 808 Arabia,
603 748 641 798 fit.
675 748 738 798 Avis
755 753 800 806 est,

100 849 163 899 quae
180 829 292 880 Phoenix
305 833 424 879 vocatur:
443 827 503 879 haee
519 828 559 878 sui
577 827 674 895 generis
691 827 743 878 sola
759 844 801 877 ex-

100 989 153 1029 tione
167 985 240 1036 Carnis,
252 986 261 1037 §
274 999 304 1036 13,
318 984 438 1038 Epiphanius
463 984 558 1025 tationem
576 986 600 1026 de
615 985 715 1026 Phoenicis
729 984 802 1025 Fabula

100 1045 122 1083 in
128 1042 231 1090 Ancorato,
238 1045 248 1090 t
256 1034 288 1090 84,
296 1040 361 1081 Const.
368 1039 436 1093 Apost.
464 1041 516 1093 apud
526 1040 614 1091 Graecos,
624 1042 727 1091 Romanos,
737 1045 757 1081 ct
766 1041 802 1079 Po-

101 1113 114 1139 v
130 1106 148 1148 7,
164 1095 278 1136 Ambrosius
294 1096 318 1135 de
334 1095 382 1135 Fide
400 1095 438 1135 Re·
464 1096 519 1148 pulos
529 1096 643 1141 Orientales,
653 1096 722 1137 Partic.
735 1100 773 1136 ret
784 1108 802 1145 2,

101 1156 179 1193 surrect.
191 1151 201 1203 §
211 1160 242 1202 59.
271 1150 363 1190 Fabulam
375 1154 438 1190 totam
465 1151 552 1200 Hafniae,
564 1154 621 1201 1825,
634 1154 683 1202 1827
693 1166 699 1202 ς
709 1156 728 1191 et
738 1150 802 1203 Piperi

101 1206 198 1247 dubitasse
215 1206 293 1246 videtur
307 1205 406 1258 Origenes,
421 1217 436 1244 e.
464 1206 581 1258 Mgtbcloqa'c
614 1207 649 1246 der
676 1206 803 1247 Ciristla'cbea

101 1261 179 1302 Celsum
195 1261 215 1301 iv
229 1262 260 1312 98.
289 1260 408 1300 Camdenum
421 1259 438 1300 si
464 1262 537 1307 Kanai,
547 1261 633 1302 Weimar
644 1264 701 1313 1847,
715 1262 726 1301 I
740 1261 747 1301 i
762 1262 801 1311 446

101 1316 173 1366 audias,
196 1315 284 1355 Clemens
307 1315 360 1355 VIII
386 1315 438 1367 Papa
464 1325 538 1367 -471.

101 1370 126 1411 A.
140 1371 163 1410 D.
180 1380 236 1422 1599,
255 1369 354 1410 Phoenicis
372 1370 438 1422 pluma
492 1373 509 1411 8.
516 1372 753 1423 τοῦτομονογενέςῦπάρχον]
762 1371 801 1409 Eu-

101 1426 210 1479 praemissa,
227 1425 322 1465 Comitem
339 1424 438 1464 11111111Τί-
464 1426 533 1476 sebius,
547 1427 579 1467 lib.
590 1440 602 1476 4
615 1427 639 1467 de
651 1426 698 1467 Vita
707 1426 800 1466 Constan-

102 1481 183 1529 roeniae,
189 1479 222 1532 qui
228 1479 340 1520 Eliaabetha
346 1483 439 1531 regnante
465 1480 502 1520 tini
510 1495 571 1534 prope
580 1482 643 1531 finem,
653 1512 657 1522 .
669 1513 673 1522 .
685 1511 689 1520 .
699 1482 719 1520 ὃν
728 1483 748 1519 δέ
755 1484 802 1530 φασι

102 1549 161 1575 novas
170 1548 201 1574 res
209 1535 260 1586 apud
267 1534 364 1574 Hibernos
372 1534 439 1573 molie-
465 1539 545 1585 μονογενῆ
554 1538 595 1575 <bra
603 1538 633 1585 τὴν
642 1538 701 1587 φύσιν.
719 1536 802 1588 Pompo-

102 1592 164 1639 batur,
174 1589 272 1642 promissis
285 1594 305 1628 et
314 1588 438 1640 indulgentiis
465 1590 508 1630 nius
515 1591 572 1640 Mela,
581 1592 614 1643 [de
622 1591 666 1632 Situ
673 1591 736 1636 Orbis,
742 1590 764 1629 iii
771 1588 799 1644 8.]

102 1645 163 1684 aluit:
176 1644 214 1683 vid.
228 1643 253 1683 ad
266 1643 337 1683 calcem
349 1642 394 1683 libri
407 1643 438 1683 eui
466 1645 594 1686 “Referenda
616 1646 702 1686 Phoenix
727 1659 803 1698 semper

103 1700 176 1748 titulus,
185 1698 299 1747 Britannia,
308 1712 331 1738 cr
341 1712 355 1737 a
369 1697 439 1738 011010-
467 1700 803 1751 “unica''Laetantius,[AuctorIn-

102 1753 204 1806 praalun
215 1753 336 1805 Descriptioa
349 1752 440 1803 ‹ffCrect
466 1759 511 1795 cert.
520 1754 712 1796 CarmdePhcenicc
719 1757 796 1806 31,32,]

103 1808 185 1847 Bliiaill
199 1808 243 1847 ‘md
256 1808 344 1871 qulmdr
358 1820 377 1859 P
393 1809 439 1858 7831
488 1826 527 1858 Hoc
533 1836 597 1867 nemus,
606 1826 637 1859 hos
647 1827 694 1860 lucos
701 1827 737 1860 avis
746 1826 805 1859 incolit

104 1862 251 1913 Londin1607.
265 1862 383 1902 Vltiovertlt
390 1862 440 1901 Pho·
510 1869 559 1903 unica
567 1870 648 1912 Phoenix,

103 1917 143 1956 tius
158 1916 253 1957 Clementi
268 1921 334 1957 nostro
350 1917 402 1968 quod
416 1916 440 1956 de
489 1914 693 1956 Unica,sedvivitmorte
699 1915 803 1948 resectasua.

104 1972 199 2011 Phoenice
219 1971 266 2011 haec
287 1972 346 2011 verba
368 1971 439 2011 fecerit.
709 1960 777 2000 3013·
827 1973 828 1976 ’

104 2026 218 2075 Pentadius,
234 2026 319 2067 Exercit.
339 2025 407 2066 Seleot.
426 2025 442 2065 ii
494 2025 520 2065 ib.
535 2028 564 2075 ἔτη
578 2028 688 2075 πεντακόσια]
702 2027 748 2065 Non
762 2040 806 2066 con-

104 2095 135 2133 pp.
147 2082 233 2131 32—46,
242 2082 263 2120 in
272 2080 359 2121 hocloco
374 2081 441 2120 eredu·
468 2081 522 2121 venit
539 2080 591 2121 inter
608 2081 710 2133 scriptores
729 2082 753 2120 de
771 2094 805 2120 nu-

104 2136 180 2176 litatem
188 2136 230 2176 viro
238 2135 351 2189 Apostolico
364 2149 442 2188 prorsus
469 2149 522 2176 mero
536 2150 631 2176 annorum
639 2137 691 2177 vitae
700 2136 805 2186 Phoenicis,

105 2190 204 2243 indignam
212 2191 357 2244 reprehendens,
365 2191 442 2243 Episto-
469 2191 512 2230 aliis
526 2192 579 2231 mille
592 2192 620 2231 illi
632 2205 697 2240 annos,
708 2192 751 2231 aliis
765 2205 806 2243 sep-

104 2245 144 2285 lam
155 2250 218 2286 totam
232 2246 327 2286 Clementi
340 2246 441 2298 abjudicat.
469 2246 506 2286 ties
515 2246 568 2286 mille
577 2251 654 2299 praeter
663 2260 702 2296 sex,
711 2247 753 2285 aliis
764 2256 807 2287 1111-

89 2342 91 2344 ,
106 2301 145 2341 Sed
153 2301 215 2341 lenius
224 2314 268 2341 cum
280 2301 302 2341 B.
313 2302 370 2341 Patre
383 2315 441 2354 agen·
470 2306 535 2342 ocutos
550 2307 571 2342 et
584 2302 690 2355 sexaginta,
704 2302 745 2341 aliis
759 2315 807 2341 non-

105 2355 152 2395 dum
161 2361 196 2405 est,
206 2357 227 2395 in
236 2370 274 2409 quo
283 2357 339 2409 eulpa
350 2356 402 2395 haud
415 2356 443 2395 ita
470 2356 507 2396 nisi
534 2357 648 2409 quingentos
671 2357 805 2396 tribuentibus.

105 2423 176 2463 magua
194 2411 270 2461 residet,
289 2412 306 2452 si
328 2424 370 2451 rem
392 2411 443 2463 apud
470 2410 534 2464 Atque
548 2425 592 2451 cum
607 2412 637 2452 his
649 2412 752 2463 postremis
762 2424 812 2451 con-¹

105 2464 192 2506 homines
212 2466 234 2505 id
256 2466 325 2507 aetatis
346 2470 444 2519 receptam
470 2467 529 2507 sentit
542 2471 613 2514 noster,
621 2470 644 2506 ut
656 2471 676 2507 et
688 2465 806 2518 Epiphanius

105 2521 197 2561 crederet.
217 2521 300 2570 Tacitus,
309 2522 392 2574 scriptor
401 2534 444 2573 gra-
470 2526 490 2561 et
497 2520 614 2561 Ambrosius.
627 2519 728 2575 [Hexaem.
735 2535 754 2566 v,
762 2519 802 2574 23]

105 2575 199 2625 vissimus
211 2576 315 2617 Clementis
328 2576 390 2616 nostri
403 2577 443 2616 fere
470 2576 502 2616 Sic
525 2590 600 2628 quoque
620 2576 677 2626 Mela,
696 2580 715 2615 et
734 2575 806 2615 Seneca

106 2631 196 2682 aequalis,
203 2631 294 2672 historiae
303 2645 348 2672 suae
357 2631 444 2671 ordinem
470 2631 526 2671 initio
540 2632 601 2684 Epist.
620 2644 659 2680 423
680 2630 732 2671 ‘Scis
748 2644 806 2682 quem

106 2685 444 2740 etdispositionemperturbarenon
471 2689 536 2725 ‘nuno
554 2686 618 2726 virum
640 2686 712 2725 bonum
729 2685 805 2724 dinami

106 2739 221 2792 dedignatus
240 2746 275 2792 est,
292 2747 316 2783 nt
334 2755 382 2795 quae
399 2755 445 2782 vera
472 2742 542 2793 ‘hujus
558 2740 650 2781 secundae
665 2745 736 2780 notae:
753 2740 806 2779 Nam

106 2807 148 2834 1111
159 2795 256 2846 judicaret
269 2798 290 2836 in
303 2796 445 2837 narrationibus
472 2796 518 2835 ‘ille
540 2796 589 2836 alter
612 2795 694 2835 fortasse·
713 2799 806 2846 tanquam

107 2848 132 2889 de
141 2848 235 2892 Phoenice
244 2865 256 2891 a
264 2852 317 2893 falsis
329 2857 349 2893 et
357 2851 446 2892 inanibus
473 2854 478 2873 ‘
487 2850 572 2890 Phoenix
585 2850 643 2890 semel
655 2863 705 2890 anno
714 2849 808 2902 quingen-

107 2906 375 2955 seeerneret3Annal.vi28.
397 2907 445 2958 Qui·
473 2905 739 2947 ι111111101111111111]ΒΟΙΞ.
758 2905 809 2945 Vide

107 2971 183 3011 cunque
192 2960 253 3012 plura
268 2976 382 3015 cognoscere
393 2961 445 3012 velit,
472 2962 498 3001 sis
515 2960 622 3010 Aelianum,
641 2960 665 3000 dc
680 2959 808 3008 Animalibus,

108 3012 125 3053 is
134 3013 269 3057 Henrichaenll
278 3018 334 3059 adeat
344 3018 445 3060 Commen·
472 3017 492 3057 vl
510 3019 542 3066 58,
561 3018 604 3066 Περὶ
626 3019 656 3064 τῆς
678 3022 711 3054 τῶν
729 3018 809 3055 Φοινίκων

139 3091 184 3122 VOL.
195 3093 211 3123 Ι.
508 3095 520 3124 P
