1958 3455
317 232 359 275 An
374 228 628 282 ooninrnrosmv.
775 226 817 271 163

122 350 209 400 seriem
235 344 398 403 tradiderunt,
426 350 457 393 ut
484 360 561 409 quum
588 342 625 392 illi
652 342 816 399 decessissent,

121 424 284 478 ministerium
307 441 390 473 eorum
412 421 455 472 alii
476 421 523 470 viri
549 420 646 487 probati
672 420 816 488 exciperent.

122 504 278 557 Constitutus
297 502 382 568 itaque
402 500 433 551 ab
451 499 506 559 illis,
524 499 564 550 vel
583 499 696 566 deinceps
714 498 745 549 ab
764 497 818 548 aliis

120 584 180 634 viris
191 580 293 640 eximiis,
305 598 361 631 cum
372 597 490 630 consensu
501 579 628 629 universae
641 577 768 637 Ecclesiae,
775 577 818 644 qui

121 734 173 781 aliud
181 740 220 780 fere
229 739 299 792 agitur,
308 740 328 778 in
340 739 456 779 constituen-
483 739 542 779 stolos
560 737 597 778 sibi
614 751 730 778 successores
745 739 773 776 διὰ
789 739 818 785 τῆς

121 796 151 836 (lis
167 795 218 848 apud
234 808 269 834 nos
284 794 384 847 Episcopis
391 808 397 843 3
412 793 456 833 licet
482 799 516 832 τῶν
528 799 589 844 χειρῶν
600 793 691 834 ἐπιθέσεως
706 792 746 832 sive
761 808 817 842 χειρο-

121 851 173 891 enim
188 848 293 889 nominatio
308 849 364 903 (quae
378 848 456 902 quidem
482 850 538 889 coriae
553 848 677 898 constituisse,
692 860 783 900 suamque
797 847 818 886 in

121 905 226 958 plurimum
241 904 305 945 valere
323 902 379 958 solet)
398 917 456 956 penes
483 917 515 943 eos
533 903 638 943 Ecclesiam
660 902 773 943 instituendi
796 915 818 941 ac

121 961 147 1001 sit
163 959 271 1012 Principem
278 972 284 1008 3
304 959 372 999 electio
385 963 455 1008 tamen,
483 959 562 1011 regendi
577 959 672 999 derivasse
684 958 768 1008 ἐξουσίαν,
780 971 818 1010 qna

121 1016 145 1055 ad
151 1014 294 1066 Presbyterium
299 1014 338 1054 sive
345 1014 456 1066 episcopalis
483 1018 502 1054 et
516 1014 558 1054 aliis
571 1027 640 1053 munus
654 1013 765 1066 Episcopale
779 1026 817 1052 non

122 1069 172 1110 sedis
179 1069 284 1121 capitulum
290 1068 368 1123 (veteris
373 1069 457 1108 Alexan·
482 1068 591 1121 interrupta
599 1083 621 1109 ac
631 1069 721 1109 continua
733 1082 768 1121 per
777 1081 817 1107 om-

122 1125 173 1164 drini
187 1124 246 1164 moris
262 1124 287 1163 ad
302 1124 367 1174 instar,
380 1125 404 1164 de
418 1138 456 1176 quo
483 1124 515 1163 nic
523 1124 597 1164 saecula
604 1124 720 1164 successione
727 1122 817 1163 tradituri

123 1180 259 1231 Hieronymus,
285 1176 354 1233 [Epist.
378 1180 422 1229 146,
449 1179 456 1218 i
483 1183 657 1230 essenttestantur
669 1178 741 1230 ubique
756 1177 817 1218 sancti

125 1236 176 1285 1076
186 1233 214 1274 ed.
225 1233 315 1284 Vallum]
345 1233 455 1286 Eutychius,
483 1233 549 1274 Patres
556 1248 562 1284 5
576 1247 650 1287 eosque,
660 1234 693 1287 qui
706 1233 735 1273 ita
748 1233 817 1273 consti·

126 1287 205 1343 [Eccles.
229 1288 323 1329 Alexand.
345 1288 411 1342 Origg.
434 1302 455 1342 p.
482 1290 521 1329 tuti
532 1290 615 1334 inerunt,
625 1303 664 1329 non
673 1290 697 1329 ab
707 1288 816 1328 hominibus

123 1346 172 1396 xxx]
188 1347 207 1384 et
221 1342 262 1397 alii)
278 1344 383 1384 etiamnum
398 1344 456 1397 perti·
483 1344 516 1384 sed
525 1359 536 1384 a
545 1345 587 1384 Deo
596 1345 637 1397 ipso
650 1348 765 1397 potestatem
778 1343 816 1395 spi·

121 1404 168 1439 net:
190 1412 212 1438 ea
225 1403 290 1438 tamen
306 1403 382 1452 peracta
396 1398 456 1453 (quod
482 1399 576 1449 ritualem,
586 1413 623 1452 qua
632 1399 737 1439 Ecclesiam
744 1398 816 1439 Ohristi

122 1454 181 1493 etiam
196 1452 324 1494 Alexandriae
340 1454 412 1494 factum
427 1454 455 1493 in·
482 1454 636 1494 administrarent
654 1459 674 1495 et
691 1457 779 1506 regerent
796 1457 815 1493 et

122 1509 292 1561 telligereestvcl
306 1523 330 1548 ex
343 1509 455 1549 loccTheo·
482 1522 597 1550 successores
619 1509 655 1549 sibi
678 1509 816 1549 constituerent

122 1563 185 1604 doreti
193 1564 250 1603 modo
263 1561 343 1617 laudati)
352 1564 413 1616 plebis
426 1577 455 1603 as·
481 1578 516 1616 per
525 1564 588 1604 omnia
597 1564 662 1604 futura
675 1564 753 1614 saccula,
764 1577 815 1603 acce·

122 1631 188 1658 sensus
202 1618 279 1658 demum
295 1623 420 1671 expectatum
434 1619 455 1658 in
481 1619 531 1671 pisse
540 1633 575 1659 nos
584 1619 657 1659 docent.
679 1618 744 1658 Aliam
753 1618 815 1658 Laicis

122 1687 180 1725 quern
193 1673 257 1718 finem,
267 1674 340 1723 electio,
351 1688 363 1713 a
376 1674 455 1726 Presby·
481 1678 566 1726 unquam
574 1674 631 1714 fuisse
640 1677 754 1726 potestatem
762 1687 816 1726 prae-

121 1729 171 1767 terio
182 1729 260 1768 seorsim
274 1728 344 1772 habita.
354 1729 378 1768 ab
387 1729 455 1768 iisdem
481 1734 512 1768 ter
526 1732 546 1768 τὸ
562 1732 667 1768 συνευδοκεῖν
681 1742 720 1768 nou
734 1742 816 1781 agnove-

121 1783 173 1834 plebi
186 1784 290 1833 universae,
299 1784 320 1823 in
333 1784 377 1823 navi
391 1784 456 1823 Eccle-
482 1788 533 1833 runt,
540 1797 588 1836 quae
597 1786 717 1833 νυνενδόκησις
726 1784 796 1824 dicitur
805 1797 817 1823 a

122 1837 161 1877 siae
167 1838 291 1888 Oathedralis,
298 1839 401 1878 solenniter
408 1839 456 1878 solet
483 1839 502 1879 S.
513 1839 609 1891 Cypriane
618 1838 734 1890 sufficpc‘um
743 1838 815 1890 plebia:

121 1893 276 1946 renunciaripqui
285 1894 396 1946 plerumque
406 1907 455 1933 eam·
483 1893 517 1946 Ep.
528 1895 552 1934 lv.
567 1891 603 1948 [ed.
614 1894 661 1933 Eell.
671 1908 689 1946 p.
702 1892 755 1948 243.]
778 1894 816 1933 ‘Et

121 1947 166 1986 dem
180 1953 255 2000 gratam
270 1954 328 2000 atque
345 1954 407 1988 ratam
422 1948 455 1988 ha·
483 1949 558 1989 ‘factus
577 1954 605 1988 est
621 1948 727 2001 Episcopus
744 1963 756 1988 a
773 1948 816 2000 plu-

121 2002 173 2042 bent.
188 2003 261 2043 FELL.
483 2004 551 2044 ‘rimis
560 2003 637 2056 collegis
649 2003 719 2044 nostris
729 2004 761 2056 qui
770 2008 816 2043 tunc

149 2071 166 2108 3.
178 2059 273 2108 ἐλλογίμων
286 2059 358 2109 ἀνδρῶν]
373 2057 392 2097 A
405 2058 455 2108 Tito,
483 2056 518 2098 ‘in
526 2059 573 2098 urbe
583 2059 645 2098 Roma
655 2059 735 2099 aderant
742 2073 748 2109 ς
762 2090 766 2098 .
779 2089 783 2097 .
794 2089 814 2098 ..

121 2111 228 2158 Timotheo,
236 2118 255 2154 et
264 2113 306 2153 aliis
315 2113 456 2166 coadjutoribus
483 2115 488 2135 ‘
497 2114 558 2154 factus
567 2118 595 2154 cst
602 2113 708 2167 Episcopus
717 2114 741 2153 de
750 2113 787 2153 Dei
797 2118 816 2153 et

120 2166 262 2219 Apostolorum,
286 2169 354 2220 quibus
380 2181 455 2217 munus,
483 2169 570 2209 ‘Christi
584 2169 624 2221 ejus
635 2168 816 2221 judicic,deOleri-

117 2221 231 2275 Episcopos,
242 2224 371 2275 Presbytcrcs‚
381 2229 401 2263 et
409 2223 456 2263 Dia·
483 2226 564 2269 ‘comm
581 2237 641 2276 paene
659 2224 752 2264 omnium·
762 2224 816 2264 testi-

121 2290 179 2318 ccnos
197 2278 315 2327 instituendi,
334 2279 455 2318 commissum
483 2280 567 2328 ‘monia
582 2279 606 2319 de
624 2279 692 2329 Plebis,
706 2292 754 2331 quae
769 2283 816 2318 tunc
850 2307 852 2311 >

121 2337 167 2372 erat.
183 2332 325 2374 HEFELIUS.
483 2334 557 2382 ‘affuit
572 2334 666 2386 suffragio,
681 2334 736 2373 etde
750 2333 814 2374 sacer.

149 2401 166 2436 4.
189 2386 344 2442 συνευδοκησάσης]
365 2388 454 2440 Appian-
483 2389 565 2429 ‘dotum
578 2389 700 2440 antiquorum
718 2402 740 2427 ac
757 2390 815 2428 bono-

121 2441 456 2494 decreccreoaprorclacnrorafflo-
483 2447 541 2483 ‘rum
556 2444 641 2483 virorum
659 2443 737 2495 collegio
748 2444 763 2491 ς’
781 2444 813 2482 dcc,

121 2497 182 2537 cleric.
211 2498 266 2537 Nihil
282 2498 313 2538 hic
329 2499 353 2538 de
371 2503 455 2550 accepta·
483 2499 519 2538 Per
538 2499 635 2550 ‘plurimis
648 2498 725 2550 collegis
738 2497 814 2537 nostris’

120 2551 173 2591 tione
182 2553 242 2592 totius
253 2553 353 2603 Ecclesiae,
363 2554 404 2593 sine
418 2567 456 2605 qua
482 2553 496 2592 ii
511 2558 555 2593 sunt
569 2553 692 2604 intelligendi,
704 2553 737 2604 qui
750 2566 815 2592 conse-

120 2605 225 2659 Episcopcs
234 2613 253 2648 et
263 2605 358 2648 Diaconos
370 2610 394 2647 ab
403 2607 455 2660 Apo·
482 2612 559 2648 orarunt
567 2607 685 2647 Cornelium:
695 2621 720 2646 ex
727 2621 754 2656 eo,
762 2608 814 2659 quod

120 2661 174 2700 stolis
190 2666 210 2702 et
222 2663 338 2715 Apostolicis
350 2664 397 2703 viris
411 2677 455 2702 con·
482 2664 528 2703 dicit
544 2663 627 2702 ‘factum
645 2675 684 2701 esse
704 2662 727 2701 de
740 2662 777 2701 Dei
794 2667 814 2702 et

120 2715 198 2755 stitutus
217 2732 255 2757 non
269 2732 315 2768 csse,
329 2732 353 2758 ex
364 2719 400 2758 hcc
413 2718 454 2758 loco
482 2718 568 2757 ‘Ohristi
581 2718 622 2769 ejus
633 2716 719 2768 judicio!
727 2718 769 2757 vult
783 2717 813 2756 in·

120 2771 216 2812 concludit
226 2773 336 2813 Blondellus
343 2773 411 2826 3quasi
421 2774 454 2825 qui
481 2787 543 2822 nuere,
565 2776 679 2823 potestatem
702 2772 814 2813 ecclesiasti-

120 2836 145 2862 ex
160 2825 198 2864 Dei
213 2827 268 2878 jussu
283 2833 303 2869 et
318 2828 455 2881 approbatione
481 2841 523 2866 cam
540 2827 624 2878 legitime
642 2827 746 2866 secundum
762 2828 814 2879 leges

120 2880 290 2932 constituebantur,
308 2884 374 2936 populi
397 2884 454 2923 etiam
481 2881 575 2921 Ecclesiae
602 2887 621 2921 et
645 2881 814 2934 praescriptionem

119 2935 248 2985 acceptatione
266 2937 352 2990 indigere
375 2939 454 2991 putandi
481 2936 579 2989 Evangelii
597 2937 617 2975 in
635 2937 751 2977 successione
769 2951 813 2977 con-

116 2994 187 3029 essene.
201 2990 360 3032 ΗΑΜΜΟΝΙ).
403 2992 455 3045 Apo-
481 2992 534 3032 tinne
543 2991 648 3031 derivatam
661 2997 681 3032 et
690 2993 815 3033 constitutam

520 3070 555 3101 ΥΩ
