2017 3420
148 213 178 258 90

175 326 202 363 καί
210 326 290 373 ὁμόνοιαν
299 324 437 376 ἀπαγγέλλωσιν.
449 333 480 375 59.
498 325 517 362 ε’ν

175 383 196 428 τῇ
215 380 284 429 ὁμονοίᾳ
302 381 354 428 ὑμῶν.
372 379 415 432 Igu.
432 379 480 431 Eph.
497 392 515 428 4.

176 434 268 484 σύμφωνοι
278 435 324 473 ὀντες
333 436 351 472 ἐν
360 436 434 483 ὁμονοίᾳ,
449 434 474 473 ib.
499 435 517 472 ε’ν

175 492 196 536 τῇ
211 490 279 538 ὁμονοίᾳ
291 491 338 538 ὑμῶν
349 493 379 539 τῆς
392 490 472 529 πίστεως.
486 502 516 539 13.

176 546 194 582 ε’ν
206 545 275 592 ὁμονοίᾳ
287 548 332 582 θεοῦ
346 546 450 591 σπουδάζετε
463 545 518 583 πάντα

176 601 268 649 πράσσειν.
284 598 378 650 Mag11.6.
397 598 490 650 ’Ἔρρωσθε
501 600 519 636 ἐν

177 655 246 703 ὁμονοίᾳ
263 658 312 692 θεοῦ.
329 662 358 703 15.
395 655 485 702 Διαμένετε
500 655 518 691 έν

177 711 197 756 τῇ
212 709 281 758 ὁμονοίᾳ
296 710 347 757 ὑμῶν.
362 707 418 748 ΤΓυίί.
433 721 463 748 12.
492 710 518 746 ε’κ-

177 765 240 813 κλησίᾳ
251 795 254 802 .
264 794 267 802 .
278 763 388 813 ,ἡδρασμένη
411 765 430 801 ἐν
451 764 519 812 ὁμονοίᾳ

177 821 228 860 Θεοῦ.
243 817 316 857 Ρίιίίοά.
328 817 388 857 Inscr.
410 819 434 857 εἷς
444 818 463 856 δν
471 818 520 856 ἐλπί-

178 873 359 920 ζουσιν...ὁμονοίᾳ.
376 884 405 911 ΙΙ.

149 927 255 976 Ὃμόφυλος.
277 928 295 964 έν
303 930 327 977 τῷ
340 927 412 964 ἀκοῦσαι
424 927 474 964 αότόν
486 927 520 965 ὀπδ

177 985 207 1019 τοῦ
216 980 312 1030 ὁμοφύλου.
326 980 386 1019 Glem.
398 980 437 1028 14.

150 1035 256 1084 Ὀμοφωνία
285 1037 314 1082 τῆς
329 1036 465 1084 παραδεδομένης
481 1034 520 1082 ἡμῖν

176 1092 233 1129 καλῶς
240 1091 267 1127 καί
274 1090 341 1128 δικαίως
348 1090 451 1139 ὁμοφωνίας.
458 1087 518 1128 Olem.

178 1143 189 1182 I
212 1156 228 1182 1.

145 1153 227 1248 ὀμφίιξ
242 1197 302 1237 Olem.
314 1198 325 1236 I
336 1211 368 1248 23,
378 1202 398 1238 et
407 1197 431 1236 Π
440 1210 470 1236 11.

149 1253 234 1301 Ὀναίμην.
261 1253 341 1301 ’,Ουαίμην
352 1255 400 1301 ὑμῶν
410 1254 438 1290 διὰ
451 1254 518 1291 παντός.

177 1306 221 1359 Ign.
232 1306 281 1358 Eph.
292 1319 308 1345 2.
317 1312 337 1346 et
344 1306 408 1359 Polyc.
419 1307 436 1345 ὁ.
456 1308 476 1344 οὗ
486 1308 520 1356 ἐγὼ

177 1363 252 1411 όναίμην,
269 1362 295 1399 ὀτι
311 1363 428 1400 ὑποτάσσεται
443 1365 467 1413 τῷ
484 1362 520 1400 ε’πι-

178 1419 244 1468 σκόπᾳ.
259 1415 356 1471 Μυὲικο,
382 1417 463 1464 Ὀναίμην
474 1417 520 1463 ὑμῶν

178 1472 219 1509 κατά
228 1472 289 1509 πάντα.
303 1483 333 1509 12.
357 1471 438 1518 ’θναίμην
447 1475 481 1508 τῦν
490 1471 519 1518 θη-

177 1526 223 1575 ρίων.
234 1525 290 1564 Rom.
300 1534 317 1574 5.
337 1530 368 1563 τοῦ
376 1527 471 1575 προσώπου
481 1541 520 1569 σου,

181 1580 226 1618 ...οῦ
235 1580 304 1628 ὀναίμην
313 1581 331 1618 ἒν
337 1583 381 1632 Θεῷ.
392 1579 456 1631 Polyc.
463 1592 479 1617 1.
500 1579 521 1616 ού

177 1633 519 1685 τῆςβασιλείαςὀναίμηνΜωΓί-πῖςιιι.

150 1689 244 1738 Ὀνείρατα.
272 1690 302 1728 τὰς
314 1690 365 1739 όψεις
377 1694 412 1727 τῶν
424 1689 519 1738 ὀνειράτων.

178 1742 320 1795 MarI.Ig11.7.

147 1797 220 1845 Ὄνομα.
254 1799 369 1848 ὀξιαγάπητον
392 1798 444 1847 ίνομα
467 1799 519 1844 ὑμῶν,

180 1851 239 1891 Olem.
254 1852 293 1891 II.
332 1854 459 1902 διαφορώτερον
482 1852 519 1889 όνο-

179 1922 209 1955 μα.
225 1908 256 1955 36.
285 1911 309 1958 τῷ
327 1908 390 1958 ἐνδόξῳ
407 1908 476 1955 ὀνόματι
494 1921 521 1944 κε-

180 1962 281 2008 κοσμημένη.
299 1973 330 2010 43.
368 1963 440 2009 ἑκάστης
463 1962 520 2010 φυλῆς

179 2015 215 2052 κατ’
225 2016 283 2063 ῦνομα.
298 2014 323 2054 ib.
348 2017 368 2052 τὸ
377 2016 429 2062 ὀνομα
438 2019 469 2053 τοῦ
477 2015 519 2061 άλη-

180 2070 227 2107 θινσῦ
237 2071 264 2107 καί
275 2071 327 2117 μόνον
336 2073 386 2107 Θεοῦ,
400 2068 424 2108 ib.
454 2070 482 2107 ἐπὶ
491 2072 521 2106 τοῦ

180 2124 262 2171 ὀνόματος
275 2126 305 2171 τῆς
320 2124 419 2171 ε’πισκοπῆς.
435 2135 465 2172 44.
497 2127 521 2174 τῷ

180 2178 269 2229 παναρέτερ
278 2179 346 2226 ὀνόματι
355 2178 412 2216 αὐτοῦ.
423 2187 454 2227 45.
477 2179 521 2222 βλα-

181 2233 259 2282 σφημίας
280 2232 395 2282 ἐπιφέρεσθαι
413 2235 437 2283 τῷ
455 2233 523 2279 ὀνόματι

179 2289 249 2337 Κυρίου.
261 2295 293 2337 47,
321 2288 342 2324 τδ
354 2287 483 2337 μεγαλοπρεπὲς
495 2287 522 2323 καὶ

180 2344 229 2391 ἅγιον
243 2342 296 2390 ὁνομα
310 2342 368 2379 αὐτοῦ.
384 2342 415 2390 58.
445 2342 469 2379 εἷς
484 2341 522 2377 εόα-

179 2397 262 2447 ρέστησιν
281 2399 305 2448 τῷ
329 2397 398 2445 ὀνόματι
421 2397 479 2433 αὐτοῦ.
496 2394 521 2433 ib.

180 2452 200 2489 τδ
212 2453 345 2501 πολυαγάπητὸν
357 2467 391 2489 σου
405 2451 464 2498 ὀνομα.
479 2449 521 2500 Igu.

181 2504 230 2556 Eph.
242 2518 257 2544 1.
282 2506 441 2555 δεδεμένον...ῦπε“ρ
449 2507 479 2542 τοῦ
489 2519 523 2541 κοι-

180 2564 210 2599 νοῦ
222 2561 310 2608 ὀνόματος.
321 2559 346 2599 ίί).
371 2561 388 2598 ἐν
398 2561 467 2607 ὀνόματι
478 2562 523 2595 θεοῦ

180 2615 274 2664 ὀπειληφα,
288 2613 313 2653 ib.
342 2615 410 2663 δέδεμαι
423 2615 441 2651 ἐν
450 2617 474 2665 τῷ
486 2614 523 2650 ὀνό-

180 2685 225 2718 ματι.
240 2681 258 2718 3.
287 2670 363 2707 Εἶώθασι
375 2671 409 2720 γάρ
419 2684 464 2707 τινες
476 2668 522 2718 δόλῳ

179 2727 248 2775 πονηρῷ
265 2725 286 2761 τὸ
306 2725 358 2772 ὀνομα
378 2724 483 2773 περιφέρειν.
503 2729 520 2771 7.

181 2779 201 2825 ἐξ
214 2779 295 2826 ὀνόματος
308 2779 414 2828 συνέρχεσθε
427 2779 445 2816 ἐν
453 2780 483 2826 μιᾷ
493 2777 522 2815 πί-

181 2849 224 2871 στει.
240 2845 270 2871 20.
302 2834 417 2880 Καταξιωθείς
433 2833 467 2882 γάρ
484 2832 521 2869 ὀνό-

180 2903 233 2935 ματος
242 2889 405 2939 ,θεοπρεπεστάτου
423 2886 489 2938 Magn.
505 2898 520 2924 Ι,

176 2941 210 2982 Ὃς
218 2943 252 2992 γάρ
261 2942 309 2993 άλλη)
318 2943 388 2989 ὀνόματι
398 2945 478 2980 καλεῖται.
491 2953 520 2979 10.

181 3001 215 3034 τῶν
228 2998 323 3045 δεξαμένων
333 3012 355 3045 με
368 2999 392 3037 εἷς
404 2998 456 3045 ὄνομα
464 2997 523 3044 Ἰησοῦ

180 3055 263 3100 Χριστοῦ.
278 3051 333 3090 Rom.
350 3064 367 3101 9.
401 3052 430 3101 ἐφ’
444 3049 470 3090 οἷς
492 3051 521 3101 γε’·

387 209 486 253 INDEX
500 174 674 253 VERBORUM

570 340 644 376 γραπται
658 327 710 373 μόνον
724 325 798 373 ὀνόματα
813 323 911 373 ἀνθρώπων.

571 379 643 419 Ρίιίίιιά.
656 380 673 418 6.
692 379 764 426 δοξάσαι
776 380 796 416 τό
809 378 866 427 ὄνομα.
881 389 910 416 10.

572 435 657 474 Θέλονσιν
667 435 686 472 δέ
699 435 737 483 ὑμῖν
749 434 780 471 οῦκ
791 435 840 471 ἔστιν
851 431 911 471 άδῦνα·

572 506 602 528 τον
612 490 655 539 ὑπέρ
668 491 749 537 ὀνόματος
761 491 812 526 θεοῦ.
826 486 851 527 ίί).
880 489 910 534 μό-

573 561 602 583 νον
614 545 632 583 έν
644 548 668 595 τῷ
682 544 750 591 ὀνόματι
759 538 817 591 Ἰησοῦ
829 545 912 592 Χριστοῦ,

573 601 597 639 είς
606 601 626 637 τδ
637 599 732 647 συμπαθεῖν
741 599 791 649 αὐτῷ.
806 595 882 648 Smyrn.
894 609 911 645 4.

573 656 598 692 Τίι
614 655 632 692 δὲ
648 655 721 701 ὀνόματα
739 654 799 696 αύτῶν,
817 653 858 690 ὁντα
873 651 912 690 άπι-

574 724 614 749 στα.
631 717 648 757 5.
677 710 695 746 ἐν
712 708 781 756 ὀνόματι
795 707 853 755 Ἰησοῦ
871 712 912 757 Χρι-

574 767 624 802 στοῦ.
637 776 667 804 12.
681 761 745 813 Polyc.
754 771 772 812 5,
786 761 842 801 Rom.
852 760 912 800 Inscr.

575 819 593 856 έν
608 819 683 866 ὀνόματι.
699 817 775 869 Smyrn.
788 828 817 855 12.
846 820 881 853 τῶν
896 816 914 853 ε“ν

574 873 663 922 ὑποκρίσει
678 874 766 922 φερόντων
780 873 800 909 τὸ
816 871 868 919 ὄνομα
883 873 914 908 τοῦ

574 928 643 977 Κυρίου,
658 925 721 977 Polyc.
732 925 780 965 Phil.
792 927 809 964 6.
838 926 867 963 ε’δν
880 926 913 963 πά-

574 996 645 1030 σχωμεν
663 982 690 1018 διὰ
707 982 727 1019 τδ
747 981 799 1029 ὄνομα
817 981 874 1017 αὐτοῦ.
895 980 912 1017 8.

574 1037 638 1075 πάντας
644 1035 679 1073 κατ’
687 1035 746 1083 όνομαί
754 1033 797 1086 Igu.
803 1034 891 1086 Smyrna
895 1045 912 1083 3.

575 1090 594 1137 ἐξ
603 1090 685 1137 ὀνόματος
693 1090 756 1128 πάντας
763 1089 813 1137 ζίπει.
824 1088 887 1140 Polyc.
895 1101 912 1136 4.

573 1145 680 1193 Ἀσπάζομαι
689 1145 754 1183 πάντας
763 1144 783 1191 ἐξ
792 1144 879 1192 ὀνόματος.
895 1144 912 1182 8.

570 1199 637 1246 ’Άλκην
648 1200 668 1236 τὸ
677 1199 757 1246 ’παθητόν
768 1214 802 1246 μου
816 1199 873 1246 ὄνομα.
887 1197 912 1236 ib.

575 1257 595 1293 eb
604 1252 680 1304 Smyrn.
691 1265 720 1303 13.
750 1255 820 1302 Κρόκος,
830 1254 850 1291 τὸ
861 1253 915 1300 παθη-

574 1310 604 1346 τόν
612 1323 641 1356 μοι
653 1308 710 1356 ὄνομα.
726 1307 782 1346 Ριο111.
795 1320 824 1346 10.
853 1304 883 1346 Εἷς
895 1307 914 1344 δέ

574 1363 643 1411 ὀνόματι
657 1365 731 1401 Κόιντος.
747 1362 804 1401 Mart.
818 1360 881 1413 Polyc.
895 1374 913 1409 4.

574 1418 619 1454 ὁκαί
629 1419 731 1466 κληρονόμος
739 1419 759 1454 τὸ
768 1418 809 1454 αὐτὸ
819 1417 877 1464 όναμα.
888 1416 905 1454 6.

543 1471 601 1511 ίΟνος,
618 1473 637 1509 ἐν
645 1472 677 1522 ὀνιρ
685 1472 783 1510 καθίσαντες
792 1473 847 1509 αῦτόν.
855 1470 913 1510 Mart.

575 1525 638 1577 Polyc.
647 1527 664 1564 8.

547 1582 620 1619 Ὀπίσω.
639 1580 659 1617 ‘0
672 1581 691 1618 δέ
702 1581 758 1618 ὀπίσω
767 1581 798 1619 τάς
808 1584 866 1630 χεῖρας
876 1595 911 1618 ποι-

575 1634 623 1682 ἧσαι.
638 1634 695 1674 Mam
707 1634 810 1686 Polye.14.

547 1690 663 1736 Ὃπλίζεσθαι.
685 1690 796 1737 ὁπλισάμεθα
808 1692 843 1728 τοῖς
855 1689 915 1728 θπλοις

575 1746 605 1792 τῆς
613 1743 723 1791 δικαιοσύνης.
739 1742 802 1794 Polye.
813 1742 861 1782 Phil.
873 1756 890 1791 4.

546 1798 618 1837 Ὅπλον.
635 1800 658 1835 TI
667 1800 757 1846 βάπτισμα
766 1800 812 1846 ῦμιῦν
820 1799 883 1846 μενέτω
893 1799 915 1836 άις

575 1852 626 1890 ὅπλα.
642 1852 684 1904 Igu.
696 1852 758 1904 Polyc.
771 1854 788 1891 6.
811 1856 846 1892 τοῖς
855 1853 915 1891 ὅπλοις

575 1909 604 1955 τῆς
622 1907 735 1955 δικαιοσύνης.
753 1907 817 1958 Polyc.
832 1906 880 1945 Phil.
896 1921 914 1955 4.

574 1963 616 2010 μετὰ
633 1966 667 1999 τῶν
683 1962 760 2009 συνίᾳθων
775 1963 832 2001 αὐτοῖς
850 1962 915 2000 ὅπλων.

575 2015 633 2055 Mart.
644 2016 707 2068 Polyc.
719 2024 737 2066 ᾳ.

547 2072 622 2109 Ὀποῖος.
636 2108 638 2112 ,
656 2073 785 2117 ατασιαζουσῶν
802 2074 836 2108 τῶν
854 2072 916 2120 φυλῶν

576 2125 627 2162 ὁποία
637 2127 698 2164 αὐτῶν.
713 2124 773 2164 Olem.
784 2124 796 2163 I
806 2138 837 2174 43.
865 2126 886 2162 τδ
897 2125 915 2162 δὲ

576 2179 615 2217 ἔθος
623 2182 681 2217 ὁποῖον
687 2180 707 2217 δν
713 2180 825 2230 παραληφθῇ.
837 2178 914 2231 Fragm.

576 2246 601 2271 vl.

548 2290 619 2326 Ὀπτᾶν.
650 2287 689 2325 ἀλλ’
704 2290 726 2327 ὥς
744 2288 794 2337 άρτος
812 2288 915 2337 ὀπτώμενος.

577 2341 634 2381 Mart.
645 2341 710 2394 Polyc.
720 2352 750 2391 15.

548 2397 639 2434 Ὀπτασίυ.
666 2399 804 2447 προσευχόμενος
815 2398 833 2434 ἐν
842 2397 916 2446 ὀπτασίᾳ

576 2451 642 2501 γέγονε.
652 2451 708 2491 Mart.
717 2451 779 2503 Polyc.
788 2460 805 2500 5.
824 2455 853 2500 τῆς
861 2453 914 2502 φανε·

576 2506 660 2556 ρωθείσης
678 2507 706 2545 ι’πὶ
724 2511 754 2545 τοῦ
774 2508 915 2557 προσκεφαλαίου

577 2559 666 2600 ὀπτασίας,
679 2573 708 2601 12.

545 2613 649 2653 ίΟπτεσθαι.
678 2618 699 2654 δι’
709 2617 733 2654 ὧν
741 2617 851 2666 πράσσουσιν
860 2615 916 2665 ὀφθη-

577 2685 641 2708 σονται.
652 2669 695 2722 Igu.
702 2669 751 2722 Eph.
758 2682 788 2718 14.
807 2670 873 2708 οὐδὲτὸ
880 2674 915 2708 σεῦ-

576 2726 600 2772 μά
608 2740 641 2772 μου
650 2728 660 2762 ὁ
669 2728 733 2774 κόσμος
743 2725 812 2775 ὀφεται.
824 2723 879 2763 Rom.
891 2738 908 2772 4.

548 2778 605 2828 ‘Opfim
628 2779 694 2829 ιΟρᾶτε,
708 2780 787 2829 ὀδελφαί.
803 2777 862 2818 (ίίθῐη.
873 2778 884 2817 Ι
897 2792 914 2827 4.

577 2836 596 2871 et
607 2846 637 2881 41.
662 2834 727 2884 Ὁρᾶτε,
741 2834 830 2884 ἀγαπητοί.
843 2834 915 2883 1416,

579 2900 608 2926 21.
637 2889 698 2939 Ὁρᾶτε
714 2889 740 2927 ὀτι
756 2890 774 2926 ἐν
789 2892 841 2940 καιρῷ
855 2889 915 2940 ὀλίγῳ.

579 2954 608 2992 23.
637 2943 712 2994 Ὀρῶμεν
721 2945 754 2994 γάρ
764 2943 790 2981 ὁτι
803 2945 856 2982 ε’νίους
868 2944 916 2991 ύμεῖς

576 2999 683 3048 μεταγάγετε,
702 3011 733 3047 44.
770 2998 831 3047 Ὀρᾶτε
840 3029 855 3037 ..
867 3001 916 3037 ,πῶς

576 3053 620 3102 μέγα
629 3084 632 3091 .
641 3084 644 3092 .
656 3082 659 3091 .
668 3054 678 3100 ἡ
687 3053 750 3104 ὀγάπη.
765 3061 795 3101 50.
818 3053 867 3091 οὐδέν
875 3052 914 3090 τοῦ·
