<?xml version="1.0" encoding="UTF-8"?>
<!DOCTYPE html PUBLIC "-//W3C//DTD XHTML 1.0 Transitional//EN"
    "http://www.w3.org/TR/xhtml1/DTD/xhtml1-transitional.dtd">
<html xmlns="http://www.w3.org/1999/xhtml" xml:lang="en" lang="en">
 <head>
  <title>
</title>
<meta http-equiv="Content-Type" content="text/html;charset=utf-8" />
  <meta name='ocr-system' content='tesseract 3.04.00' />
  <meta name='ocr-capabilities' content='ocr_page ocr_carea ocr_par ocr_line ocrx_word'/>
</head>
<body>
  <div class='ocr_page' id='page_1' title='image "./MN41360ucmf_0/MN41360ucmf_0_0051.png"; bbox 0 0 1958 3490; ppageno 0'>
   <div class='ocr_carea' id='block_1_1' title="bbox 281 218 831 284">
    <p class='ocr_par' dir='ltr' id='par_1_1' title="bbox 281 218 831 284">
     <span class='ocr_line' id='line_1_1' title="bbox 281 218 831 284; baseline -0.005 -6"><span class='ocrx_word' id='word_1_1' title='bbox 281 235 321 284; x_wconf 79' lang='lat' dir='ltr'>aa</span> <span class='ocrx_word' id='word_1_2' title='bbox 341 234 363 278; x_wconf 88' lang='grc'>0.</span> <span class='ocrx_word' id='word_1_3' title='bbox 380 234 501 278; x_wconf 77' lang='lat' dir='ltr'>lenanu</span> <span class='ocrx_word' id='word_1_4' title='bbox 521 218 682 277; x_wconf 80' lang='grc'>0000000100,</span> <span class='ocrx_word' id='word_1_5' title='bbox 773 232 831 276; x_wconf 72' lang='lat' dir='ltr'>xxva</span> 
     </span>
    </p>
   </div>
   <div class='ocr_carea' id='block_1_2' title="bbox 125 348 831 1591">
    <p class='ocr_par' dir='ltr' id='par_1_2' title="bbox 129 348 831 881">
     <span class='ocr_line' id='line_1_2' title="bbox 129 348 829 409; baseline -0.006 -14"><span class='ocrx_word' id='word_1_6' title='bbox 129 351 197 409; x_wconf 89' lang='lat' dir='ltr'>cipem</span> <span class='ocrx_word' id='word_1_7' title='bbox 212 366 256 394; x_wconf 89' lang='lat' dir='ltr'>esse</span> <span class='ocrx_word' id='word_1_8' title='bbox 271 351 399 394; x_wconf 85' lang='lat' dir='ltr'>Graecarum</span> <span class='ocrx_word' id='word_1_9' title='bbox 413 350 557 407; x_wconf 89' lang='lat' dir='ltr'>Epistolarum</span> <span class='ocrx_word' id='word_1_10' title='bbox 571 348 701 401; x_wconf 86' lang='lat' dir='ltr'>Editionem,</span> <span class='ocrx_word' id='word_1_11' title='bbox 719 349 782 392; x_wconf 88' lang='lat' dir='ltr'>fidem</span> <span class='ocrx_word' id='word_1_12' title='bbox 799 350 829 392; x_wconf 85' lang='lat' dir='ltr'>fa-</span> 
     </span>
     <span class='ocr_line' id='line_1_3' title="bbox 130 417 831 477; baseline -0.004 -14"><span class='ocrx_word' id='word_1_13' title='bbox 130 420 189 464; x_wconf 89' lang='lat' dir='ltr'>ciunt</span> <span class='ocrx_word' id='word_1_14' title='bbox 203 419 240 463; x_wconf 92' lang='lat' dir='ltr'>illa</span> <span class='ocrx_word' id='word_1_15' title='bbox 249 419 421 463; x_wconf 77' lang='lat' dir='ltr'>Centuriatorum</span> <span class='ocrx_word' id='word_1_16' title='bbox 431 417 662 477; x_wconf 80' lang='lat' dir='ltr'>Magdeburgensinm:</span> <span class='ocrx_word' id='word_1_17' title='bbox 679 419 741 462; x_wconf 84' lang='lat' dir='ltr'>“Est</span> <span class='ocrx_word' id='word_1_18' title='bbox 755 420 777 462; x_wconf 91' lang='lat' dir='ltr'>et</span> <span class='ocrx_word' id='word_1_19' title='bbox 791 418 831 461; x_wconf 92' lang='grc'>100</span> 
     </span>
     <span class='ocr_line' id='line_1_4' title="bbox 130 487 831 547; baseline -0.004 -14"><span class='ocrx_word' id='word_1_20' title='bbox 130 496 144 517; x_wconf 85' lang='lat'><strong><em>“</em></strong></span> <span class='ocrx_word' id='word_1_21' title='bbox 154 490 306 543; x_wconf 87' lang='lat' dir='ltr'>annotandum,</span> <span class='ocrx_word' id='word_1_22' title='bbox 328 490 385 547; x_wconf 89' lang='lat' dir='ltr'>quod</span> <span class='ocrx_word' id='word_1_23' title='bbox 406 489 447 533; x_wconf 92' lang='grc'>100</span> <span class='ocrx_word' id='word_1_24' title='bbox 469 504 524 533; x_wconf 86' lang='lat' dir='ltr'>anuo</span> <span class='ocrx_word' id='word_1_25' title='bbox 546 490 600 546; x_wconf 82' lang='lat'>1558</span> <span class='ocrx_word' id='word_1_26' title='bbox 620 488 730 546; x_wconf 83' lang='lat' dir='ltr'>Epistolae</span> <span class='ocrx_word' id='word_1_27' title='bbox 749 487 831 545; x_wconf 78' lang='lat' dir='ltr'>Ignatii</span> 
     </span>
     <span class='ocr_line' id='line_1_5' title="bbox 130 558 831 616; baseline -0.003 -13"><span class='ocrx_word' id='word_1_28' title='bbox 130 560 246 604; x_wconf 81' lang='lat' dir='ltr'>“Graecae</span> <span class='ocrx_word' id='word_1_29' title='bbox 260 559 303 603; x_wconf 88' lang='grc'>0101</span> <span class='ocrx_word' id='word_1_30' title='bbox 314 559 427 616; x_wconf 78' lang='lat' dir='ltr'><strong>impressae</strong></span> <span class='ocrx_word' id='word_1_31' title='bbox 441 562 462 602; x_wconf 92' lang='grc'>01</span> <span class='ocrx_word' id='word_1_32' title='bbox 475 558 599 616; x_wconf 86' lang='grc'>0011100100,</span> <span class='ocrx_word' id='word_1_33' title='bbox 610 574 664 616; x_wconf 89' lang='lat' dir='ltr'>quae</span> <span class='ocrx_word' id='word_1_34' title='bbox 678 559 780 602; x_wconf 88' lang='lat' dir='ltr'>hactenus</span> <span class='ocrx_word' id='word_1_35' title='bbox 794 573 831 614; x_wconf 90' lang='lat' dir='ltr'>per</span> 
     </span>
     <span class='ocr_line' id='line_1_6' title="bbox 130 627 831 686; baseline -0.003 -14"><span class='ocrx_word' id='word_1_36' title='bbox 130 628 234 686; x_wconf 88' lang='lat' dir='ltr'>“aliquot</span> <span class='ocrx_word' id='word_1_37' title='bbox 249 628 329 672; x_wconf 85' lang='grc'>0000010</span> <span class='ocrx_word' id='word_1_38' title='bbox 343 628 476 672; x_wconf 83' lang='lat' dir='ltr'>latuerunt.”</span> <span class='ocrx_word' id='word_1_39' title='bbox 507 628 576 672; x_wconf 71' lang='grc'>110000</span> <span class='ocrx_word' id='word_1_40' title='bbox 591 628 710 672; x_wconf 79' lang='lat' dir='ltr'>Duodecim</span> <span class='ocrx_word' id='word_1_41' title='bbox 724 627 831 685; x_wconf 88' lang='lat' dir='ltr'>Epistolae</span> 
     </span>
     <span class='ocr_line' id='line_1_7' title="bbox 130 698 830 755; baseline -0.001 -14"><span class='ocrx_word' id='word_1_42' title='bbox 130 701 179 741; x_wconf 83' lang='lat' dir='ltr'>ante</span> <span class='ocrx_word' id='word_1_43' title='bbox 189 713 202 740; x_wconf 93' lang='grc'>0</span> <span class='ocrx_word' id='word_1_44' title='bbox 212 698 331 755; x_wconf 85' lang='lat' dir='ltr'>Stapnlensi</span> <span class='ocrx_word' id='word_1_45' title='bbox 341 702 379 742; x_wconf 87' lang='grc'>001</span> <span class='ocrx_word' id='word_1_46' title='bbox 389 698 515 755; x_wconf 79' lang='grc'>0100000010</span> <span class='ocrx_word' id='word_1_47' title='bbox 525 698 608 751; x_wconf 83' lang='lat' dir='ltr'>Latine,</span> <span class='ocrx_word' id='word_1_48' title='bbox 619 714 677 741; x_wconf 92' lang='lat' dir='ltr'>nunc</span> <span class='ocrx_word' id='word_1_49' title='bbox 691 714 704 740; x_wconf 88' lang='lat' dir='ltr'>a</span> <span class='ocrx_word' id='word_1_50' title='bbox 714 698 791 741; x_wconf 88' lang='lat' dir='ltr'>Pacaeo</span> <span class='ocrx_word' id='word_1_51' title='bbox 805 713 830 741; x_wconf 84' lang='lat' dir='ltr'>ex</span> 
     </span>
     <span class='ocr_line' id='line_1_8' title="bbox 129 767 830 825; baseline -0.001 -14"><span class='ocrx_word' id='word_1_52' title='bbox 129 768 256 825; x_wconf 78' lang='lat' dir='ltr'>Augustano</span> <span class='ocrx_word' id='word_1_53' title='bbox 266 768 364 825; x_wconf 88' lang='lat' dir='ltr'>primum,</span> <span class='ocrx_word' id='word_1_54' title='bbox 375 768 426 811; x_wconf 91' lang='lat' dir='ltr'>dein</span> <span class='ocrx_word' id='word_1_55' title='bbox 435 784 448 811; x_wconf 89' lang='grc'>0</span> <span class='ocrx_word' id='word_1_56' title='bbox 458 768 550 812; x_wconf 80' lang='lat' dir='ltr'>Gesnero</span> <span class='ocrx_word' id='word_1_57' title='bbox 561 783 572 811; x_wconf 93' lang='grc'>0</span> <span class='ocrx_word' id='word_1_58' title='bbox 582 767 746 825; x_wconf 83' lang='lat' dir='ltr'>Nydprucciano</span> <span class='ocrx_word' id='word_1_59' title='bbox 761 767 830 811; x_wconf 89' lang='lat' dir='ltr'>codice</span> 
     </span>
     <span class='ocr_line' id='line_1_9' title="bbox 130 837 270 881; baseline 0.007 -2"><span class='ocrx_word' id='word_1_60' title='bbox 130 837 199 880; x_wconf 87' lang='lat' dir='ltr'>editae</span> <span class='ocrx_word' id='word_1_61' title='bbox 214 841 270 881; x_wconf 88' lang='grc'>0001.</span> 
     </span>
    </p>

    <p class='ocr_par' dir='ltr' id='par_1_3' title="bbox 125 906 830 1591">
     <span class='ocr_line' id='line_1_10' title="bbox 159 906 830 965; baseline -0.001 -15"><span class='ocrx_word' id='word_1_62' title='bbox 159 907 233 950; x_wconf 72' lang='lat' dir='ltr'>Quum</span> <span class='ocrx_word' id='word_1_63' title='bbox 244 908 289 965; x_wconf 88' lang='lat' dir='ltr'>jam</span> <span class='ocrx_word' id='word_1_64' title='bbox 302 907 382 950; x_wconf 82' lang='lat' dir='ltr'>Graeca</span> <span class='ocrx_word' id='word_1_65' title='bbox 397 906 524 964; x_wconf 81' lang='lat' dir='ltr'>exemplaria</span> <span class='ocrx_word' id='word_1_66' title='bbox 538 910 652 960; x_wconf 85' lang='lat' dir='ltr'>exstarent,</span> <span class='ocrx_word' id='word_1_67' title='bbox 662 906 726 964; x_wconf 90' lang='lat' dir='ltr'>primi</span> <span class='ocrx_word' id='word_1_68' title='bbox 736 906 830 950; x_wconf 89' lang='lat' dir='ltr'>omnium</span> 
     </span>
     <span class='ocr_line' id='line_1_11' title="bbox 130 975 830 1034; baseline 0 -15"><span class='ocrx_word' id='word_1_69' title='bbox 130 976 286 1020; x_wconf 79' lang='lat' dir='ltr'>Genturiatcres</span> <span class='ocrx_word' id='word_1_70' title='bbox 293 976 457 1034; x_wconf 78' lang='lat' dir='ltr'>Magdeburgici</span> <span class='ocrx_word' id='word_1_71' title='bbox 465 976 590 1033; x_wconf 83' lang='lat' dir='ltr'>suspiciones</span> <span class='ocrx_word' id='word_1_72' title='bbox 600 991 656 1030; x_wconf 88' lang='grc'>0000,</span> <span class='ocrx_word' id='word_1_73' title='bbox 665 976 702 1020; x_wconf 89' lang='grc'>001</span> <span class='ocrx_word' id='word_1_74' title='bbox 709 979 769 1020; x_wconf 90' lang='grc'>00010</span> <span class='ocrx_word' id='word_1_75' title='bbox 779 975 830 1019; x_wconf 89' lang='grc'>00110</span> 
     </span>
     <span class='ocr_line' id='line_1_12' title="bbox 129 1045 830 1104; baseline -0.001 -15"><span class='ocrx_word' id='word_1_76' title='bbox 129 1046 275 1104; x_wconf 75' lang='lat' dir='ltr'>moderateque</span> <span class='ocrx_word' id='word_1_77' title='bbox 289 1050 448 1104; x_wconf 86' lang='lat' dir='ltr'>proposuerunt.</span> <span class='ocrx_word' id='word_1_78' title='bbox 483 1046 605 1090; x_wconf 76' lang='lat' dir='ltr'>Quinetiam</span> <span class='ocrx_word' id='word_1_79' title='bbox 619 1046 694 1089; x_wconf 88' lang='lat' dir='ltr'>statim</span> <span class='ocrx_word' id='word_1_80' title='bbox 709 1046 779 1103; x_wconf 81' lang='lat' dir='ltr'>gravis</span> <span class='ocrx_word' id='word_1_81' title='bbox 794 1045 830 1088; x_wconf 90' lang='lat' dir='ltr'>illa</span> 
     </span>
     <span class='ocr_line' id='line_1_13' title="bbox 129 1114 829 1174; baseline 0 -17"><span class='ocrx_word' id='word_1_82' title='bbox 129 1114 218 1158; x_wconf 67' lang='lat' dir='ltr'>«loannis</span> <span class='ocrx_word' id='word_1_83' title='bbox 229 1114 312 1158; x_wconf 83' lang='lat' dir='ltr'>Calvini</span> <span class='ocrx_word' id='word_1_84' title='bbox 322 1130 409 1158; x_wconf 87' lang='lat' dir='ltr'>censura</span> <span class='ocrx_word' id='word_1_85' title='bbox 422 1114 508 1173; x_wconf 87' lang='lat' dir='ltr'>prodiit,</span> <span class='ocrx_word' id='word_1_86' title='bbox 518 1115 554 1159; x_wconf 88' lang='lat' dir='ltr'>lib.</span> <span class='ocrx_word' id='word_1_87' title='bbox 563 1115 570 1158; x_wconf 96' lang='grc'>1</span> <span class='ocrx_word' id='word_1_88' title='bbox 580 1131 624 1172; x_wconf 89' lang='lat' dir='ltr'>cap.</span> <span class='ocrx_word' id='word_1_89' title='bbox 633 1130 647 1174; x_wconf 78' lang='lat'><em>3</em></span> <span class='ocrx_word' id='word_1_90' title='bbox 658 1114 829 1167; x_wconf 70' lang='lat' dir='ltr'>Institutionum,</span> 
     </span>
     <span class='ocr_line' id='line_1_14' title="bbox 125 1183 830 1243; baseline -0.001 -16"><span class='ocrx_word' id='word_1_91' title='bbox 125 1185 172 1243; x_wconf 82' lang='lat' dir='ltr'>jam</span> <span class='ocrx_word' id='word_1_92' title='bbox 188 1187 235 1228; x_wconf 90' lang='lat' dir='ltr'>tum</span> <span class='ocrx_word' id='word_1_93' title='bbox 253 1185 276 1227; x_wconf 93' lang='lat' dir='ltr'>in</span> <span class='ocrx_word' id='word_1_94' title='bbox 292 1184 454 1229; x_wconf 86' lang='lat' dir='ltr'>commodiorem</span> <span class='ocrx_word' id='word_1_95' title='bbox 471 1185 561 1228; x_wconf 84' lang='lat' dir='ltr'>formam</span> <span class='ocrx_word' id='word_1_96' title='bbox 577 1185 709 1229; x_wconf 89' lang='lat' dir='ltr'>redactarum</span> <span class='ocrx_word' id='word_1_97' title='bbox 717 1203 723 1237; x_wconf 85' lang='lat'>;</span> <span class='ocrx_word' id='word_1_98' title='bbox 745 1183 830 1227; x_wconf 91' lang='lat' dir='ltr'>“Nihil</span> 
     </span>
     <span class='ocr_line' id='line_1_15' title="bbox 129 1252 829 1311; baseline -0.001 -14"><span class='ocrx_word' id='word_1_99' title='bbox 129 1259 144 1280; x_wconf 90' lang='lat'><em>“</em></span> <span class='ocrx_word' id='word_1_100' title='bbox 154 1253 234 1297; x_wconf 87' lang='lat' dir='ltr'>naeniis</span> <span class='ocrx_word' id='word_1_101' title='bbox 246 1254 295 1308; x_wconf 89' lang='grc'>11110,</span> <span class='ocrx_word' id='word_1_102' title='bbox 305 1269 356 1311; x_wconf 90' lang='lat' dir='ltr'>quae</span> <span class='ocrx_word' id='word_1_103' title='bbox 372 1254 412 1298; x_wconf 86' lang='lat' dir='ltr'>sub</span> <span class='ocrx_word' id='word_1_104' title='bbox 422 1254 505 1311; x_wconf 79' lang='lat' dir='ltr'>Ignatii</span> <span class='ocrx_word' id='word_1_105' title='bbox 519 1253 603 1298; x_wconf 90' lang='lat' dir='ltr'>nomine</span> <span class='ocrx_word' id='word_1_106' title='bbox 616 1253 686 1297; x_wconf 91' lang='lat' dir='ltr'>editae</span> <span class='ocrx_word' id='word_1_107' title='bbox 701 1256 758 1306; x_wconf 92' lang='lat' dir='ltr'>sunt,</span> <span class='ocrx_word' id='word_1_108' title='bbox 772 1252 829 1310; x_wconf 91' lang='lat' dir='ltr'>puti-</span> 
     </span>
     <span class='ocr_line' id='line_1_16' title="bbox 129 1323 830 1381; baseline -0.001 -15"><span class='ocrx_word' id='word_1_109' title='bbox 129 1328 144 1349; x_wconf 90' lang='lat'><strong>“</strong></span> <span class='ocrx_word' id='word_1_110' title='bbox 154 1323 208 1366; x_wconf 89' lang='lat' dir='ltr'>dius.</span> <span class='ocrx_word' id='word_1_111' title='bbox 239 1323 286 1367; x_wconf 74' lang='lat' dir='ltr'>Quo</span> <span class='ocrx_word' id='word_1_112' title='bbox 299 1323 368 1366; x_wconf 90' lang='lat' dir='ltr'>minus</span> <span class='ocrx_word' id='word_1_113' title='bbox 382 1323 497 1367; x_wconf 89' lang='lat' dir='ltr'>tolerabilis</span> <span class='ocrx_word' id='word_1_114' title='bbox 512 1327 544 1367; x_wconf 86' lang='lat' dir='ltr'>est</span> <span class='ocrx_word' id='word_1_115' title='bbox 558 1339 630 1367; x_wconf 89' lang='lat' dir='ltr'>eorum</span> <span class='ocrx_word' id='word_1_116' title='bbox 643 1323 783 1381; x_wconf 86' lang='lat' dir='ltr'>impudentia,</span> <span class='ocrx_word' id='word_1_117' title='bbox 794 1323 830 1380; x_wconf 90' lang='lat' dir='ltr'>qui</span> 
     </span>
     <span class='ocr_line' id='line_1_17' title="bbox 129 1392 829 1449; baseline -0.001 -13"><span class='ocrx_word' id='word_1_118' title='bbox 129 1392 232 1436; x_wconf 88' lang='lat' dir='ltr'>“talibus</span> <span class='ocrx_word' id='word_1_119' title='bbox 246 1392 309 1436; x_wconf 88' lang='lat' dir='ltr'>larvis</span> <span class='ocrx_word' id='word_1_120' title='bbox 323 1392 349 1436; x_wconf 92' lang='lat' dir='ltr'>ad</span> <span class='ocrx_word' id='word_1_121' title='bbox 363 1392 480 1436; x_wconf 87' lang='lat' dir='ltr'>fallendum</span> <span class='ocrx_word' id='word_1_122' title='bbox 494 1408 516 1436; x_wconf 89' lang='grc'>00</span> <span class='ocrx_word' id='word_1_123' title='bbox 530 1392 662 1436; x_wconf 84' lang='lat' dir='ltr'>inst1·nunt.”</span> <span class='ocrx_word' id='word_1_124' title='bbox 693 1392 728 1436; x_wconf 91' lang='lat' dir='ltr'>Ita</span> <span class='ocrx_word' id='word_1_125' title='bbox 742 1392 777 1436; x_wconf 91' lang='grc'>1110</span> <span class='ocrx_word' id='word_1_126' title='bbox 791 1408 829 1449; x_wconf 90' lang='grc'>000</span> 
     </span>
     <span class='ocr_line' id='line_1_18' title="bbox 129 1462 829 1522; baseline 0 -17"><span class='ocrx_word' id='word_1_127' title='bbox 129 1477 186 1505; x_wconf 89' lang='lat' dir='ltr'>more</span> <span class='ocrx_word' id='word_1_128' title='bbox 201 1478 238 1506; x_wconf 92' lang='grc'>000</span> <span class='ocrx_word' id='word_1_129' title='bbox 253 1463 327 1506; x_wconf 87' lang='lat' dir='ltr'>acriter</span> <span class='ocrx_word' id='word_1_130' title='bbox 341 1463 392 1506; x_wconf 88' lang='grc'>00110</span> <span class='ocrx_word' id='word_1_131' title='bbox 408 1467 430 1506; x_wconf 89' lang='grc'>01</span> <span class='ocrx_word' id='word_1_132' title='bbox 444 1462 542 1507; x_wconf 83' lang='lat' dir='ltr'>animose.</span> <span class='ocrx_word' id='word_1_133' title='bbox 573 1463 640 1506; x_wconf 83' lang='lat' dir='ltr'>“Nec</span> <span class='ocrx_word' id='word_1_134' title='bbox 655 1466 728 1522; x_wconf 87' lang='lat' dir='ltr'>tamen</span> <span class='ocrx_word' id='word_1_135' title='bbox 742 1462 829 1506; x_wconf 81' lang='lat' dir='ltr'>offendit</span> 
     </span>
     <span class='ocr_line' id='line_1_19' title="bbox 129 1531 828 1591; baseline -0.001 -16"><span class='ocrx_word' id='word_1_136' title='bbox 129 1531 266 1575; x_wconf 87' lang='lat' dir='ltr'>“Calvinum</span> <span class='ocrx_word' id='word_1_137' title='bbox 281 1531 386 1589; x_wconf 79' lang='lat' dir='ltr'>Ignatius,</span> <span class='ocrx_word' id='word_1_138' title='bbox 402 1532 439 1575; x_wconf 91' lang='lat' dir='ltr'>sed</span> <span class='ocrx_word' id='word_1_139' title='bbox 456 1532 472 1575; x_wconf 92' lang='lat' dir='ltr'>ii</span> <span class='ocrx_word' id='word_1_140' title='bbox 487 1531 524 1589; x_wconf 89' lang='lat' dir='ltr'>qui</span> <span class='ocrx_word' id='word_1_141' title='bbox 539 1532 650 1590; x_wconf 79' lang='lat' dir='ltr'>Ignatinm</span> <span class='ocrx_word' id='word_1_142' title='bbox 668 1531 828 1591; x_wconf 86' lang='lat' dir='ltr'>corruperunt‚”</span> 
     </span>
    </p>
   </div>
   <div class='ocr_carea' id='block_1_3' title="bbox 838 915 933 1047">
    <p class='ocr_par' dir='ltr' id='par_1_4' title="bbox 838 915 933 1047">
     <span class='ocr_line' id='line_1_20' title="bbox 839 915 933 948; baseline 0 0"><span class='ocrx_word' id='word_1_143' title='bbox 839 915 933 948; x_wconf 75' lang='grc'>1100100101.</span> 
     </span>
     <span class='ocr_line' id='line_1_21' title="bbox 838 960 911 1003; baseline 0 -10"><span class='ocrx_word' id='word_1_144' title='bbox 838 960 911 1003; x_wconf 74' lang='lat' dir='ltr'>Magne-</span> 
     </span>
     <span class='ocr_line' id='line_1_22' title="bbox 838 1004 885 1047; baseline 0.021 -10"><span class='ocrx_word' id='word_1_145' title='bbox 838 1004 885 1047; x_wconf 76' lang='lat' dir='ltr'>burg.</span> 
     </span>
    </p>
   </div>
   <div class='ocr_carea' id='block_1_4' title="bbox 838 1120 902 1155">
    <p class='ocr_par' dir='ltr' id='par_1_5' title="bbox 838 1120 902 1155">
     <span class='ocr_line' id='line_1_23' title="bbox 838 1120 902 1155; baseline 0 0"><span class='ocrx_word' id='word_1_146' title='bbox 838 1120 902 1155; x_wconf 78' lang='grc'>(101010.</span> 
     </span>
    </p>
   </div>
   <div class='ocr_carea' id='block_1_5' title="bbox 128 1600 913 1658">
    <p class='ocr_par' dir='ltr' id='par_1_6' title="bbox 128 1600 913 1658">
     <span class='ocr_line' id='line_1_24' title="bbox 128 1600 913 1658; baseline -0.004 -15"><span class='ocrx_word' id='word_1_147' title='bbox 128 1600 199 1658; x_wconf 87' lang='lat' dir='ltr'>inquit</span> <span class='ocrx_word' id='word_1_148' title='bbox 209 1601 309 1645; x_wconf 85' lang='lat' dir='ltr'>Eivetus:</span> <span class='ocrx_word' id='word_1_149' title='bbox 324 1601 473 1645; x_wconf 84' lang='lat' dir='ltr'>auctoritatem</span> <span class='ocrx_word' id='word_1_150' title='bbox 483 1601 539 1644; x_wconf 88' lang='lat' dir='ltr'>enim</span> <span class='ocrx_word' id='word_1_151' title='bbox 549 1601 630 1658; x_wconf 80' lang='lat' dir='ltr'>Ignatii</span> <span class='ocrx_word' id='word_1_152' title='bbox 645 1600 713 1658; x_wconf 83' lang='lat' dir='ltr'>rejicit</span> <span class='ocrx_word' id='word_1_153' title='bbox 728 1600 754 1643; x_wconf 86' lang='lat' dir='ltr'>ab</span> <span class='ocrx_word' id='word_1_154' title='bbox 764 1601 827 1644; x_wconf 88' lang='lat' dir='ltr'>Anti·</span> <span class='ocrx_word' id='word_1_155' title='bbox 836 1607 913 1641; x_wconf 79' lang='lat' dir='ltr'>Rivetus.</span> 
     </span>
    </p>
   </div>
   <div class='ocr_carea' id='block_1_6' title="bbox 125 1670 829 2838">
    <p class='ocr_par' dir='ltr' id='par_1_7' title="bbox 125 1670 828 1921">
     <span class='ocr_line' id='line_1_25' title="bbox 127 1670 828 1728; baseline 0 -15"><span class='ocrx_word' id='word_1_156' title='bbox 127 1670 239 1713; x_wconf 87' lang='lat' dir='ltr'>trinitariis</span> <span class='ocrx_word' id='word_1_157' title='bbox 255 1671 364 1728; x_wconf 85' lang='lat' dir='ltr'>objectam,</span> <span class='ocrx_word' id='word_1_158' title='bbox 380 1687 407 1714; x_wconf 86' lang='lat' dir='ltr'>ex</span> <span class='ocrx_word' id='word_1_159' title='bbox 421 1671 517 1727; x_wconf 80' lang='lat' dir='ltr'>Epistola</span> <span class='ocrx_word' id='word_1_160' title='bbox 531 1671 575 1714; x_wconf 88' lang='grc'>0100</span> <span class='ocrx_word' id='word_1_161' title='bbox 590 1671 654 1714; x_wconf 84' lang='grc'>10110</span> <span class='ocrx_word' id='word_1_162' title='bbox 669 1670 697 1713; x_wconf 89' lang='grc'>01</span> <span class='ocrx_word' id='word_1_163' title='bbox 711 1670 828 1723; x_wconf 79' lang='lat' dir='ltr'>Tarsenses,</span> 
     </span>
     <span class='ocr_line' id='line_1_26' title="bbox 128 1740 828 1797; baseline 0 -14"><span class='ocrx_word' id='word_1_164' title='bbox 128 1755 181 1796; x_wconf 84' lang='lat' dir='ltr'>qnae</span> <span class='ocrx_word' id='word_1_165' title='bbox 193 1756 231 1797; x_wconf 84' lang='lat' dir='ltr'>pro</span> <span class='ocrx_word' id='word_1_166' title='bbox 241 1740 333 1797; x_wconf 81' lang='lat' dir='ltr'>genuina</span> <span class='ocrx_word' id='word_1_167' title='bbox 345 1756 389 1784; x_wconf 91' lang='lat' dir='ltr'>non</span> <span class='ocrx_word' id='word_1_168' title='bbox 403 1740 525 1797; x_wconf 82' lang='lat' dir='ltr'>agnoscitur</span> <span class='ocrx_word' id='word_1_169' title='bbox 531 1758 538 1792; x_wconf 86' lang='lat'>;</span> <span class='ocrx_word' id='word_1_170' title='bbox 554 1743 575 1783; x_wconf 87' lang='lat' dir='ltr'>et</span> <span class='ocrx_word' id='word_1_171' title='bbox 586 1740 776 1797; x_wconf 75' lang='lat' dir='ltr'>Quadragesimam</span> <span class='ocrx_word' id='word_1_172' title='bbox 790 1740 828 1783; x_wconf 90' lang='lat' dir='ltr'>ali·</span> 
     </span>
     <span class='ocr_line' id='line_1_27' title="bbox 128 1808 828 1867; baseline 0.001 -15"><span class='ocrx_word' id='word_1_173' title='bbox 128 1824 191 1866; x_wconf 88' lang='lat' dir='ltr'>asque</span> <span class='ocrx_word' id='word_1_174' title='bbox 200 1810 323 1853; x_wconf 82' lang='lat' dir='ltr'>traditiones</span> <span class='ocrx_word' id='word_1_175' title='bbox 337 1809 417 1867; x_wconf 89' lang='lat' dir='ltr'>objicit,</span> <span class='ocrx_word' id='word_1_176' title='bbox 428 1825 481 1866; x_wconf 89' lang='lat' dir='ltr'>quac</span> <span class='ocrx_word' id='word_1_177' title='bbox 493 1809 516 1852; x_wconf 91' lang='lat' dir='ltr'>in</span> <span class='ocrx_word' id='word_1_178' title='bbox 531 1810 657 1853; x_wconf 78' lang='lat' dir='ltr'>assumentis</span> <span class='ocrx_word' id='word_1_179' title='bbox 670 1812 757 1852; x_wconf 86' lang='grc'>1001000</span> <span class='ocrx_word' id='word_1_180' title='bbox 770 1808 828 1853; x_wconf 90' lang='lat' dir='ltr'>inve-</span> 
     </span>
     <span class='ocr_line' id='line_1_28' title="bbox 125 1878 222 1921; baseline 0 0"><span class='ocrx_word' id='word_1_181' title='bbox 125 1878 222 1921; x_wconf 89' lang='lat' dir='ltr'>niuntur.</span> 
     </span>
    </p>

    <p class='ocr_par' dir='ltr' id='par_1_8' title="bbox 127 1948 829 2838">
     <span class='ocr_line' id='line_1_29' title="bbox 158 1948 828 2006; baseline 0.001 -16"><span class='ocrx_word' id='word_1_182' title='bbox 158 1949 212 1991; x_wconf 66' lang='lat' dir='ltr'>&#39;lum</span> <span class='ocrx_word' id='word_1_183' title='bbox 219 1948 328 1992; x_wconf 87' lang='lat' dir='ltr'>Marianus</span> <span class='ocrx_word' id='word_1_184' title='bbox 338 1949 447 1992; x_wconf 83' lang='lat' dir='ltr'>Victorius</span> <span class='ocrx_word' id='word_1_185' title='bbox 457 1949 480 1992; x_wconf 93' lang='lat' dir='ltr'>in</span> <span class='ocrx_word' id='word_1_186' title='bbox 491 1949 512 1992; x_wconf 77' lang='lat' dir='ltr'>S.</span> <span class='ocrx_word' id='word_1_187' title='bbox 521 1949 689 2006; x_wconf 81' lang='lat' dir='ltr'>Hieronymum:</span> <span class='ocrx_word' id='word_1_188' title='bbox 701 1954 715 1974; x_wconf 86' lang='lat'><em>“</em></span> <span class='ocrx_word' id='word_1_189' title='bbox 723 1948 828 2005; x_wconf 81' lang='lat' dir='ltr'>Ignatius,</span> 
     </span>
     <span class='ocr_line' id='line_1_30' title="bbox 128 2017 828 2075; baseline 0.004 -16"><span class='ocrx_word' id='word_1_190' title='bbox 128 2017 192 2060; x_wconf 86' lang='lat' dir='ltr'>“Vir</span> <span class='ocrx_word' id='word_1_191' title='bbox 207 2017 347 2074; x_wconf 86' lang='lat' dir='ltr'>Apostolicus,</span> <span class='ocrx_word' id='word_1_192' title='bbox 363 2018 448 2075; x_wconf 88' lang='lat' dir='ltr'>scripsit</span> <span class='ocrx_word' id='word_1_193' title='bbox 462 2019 543 2062; x_wconf 88' lang='lat' dir='ltr'>litteras</span> <span class='ocrx_word' id='word_1_194' title='bbox 558 2018 585 2061; x_wconf 89' lang='lat' dir='ltr'>ad</span> <span class='ocrx_word' id='word_1_195' title='bbox 601 2018 764 2061; x_wconf 84' lang='lat' dir='ltr'>sacratissimam</span> <span class='ocrx_word' id='word_1_196' title='bbox 778 2019 828 2062; x_wconf 81' lang='lat' dir='ltr'>Vir-</span> 
     </span>
     <span class='ocr_line' id='line_1_31' title="bbox 128 2086 828 2144; baseline 0.003 -16"><span class='ocrx_word' id='word_1_197' title='bbox 128 2091 143 2112; x_wconf 84' lang='lat'><em>“</em></span> <span class='ocrx_word' id='word_1_198' title='bbox 153 2086 233 2142; x_wconf 81' lang='lat' dir='ltr'>ginem,</span> <span class='ocrx_word' id='word_1_199' title='bbox 248 2086 289 2129; x_wconf 91' lang='lat' dir='ltr'>Dei</span> <span class='ocrx_word' id='word_1_200' title='bbox 303 2086 428 2143; x_wconf 80' lang='lat' dir='ltr'>genitricem</span> <span class='ocrx_word' id='word_1_201' title='bbox 443 2087 541 2140; x_wconf 83' lang='lat' dir='ltr'>Mariam,</span> <span class='ocrx_word' id='word_1_202' title='bbox 552 2090 573 2131; x_wconf 90' lang='grc'>01</span> <span class='ocrx_word' id='word_1_203' title='bbox 588 2086 638 2130; x_wconf 88' lang='lat' dir='ltr'>alias</span> <span class='ocrx_word' id='word_1_204' title='bbox 653 2102 708 2144; x_wconf 88' lang='lat' dir='ltr'>quae</span> <span class='ocrx_word' id='word_1_205' title='bbox 722 2087 828 2131; x_wconf 80' lang='lat' dir='ltr'>exstant.’&#39;</span> 
     </span>
     <span class='ocr_line' id='line_1_32' title="bbox 127 2155 828 2213; baseline 0.003 -15"><span class='ocrx_word' id='word_1_206' title='bbox 127 2155 161 2198; x_wconf 92' lang='lat' dir='ltr'>Ac</span> <span class='ocrx_word' id='word_1_207' title='bbox 180 2156 254 2199; x_wconf 88' lang='lat' dir='ltr'>statim</span> <span class='ocrx_word' id='word_1_208' title='bbox 271 2156 378 2199; x_wconf 78' lang='lat' dir='ltr'>etiamen</span> <span class='ocrx_word' id='word_1_209' title='bbox 395 2156 485 2199; x_wconf 80' lang='lat' dir='ltr'>Eutheri</span> <span class='ocrx_word' id='word_1_210' title='bbox 503 2156 579 2200; x_wconf 81' lang='lat' dir='ltr'>Schola</span> <span class='ocrx_word' id='word_1_211' title='bbox 598 2156 685 2200; x_wconf 83' lang='lat' dir='ltr'>celebris</span> <span class='ocrx_word' id='word_1_212' title='bbox 703 2157 828 2213; x_wconf 63' lang='lat' dir='ltr'>amangus,</span> 
     </span>
     <span class='ocr_line' id='line_1_33' title="bbox 128 2225 828 2280; baseline 0.003 -12"><span class='ocrx_word' id='word_1_213' title='bbox 128 2225 236 2268; x_wconf 85' lang='lat' dir='ltr'>Martinus</span> <span class='ocrx_word' id='word_1_214' title='bbox 247 2226 386 2280; x_wconf 83' lang='lat' dir='ltr'>Chemnitius,</span> <span class='ocrx_word' id='word_1_215' title='bbox 401 2226 424 2269; x_wconf 91' lang='lat' dir='ltr'>in</span> <span class='ocrx_word' id='word_1_216' title='bbox 436 2226 539 2270; x_wconf 84' lang='lat' dir='ltr'>Examina</span> <span class='ocrx_word' id='word_1_217' title='bbox 552 2226 641 2269; x_wconf 83' lang='lat' dir='ltr'>Concilii</span> <span class='ocrx_word' id='word_1_218' title='bbox 651 2226 777 2280; x_wconf 71' lang='lat' dir='ltr'>Tudentini,</span> <span class='ocrx_word' id='word_1_219' title='bbox 791 2228 828 2270; x_wconf 89' lang='lat' dir='ltr'>ha-</span> 
     </span>
     <span class='ocr_line' id='line_1_34' title="bbox 128 2294 829 2352; baseline 0.004 -16"><span class='ocrx_word' id='word_1_220' title='bbox 128 2309 176 2337; x_wconf 89' lang='lat' dir='ltr'>rum</span> <span class='ocrx_word' id='word_1_221' title='bbox 189 2294 332 2352; x_wconf 81' lang='lat' dir='ltr'>Epistularum</span> <span class='ocrx_word' id='word_1_222' title='bbox 344 2294 473 2339; x_wconf 88' lang='lat' dir='ltr'>testimoniis</span> <span class='ocrx_word' id='word_1_223' title='bbox 488 2310 548 2352; x_wconf 87' lang='lat' dir='ltr'>saepe</span> <span class='ocrx_word' id='word_1_224' title='bbox 562 2295 637 2349; x_wconf 88' lang='lat' dir='ltr'>utitur,</span> <span class='ocrx_word' id='word_1_225' title='bbox 651 2295 723 2352; x_wconf 87' lang='lat' dir='ltr'>eisque</span> <span class='ocrx_word' id='word_1_226' title='bbox 737 2296 829 2339; x_wconf 89' lang='lat' dir='ltr'>multum</span> 
     </span>
     <span class='ocr_line' id='line_1_35' title="bbox 127 2363 828 2421; baseline 0.003 -15"><span class='ocrx_word' id='word_1_227' title='bbox 127 2363 210 2407; x_wconf 88' lang='lat' dir='ltr'>tribuit.</span> <span class='ocrx_word' id='word_1_228' title='bbox 256 2364 298 2407; x_wconf 86' lang='lat' dir='ltr'>Sed</span> <span class='ocrx_word' id='word_1_229' title='bbox 319 2364 369 2407; x_wconf 91' lang='lat' dir='ltr'>alibi</span> <span class='ocrx_word' id='word_1_230' title='bbox 388 2379 433 2407; x_wconf 89' lang='lat' dir='ltr'>non</span> <span class='ocrx_word' id='word_1_231' title='bbox 456 2364 500 2407; x_wconf 89' lang='lat' dir='ltr'>sine</span> <span class='ocrx_word' id='word_1_232' title='bbox 519 2379 606 2407; x_wconf 84' lang='lat' dir='ltr'>censura</span> <span class='ocrx_word' id='word_1_233' title='bbox 624 2364 705 2417; x_wconf 83' lang='lat' dir='ltr'>laudat,</span> <span class='ocrx_word' id='word_1_234' title='bbox 725 2364 828 2421; x_wconf 87' lang='lat' dir='ltr'>inquiens,</span> 
     </span>
     <span class='ocr_line' id='line_1_36' title="bbox 128 2432 829 2477; baseline 0.003 -3"><span class='ocrx_word' id='word_1_235' title='bbox 128 2433 313 2476; x_wconf 81' lang='lat' dir='ltr'>“transformatae</span> <span class='ocrx_word' id='word_1_236' title='bbox 327 2433 427 2476; x_wconf 86' lang='lat' dir='ltr'>videntur</span> <span class='ocrx_word' id='word_1_237' title='bbox 442 2432 463 2475; x_wconf 88' lang='lat' dir='ltr'>in</span> <span class='ocrx_word' id='word_1_238' title='bbox 481 2432 554 2476; x_wconf 89' lang='lat' dir='ltr'>multis</span> <span class='ocrx_word' id='word_1_239' title='bbox 569 2432 619 2476; x_wconf 91' lang='lat' dir='ltr'>locis</span> <span class='ocrx_word' id='word_1_240' title='bbox 635 2433 663 2476; x_wconf 87' lang='lat' dir='ltr'>ad</span> <span class='ocrx_word' id='word_1_241' title='bbox 680 2433 829 2477; x_wconf 88' lang='lat' dir='ltr'>stabiliendum</span> 
     </span>
     <span class='ocr_line' id='line_1_37' title="bbox 128 2502 827 2559; baseline 0.004 -15"><span class='ocrx_word' id='word_1_242' title='bbox 128 2505 234 2545; x_wconf 86' lang='lat' dir='ltr'>“statum</span> <span class='ocrx_word' id='word_1_243' title='bbox 249 2502 310 2559; x_wconf 74' lang='lat' dir='ltr'>regni</span> <span class='ocrx_word' id='word_1_244' title='bbox 326 2502 450 2545; x_wconf 87' lang='lat' dir='ltr'>Pontificii”</span> <span class='ocrx_word' id='word_1_245' title='bbox 461 2504 497 2546; x_wconf 80' lang='grc'>100.</span> <span class='ocrx_word' id='word_1_246' title='bbox 528 2502 611 2546; x_wconf 84' lang='lat' dir='ltr'>Primus</span> <span class='ocrx_word' id='word_1_247' title='bbox 627 2502 686 2545; x_wconf 90' lang='lat' dir='ltr'>enim</span> <span class='ocrx_word' id='word_1_248' title='bbox 702 2503 827 2556; x_wconf 82' lang='lat' dir='ltr'>observavit,</span> 
     </span>
     <span class='ocr_line' id='line_1_38' title="bbox 127 2570 827 2630; baseline 0.006 -17"><span class='ocrx_word' id='word_1_249' title='bbox 127 2570 196 2614; x_wconf 91' lang='lat' dir='ltr'>locum</span> <span class='ocrx_word' id='word_1_250' title='bbox 206 2589 232 2616; x_wconf 87' lang='lat' dir='ltr'>ex</span> <span class='ocrx_word' id='word_1_251' title='bbox 242 2572 336 2629; x_wconf 84' lang='lat' dir='ltr'>Epistola</span> <span class='ocrx_word' id='word_1_252' title='bbox 345 2572 372 2615; x_wconf 92' lang='grc'>01</span> <span class='ocrx_word' id='word_1_253' title='bbox 383 2572 510 2630; x_wconf 83' lang='lat' dir='ltr'>Smyrnaeus</span> <span class='ocrx_word' id='word_1_254' title='bbox 520 2573 609 2615; x_wconf 87' lang='lat' dir='ltr'>citatum</span> <span class='ocrx_word' id='word_1_255' title='bbox 618 2588 631 2615; x_wconf 92' lang='lat' dir='ltr'>a</span> <span class='ocrx_word' id='word_1_256' title='bbox 641 2573 779 2624; x_wconf 74' lang='lat' dir='ltr'>Thecdoreto,</span> <span class='ocrx_word' id='word_1_257' title='bbox 789 2589 827 2617; x_wconf 91' lang='lat' dir='ltr'>nec</span> 
     </span>
     <span class='ocr_line' id='line_1_39' title="bbox 127 2640 828 2698; baseline 0.004 -16"><span class='ocrx_word' id='word_1_258' title='bbox 127 2640 151 2683; x_wconf 91' lang='lat' dir='ltr'>in</span> <span class='ocrx_word' id='word_1_259' title='bbox 169 2641 254 2685; x_wconf 82' lang='lat' dir='ltr'>Graecis</span> <span class='ocrx_word' id='word_1_260' title='bbox 272 2642 383 2686; x_wconf 84' lang='lat' dir='ltr'>Codicibus</span> <span class='ocrx_word' id='word_1_261' title='bbox 401 2657 440 2685; x_wconf 89' lang='lat' dir='ltr'>nec</span> <span class='ocrx_word' id='word_1_262' title='bbox 457 2642 480 2684; x_wconf 89' lang='lat' dir='ltr'>in</span> <span class='ocrx_word' id='word_1_263' title='bbox 496 2642 579 2685; x_wconf 83' lang='lat' dir='ltr'>Latinis</span> <span class='ocrx_word' id='word_1_264' title='bbox 594 2642 687 2698; x_wconf 87' lang='lat' dir='ltr'>reperiri,</span> <span class='ocrx_word' id='word_1_265' title='bbox 704 2642 798 2698; x_wconf 86' lang='lat' dir='ltr'>quamvis</span> <span class='ocrx_word' id='word_1_266' title='bbox 815 2658 828 2685; x_wconf 91' lang='lat' dir='ltr'>a</span> 
     </span>
     <span class='ocr_line' id='line_1_40' title="bbox 128 2708 828 2767; baseline 0.004 -16"><span class='ocrx_word' id='word_1_267' title='bbox 128 2708 242 2754; x_wconf 85' lang='lat' dir='ltr'>Guilielmo</span> <span class='ocrx_word' id='word_1_268' title='bbox 252 2710 373 2754; x_wconf 82' lang='lat' dir='ltr'>Widefordo</span> <span class='ocrx_word' id='word_1_269' title='bbox 384 2711 463 2767; x_wconf 91' lang='lat' dir='ltr'>pariter</span> <span class='ocrx_word' id='word_1_270' title='bbox 473 2711 550 2754; x_wconf 89' lang='lat' dir='ltr'>citatus</span> <span class='ocrx_word' id='word_1_271' title='bbox 560 2711 588 2754; x_wconf 92' lang='lat' dir='ltr'>sit</span> <span class='ocrx_word' id='word_1_272' title='bbox 593 2729 599 2764; x_wconf 84' lang='lat'>;</span> <span class='ocrx_word' id='word_1_273' title='bbox 615 2714 637 2754; x_wconf 91' lang='grc'>01</span> <span class='ocrx_word' id='word_1_274' title='bbox 645 2711 693 2754; x_wconf 89' lang='lat' dir='ltr'>loca</span> <span class='ocrx_word' id='word_1_275' title='bbox 702 2711 792 2767; x_wconf 88' lang='lat' dir='ltr'>plurima</span> <span class='ocrx_word' id='word_1_276' title='bbox 802 2728 828 2756; x_wconf 80' lang='lat' dir='ltr'>ex</span> 
     </span>
     <span class='ocr_line' id='line_1_41' title="bbox 127 2779 826 2838; baseline 0.006 -16"><span class='ocrx_word' id='word_1_277' title='bbox 127 2779 254 2836; x_wconf 87' lang='lat' dir='ltr'>Apostolicis</span> <span class='ocrx_word' id='word_1_278' title='bbox 269 2781 463 2824; x_wconf 86' lang='lat' dir='ltr'>Constitutionibus</span> <span class='ocrx_word' id='word_1_279' title='bbox 478 2781 579 2838; x_wconf 88' lang='lat' dir='ltr'>Epistolis</span> <span class='ocrx_word' id='word_1_280' title='bbox 593 2781 675 2837; x_wconf 78' lang='lat' dir='ltr'>Ignatii</span> <span class='ocrx_word' id='word_1_281' title='bbox 690 2796 734 2824; x_wconf 86' lang='lat' dir='ltr'>esse</span> <span class='ocrx_word' id='word_1_282' title='bbox 750 2787 826 2826; x_wconf 88' lang='lat' dir='ltr'>assuta.</span> 
     </span>
    </p>
   </div>
   <div class='ocr_carea' id='block_1_7' title="bbox 126 2890 828 3047">
    <p class='ocr_par' dir='ltr' id='par_1_9' title="bbox 126 2890 828 3047">
     <span class='ocr_line' id='line_1_42' title="bbox 126 2890 828 2936; baseline 0.009 -14"><span class='ocrx_word' id='word_1_283' title='bbox 126 2890 167 2924; x_wconf 85' lang='grc'>10010</span> <span class='ocrx_word' id='word_1_284' title='bbox 178 2892 268 2925; x_wconf 83' lang='lat' dir='ltr'>admodum</span> <span class='ocrx_word' id='word_1_285' title='bbox 279 2892 330 2925; x_wconf 85' lang='lat' dir='ltr'>infida</span> <span class='ocrx_word' id='word_1_286' title='bbox 341 2895 392 2936; x_wconf 82' lang='lat' dir='ltr'>atque</span> <span class='ocrx_word' id='word_1_287' title='bbox 403 2893 470 2936; x_wconf 82' lang='lat' dir='ltr'>mutila)</span> <span class='ocrx_word' id='word_1_288' title='bbox 482 2904 515 2927; x_wconf 90' lang='lat' dir='ltr'>una</span> <span class='ocrx_word' id='word_1_289' title='bbox 526 2904 563 2926; x_wconf 85' lang='lat' dir='ltr'>cum</span> <span class='ocrx_word' id='word_1_290' title='bbox 574 2893 652 2926; x_wconf 84' lang='lat' dir='ltr'>brevibus</span> <span class='ocrx_word' id='word_1_291' title='bbox 664 2893 739 2936; x_wconf 80' lang='lat' dir='ltr'>ejusdem</span> <span class='ocrx_word' id='word_1_292' title='bbox 746 2894 828 2928; x_wconf 88' lang='lat' dir='ltr'>Vairlenii</span> 
     </span>
     <span class='ocr_line' id='line_1_43' title="bbox 127 2945 828 2988; baseline 0.009 -10"><span class='ocrx_word' id='word_1_293' title='bbox 127 2945 203 2988; x_wconf 83' lang='lat' dir='ltr'>Soholiis,</span> <span class='ocrx_word' id='word_1_294' title='bbox 212 2959 233 2980; x_wconf 82' lang='lat' dir='ltr'>ex</span> <span class='ocrx_word' id='word_1_295' title='bbox 241 2948 347 2981; x_wconf 84' lang='lat' dir='ltr'>Plautiniana</span> <span class='ocrx_word' id='word_1_296' title='bbox 357 2948 437 2982; x_wconf 86' lang='lat' dir='ltr'>Editicne</span> <span class='ocrx_word' id='word_1_297' title='bbox 448 2949 467 2981; x_wconf 87' lang='lat' dir='ltr'>in</span> <span class='ocrx_word' id='word_1_298' title='bbox 477 2950 531 2982; x_wconf 75' lang='lat' dir='ltr'>varia·</span> <span class='ocrx_word' id='word_1_299' title='bbox 541 2949 654 2982; x_wconf 84' lang='lat' dir='ltr'>Bibliothecae</span> <span class='ocrx_word' id='word_1_300' title='bbox 662 2949 734 2983; x_wconf 73' lang='lat' dir='ltr'>Petrum</span> <span class='ocrx_word' id='word_1_301' title='bbox 741 2949 828 2984; x_wconf 81' lang='lat' dir='ltr'>Editicnes</span> 
     </span>
     <span class='ocr_line' id='line_1_44' title="bbox 128 3001 680 3047; baseline 0.005 -13"><span class='ocrx_word' id='word_1_302' title='bbox 128 3001 203 3042; x_wconf 85' lang='lat' dir='ltr'>(Parisiis</span> <span class='ocrx_word' id='word_1_303' title='bbox 211 3005 229 3036; x_wconf 90' lang='grc'>01</span> <span class='ocrx_word' id='word_1_304' title='bbox 236 3003 314 3036; x_wconf 76' lang='lat' dir='ltr'>Coloniae</span> <span class='ocrx_word' id='word_1_305' title='bbox 323 3004 398 3047; x_wconf 81' lang='lat' dir='ltr'>excusae)</span> <span class='ocrx_word' id='word_1_306' title='bbox 407 3006 465 3047; x_wconf 81' lang='grc'>000100</span> <span class='ocrx_word' id='word_1_307' title='bbox 473 3005 550 3038; x_wconf 86' lang='grc'>10010010</span> <span class='ocrx_word' id='word_1_308' title='bbox 558 3007 587 3038; x_wconf 86' lang='lat' dir='ltr'>est.</span> <span class='ocrx_word' id='word_1_309' title='bbox 600 3004 680 3038; x_wconf 80' lang='lat' dir='ltr'>USSER.</span> 
     </span>
    </p>
   </div>
   <div class='ocr_carea' id='block_1_8' title="bbox 459 3060 496 3104">
    <p class='ocr_par' dir='ltr' id='par_1_10' title="bbox 459 3060 496 3104">
     <span class='ocr_line' id='line_1_45' title="bbox 459 3060 496 3104; baseline 0.054 -2"><span class='ocrx_word' id='word_1_310' title='bbox 459 3060 496 3104; x_wconf 81' lang='lat' dir='ltr'>da</span> 
     </span>
    </p>
   </div>
   <div class='ocr_carea' id='block_1_9' title="bbox 837 1954 928 2043">
    <p class='ocr_par' dir='ltr' id='par_1_11' title="bbox 837 1954 928 2043">
     <span class='ocr_line' id='line_1_46' title="bbox 837 1954 928 1996; baseline -0.022 -8"><span class='ocrx_word' id='word_1_311' title='bbox 837 1954 928 1996; x_wconf 85' lang='lat' dir='ltr'>Victorius,</span> 
     </span>
     <span class='ocr_line' id='line_1_47' title="bbox 866 2007 912 2043; baseline 0.043 -2"><span class='ocrx_word' id='word_1_312' title='bbox 866 2007 912 2043; x_wconf 79' lang='lat'>1579·</span> 
     </span>
    </p>
   </div>
   <div class='ocr_carea' id='block_1_10' title="bbox 837 2233 932 2321">
    <p class='ocr_par' dir='ltr' id='par_1_12' title="bbox 837 2233 932 2321">
     <span class='ocr_line' id='line_1_48' title="bbox 837 2233 914 2267; baseline -0.026 0"><span class='ocrx_word' id='word_1_313' title='bbox 837 2233 914 2267; x_wconf 74' lang='grc'>(11000001-</span> 
     </span>
     <span class='ocr_line' id='line_1_49' title="bbox 837 2277 932 2321; baseline 0 -10"><span class='ocrx_word' id='word_1_314' title='bbox 837 2279 875 2319; x_wconf 84' lang='lat' dir='ltr'>tius,</span> <span class='ocrx_word' id='word_1_315' title='bbox 885 2277 932 2321; x_wconf 78' lang='lat'><em>1576.</em></span> 
     </span>
    </p>
   </div>
   <div class='ocr_carea' id='block_1_11' title="bbox 0 0 984 3490">
    <p class='ocr_par' dir='ltr' id='par_1_13' title="bbox 0 0 984 3490">
     <span class='ocr_line' id='line_1_50' title="bbox 0 0 984 3490; baseline 0 0"><span class='ocrx_word' id='word_1_316' title='bbox 0 0 984 3490; x_wconf 95' lang='lat' dir='ltr'> </span> 
     </span>
    </p>
   </div>
  </div>
 </body>
</html>
