2017 3420
156 198 185 240 80

183 310 231 360 λόγῳ
238 311 282 348 θεοῦ
289 311 370 361 ύπηρετεῖ
375 326 408 360 μοι.
416 310 489 350 Philad.
496 323 525 350 11.

183 365 208 402 εἷς
216 366 270 414 λύγον
278 367 331 413 τιμῆς.
340 364 365 404 ib.
383 366 406 404 εἷς
415 368 468 416 λόγου
476 369 526 405 θεοῦ.

184 416 266 469 Smym:
274 430 304 458 10.
334 420 355 457 ἐν
367 420 430 471 ἀμώμῳ
446 419 528 469 πνεύματι

184 474 212 510 καὶ
220 474 268 524 λόγῳ
278 477 327 513 θεοῦ.
342 473 417 525 Smyru.
428 473 489 513 Inscr.
512 473 528 512 οί

184 526 325 575 έπηκολούθησάν
336 544 365 577 μοι
378 529 401 567 είς
413 531 466 579 λόγον
476 532 526 567 Θεοῦ.

138 593 139 597 ’
187 593 217 619 10.
241 581 303 620 τούτου
318 585 349 620 τοῦ
364 584 418 633 λόγου
432 585 452 621 τὸ
467 585 528 633 φορτι-

127 634 130 636 ’
185 637 219 682 κόν.
234 634 313 687 Fragm.
323 636 337 675 i.
359 638 389 674 τδν
398 639 438 686 περὶ
450 637 529 685 ἀληθείας

169 692 243 740 ελόγον,
269 690 332 742 Polye.
347 690 395 730 Phil.
411 703 429 741 3.
466 693 497 730 τδν
510 692 529 738 ἐξ

186 744 240 793 ἀρχῆς
248 745 293 793 ,ἡμῖν
305 745 423 795 παραδοθέντα
436 748 493 796 λόγον.
510 753 527 795 7.

185 799 284 848 πειθαρχεῖν
297 803 321 850 τῷ
334 802 382 850 λόγῳ
397 803 427 848 τῆς
443 800 536 838 δικαιοσύ-·

186 866 220 900 νης.
236 865 255 902 9.
277 854 307 891 τδν
315 857 346 890 τοῦ
355 854 490 903 Χριστιανισμοῦ
499 857 530 892 λό-

180 912 221 956 γον.
237 906 295 946 Mart.
306 906 369 958 Polye.
382 920 412 946 10.
432 909 454 945 Σὲ
462 909 493 956 μέν
502 911 529 945 καὶ

185 963 240 1010 λόγου
248 960 318 1008 ἠξίωσα.
329 961 354 1000 ib.
372 965 396 1012 τῷ
403 963 445 999 κατὰ
452 964 472 1000 τὸ
479 964 529 1011 εῦοιγ-

185 1015 245 1064 γέλιον
252 1016 300 1065 λόγῳ
308 1014 366 1063 Ἰησοῦ
375 1019 457 1065 Χριστοῦ.
474 1028 504 1055 22.

159 1068 250 1117 Λοιδορεϊν.
284 1070 387 1119 λοιδόρησον
401 1072 431 1108 τὸν
447 1072 526 1120 Χριστόν.

185 1121 242 1161 Mart.
254 1121 318 1174 Polyc.
329 1135 346 1172 9.

158 1178 225 1224 Λοιμός.
249 1177 289 1215 τοὺς
298 1178 408 1226 λοιμοτέρους
420 1179 438 1216 έν
446 1180 529 1228 πρᾳότητι

184 1231 279 1268 ύποτάσσε.
295 1230 338 1281 Igu.
349 1231 413 1283 Polye.
425 1244 442 1270 2.

158 1286 241 1332 Λοιμικός.
279 1286 357 1332 λοιμικοῦ
374 1287 419 1324 τινδς
437 1287 529 1325 ἐνστάντος

185 1342 248 1388 καιροῦ.
263 1337 323 1377 Olem.
334 1338 345 1376 I
356 1347 387 1388 55.

158 1395 227 1431 Λοιπιίν.
246 1391 334 1441 Ἐοχατοι
350 1392 411 1443 καιροί“
429 1395 490 1432 λοιπὸν
504 1396 529 1432 αι’-

185 1447 290 1495 σχυνθῶμεν.
302 1446 435 1498 Ign.Eph.11.
452 1451 530 1498 Είίλογόν

185 1501 233 1538 ἔστιν
243 1503 304 1539 λοιπὸν
316 1502 406 1551 ἀνανῆψαι,
422 1501 498 1553 Smyru.
510 1515 527 1552 9.

185 1556 249 1593 Λοιπὸν
262 1557 384 1605 προσαχθέντα
397 1558 452 1595 αὐτόν.
470 1556 527 1596 Malu.

185 1608 250 1659 Polyc.
261 1622 280 1658 9.

158 1665 226 1702 Λοιπός.
257 1662 285 1701 καί
300 1668 334 1701 τῶν
349 1666 414 1703 λοιπῶν
430 1665 527 1715 ἀρωμάτων.

186 1715 246 1756 Olem.
257 1717 268 1755 Ῑ
279 1726 309 1766 25.
338 1721 355 1755 οί
365 1719 424 1756 λοιποί
434 1721 527 1768 προφῆται,

186 1782 217 1820 43.
238 1773 263 1808 Τὰ
270 1772 407 1810 δέλοιπίιπάντα
412 1773 473 1819 ι’ίστρα.
484 1773 527 1824 Igu.

186 1823 235 1876 Eph.
249 1837 278 1874 19.
304 1828 336 1863 Καὶ
345 1829 363 1864 αί
372 1828 431 1865 λοιποὶ
440 1827 459 1864 δέ
468 1827 528 1874 ἐκκλη-

186 1879 228 1917 σίαι.
244 1878 309 1930 Magn.
322 1889 352 1928 15.
380 1882 452 1920 καὶτοῖς
463 1884 530 1920 λοιποῖς

185 1933 294 1972 ἀποστόλοις.
308 1933 370 1984 Polyc.
378 1933 426 1973 Phil.
436 1948 455 1984 9.
476 1936 500 1974 εἷς
509 1937 529 1972 τὸ

186 1987 285 2036 ἀναγγεῖλαι
294 1991 330 2026 τοῖς
336 1990 403 2027 λοιποῖς
411 1990 433 2026 τά
441 1991 528 2039 γενόμενα.

186 2040 244 2079 Mart.
253 2040 317 2091 Polyo.
329 2050 360 2089 15.

159 2094 213 2133 Λύειν.
237 2094 298 2133 λύσεις
311 2095 322 2131 δ
336 2096 362 2133 δεῖ
374 2096 450 2143 λυθῆναι.
468 2094 527 2135 Olem.

186 2147 262 2199 Fragm.
274 2161 292 2187 x.
321 2148 380 2186 λύεται
394 2152 403 2185 ὁ
416 2150 487 2199 ἲίλεθρος
498 2152 528 2188 αῦ-

185 2206 220 2241 τοῦ.
239 2202 281 2253 Igu.
297 2202 346 2253 Eph.
359 2215 389 2252 13.
418 2203 457 2241 ὅθεν
470 2204 529 2241 ε’λύετο

185 2259 235 2295 πᾶσα
249 2258 315 2307 μογείο.
335 2269 365 2306 19.
393 2258 436 2306 πρὸς
452 2258 481 2295 ἕνα
495 2262 529 2295 τῶν

184 2311 283 2358 λελυμένων
296 2313 343 2358 ὑμῶν
357 2312 388 2348 οῦκ
404 2311 443 2357 εἰμί,
461 2310 527 2362 Magn.

186 2377 216 2403 12.
236 2366 256 2402 οῦ
265 2367 305 2414 περὶ
314 2366 403 2413 δεδεμένου
409 2365 419 2413 ή
426 2367 526 2413 λελυμένου.

163 2432 171 2444 '
184 2417 261 2469 Smyru.
278 2420 304 2457 6.,
326 2419 346 2457 δς
363 2419 414 2456 λύσει
432 2419 464 2468 ἀφ’
483 2421 529 2466 ὑμῶν

184 2474 240 2511 πάντα
253 2474 323 2521 δεσμόν.
340 2472 414 2511 Philad.
426 2475 443 2511 8.
472 2473 530 2511 λύσας

184 2527 216 2574 τὴν
234 2528 286 2575 ζώνην
304 2529 361 2565 αύτοῦ.
386 2527 444 2566 Mart.
463 2526 527 2578 Polyc.

186 2592 216 2630 13.

157 2635 218 2674 Λύκος.
241 2637 305 2673 πολλοὶ
317 2637 351 2685 γάρ
363 2635 412 2673 λύκοι
424 2635 528 2684 ἀξιόπιστοι.

184 2690 227 2739 Ign.
241 2688 315 2727 Philad.
328 2702 345 2727 2.
373 2689 425 2728 λύκος
442 2705 471 2727 σοι
486 2691 529 2738 φαιὲ

183 2743 245 2781 νέσθω.
260 2742 338 2794 Fragm.
348 2743 375 2781 ix.

156 2797 210 2844 Λύττη.
225 2798 249 2834 Τδ
258 2796 326 2846 σχίσμα
335 2799 391 2846 ὑμῶν.
401 2828 404 2836 .
415 2799 527 2843 .έβαλεν...

183 2852 223 2890 τούς
231 2852 295 2890 πάντας
303 2852 347 2899 ἡμᾶς
356 2852 380 2890 εἷς
388 2852 450 2899 λύπην.
466 2850 526 2890 Ulem.

157 2961 241 3007 Λυπηρύς.
268 2963 302 2996 τῶν
314 2962 396 3009 λυπηρῶν
409 2961 436 2997 καὶ
450 2962 529 3009 φευκτῶν

183 3014 251 3051 πάντων
257 3014 343 3053 ὑπόθεσις.
352 3012 412 3053 Olem.
419 3013 496 3065 Fragm.
501 3011 525 3051 iv.

399 199 498 242 INDux
513 176 686 242 υαιιοοιιυιι

555 313 632 349 Λυσσῦν.
657 311 701 347 εἰσὶν
713 310 747 360 γὰρ
760 309 807 349 κύνες
818 312 924 350 λυσσῶντες.

553 386 555 390 ⁴
582 364 625 416 Igu.
636 362 685 415 Eph.
697 371 715 413 7.

555 419 640 467 Λυτρόειν.
664 418 710 456 ὅπως
721 419 788 468 έτέρους
800 420 924 468 λυτρῶσονται,

582 473 642 512 Olem.
653 472 664 510 I
674 481 705 522 55.
733 472 862 522 λυτρωθείησαν
874 474 892 510 ἐν
903 476 924 520 τῇ

576 529 639 577 ,χάριτι
653 530 684 564 τοῦ
697 526 755 574 Ἰησοῦ
769 529 851 576 Χριστοῦ.
880 526 923 577 Igu.

582 580 656 630 Philad.
668 592 700 620 11.
976 630 978 633 .

556 635 651 685 Λύτρωσις.
671 636 699 673 διὰ
707 637 738 672 τοῦ
748 634 817 682 αίρατος
823 638 854 672 τοῦ
861 636 924 685 Κυρίου

583 689 669 739 λύτρωσις
678 691 733 727 ἔσται.
749 687 809 727 Olem.
817 688 828 727 I
839 701 869 727 12.

556 744 628 793 Λύχνος.
651 743 717 793 λύχνου
729 744 776 791 δίκην
787 744 848 782 θεῖκοῦ.
866 742 923 782 Mart.

584 798 627 849 Ign.
641 810 658 836 1.
682 815 684 817 ’

557 854 628 901 Λωφᾶν.
652 851 766 901 λωφήσαντος
775 853 818 901 πρὸς
827 852 886 902 ὀλίγον
895 856 925 889 τοῦ

583 906 663 955 διωγμοῦ.
679 905 736 944 Mart.
748 906 789 957 Igu.
803 918 818 944 1.

557 961 628 1009 Μαγεία.
657 959 717 997 ε’λύετο
731 963 780 998 πᾶσα
792 961 860 1009 μογείο.
881 959 924 1010 Igu.

584 1012 633 1065 Ερλ.
644 1026 675 1063 19.

556 1069 620 1114 Μοζός.
653 1068 693 1106 τούς
709 1069 753 1118 πρὸς
771 1070 813 1116 ζωῆς
831 1068 926 1118 ἀνθρώποις

582 1121 649 1170 μαζούς.
665 1121 724 1160 012111.
736 1121 747 1159 Ι
758 1133 789 1160 2ο.

556 1176 647 1224 Μαθητεία.
671 1177 692 1213 ού
702 1177 743 1213 αύτδ
755 1177 775 1213 τδ
786 1177 885 1224 κατάστημα
895 1191 925 1223 με·
989 1188 990 1191 ’

583 1232 628 1279 γάλη
637 1230 724 1278 μαθητεία.
739 1229 782 1281 Igu.
793 1229 851 1269 Trall.
863 1242 880 1279 3.

556 1284 665 1332 Μοθητεύειν.
694 1284 748 1333 ἀρχὴν
756 1285 791 1333 ἔχω
798 1288 832 1322 ’τοῦ
843 1284 925 1331 μαθητεύ-

583 1339 639 1376 εσθαι.
658 1339 700 1389 Igu.
710 1337 760 1388 Eph.
771 1351 788 1388 3.
817 1339 848 1376 κδν
861 1339 879 1376 ἐκ
892 1342 926 1376 τῶν

583 1393 638 1442 ἔργον
654 1394 694 1441 ύμῖν
708 1393 836 1440 μαθητευθήυαι.
858 1405 885 1430 ιο.
914 1394 926 1429 ά

583 1446 705 1495 μαθητεύοντες
715 1448 823 1484 ἐντέλλεσθε.
838 1446 894 1485 Rum-
906 1459 925 1495 3.

583 1501 613 1539 Ἐν
622 1502 641 1538 δὲ
651 1503 687 1553 τοῖς
700 1501 801 1550 ἀδικήμασιν
812 1502 867 1539 αὐτῶν
879 1503 924 1549 μᾶλ-

582 1554 742 1603 λονμαθητεύομαι.
758 1564 775 1603 5.

556 1608 643 1656 Μαθητής.
671 1608 698 1647 ἵνα
708 1637 712 1646 .
723 1638 727 1647 .
739 1610 839 1658 ,ἐπιτυχεῖν
859 1610 925 1656 δυνηθῶ

583 1663 657 1711 μαθητὴς
671 1661 719 1702 εἶναι.
738 1661 781 1714 Igu.
792 1662 841 1714 Eph.
855 1676 870 1701 1.
898 1662 925 1700 ἵνα

584 1718 678 1766 εὑρεθῶμεν
690 1718 763 1765 μαθηταὶ
776 1718 834 1764 Ἰησοῦ
842 1721 924 1767 Χριστοῦ.

584 1770 649 1821 Magn.
661 1784 678 1820 9.
707 1772 728 1808 ού
737 1772 764 1809 καὶ
773 1774 789 1808 οἱ
797 1773 884 1821 προφῆται
893 1786 925 1819 μοι

583 1825 633 1872 θηταὶ
651 1825 704 1864 ὄντες.
725 1824 752 1864 ib.
783 1826 856 1873 μαθηταὶ
874 1827 926 1863 αύτοῦ

582 1879 675 1928 γενόμενοι,
690 1880 770 1928 μάθωμεν
786 1881 828 1917 κατὰ
843 1886 925 1930 Χριστια-

584 1935 644 1981 νισμδυ
658 1935 693 1980 ζῆν.
710 1946 740 1971 10.
763 1935 795 1981 ἤδη
811 1936 838 1971 καὶ
851 1934 926 1982 μαθητής

583 1988 623 2034 εἶμι.
638 1986 695 2026 Trall.
705 1996 724 2036 5.
752 1988 794 2025 Τότε
802 1989 864 2035 έσομαι
872 1988 925 2036 μαθη-

583 2042 613 2088 τής
626 2042 694 2088 ἀληθῶς
702 2045 733 2079 τοῦ
741 2045 823 2091 Χριστοῦ.
839 2041 894 2081 Rom.
906 2055 925 2090 4.

583 2098 613 2133 νῦν
622 2096 695 2144 ἄρχομαι
704 2096 778 2143 μαθητής
787 2095 833 2134 εἶναι,
850 2105 868 2144 5.
891 2103 926 2133 Κα-

583 2149 625 2187 λοδς
634 2150 708 2196 μαθητάς
717 2151 746 2187 ἐάν
755 2152 813 2198 φιλῇς.
833 2149 897 2200 Polyc.
907 2163 925 2189 2.
963 2151 965 2155 ’

584 2205 594 2239 ὁ
604 2201 635 2240 τοῦ
646 2203 745 2241 ἀποστόλου
754 2204 831 2241 Ἰωάννου
845 2204 923 2252 μαθητής.

584 2255 643 2295 Mart.
660 2255 703 2307 Igu.
721 2270 737 2295 1.
765 2261 794 2305 τῆς
812 2258 878 2297 τελείας
895 2263 926 2296 τοῦ

582 2310 658 2358 μαθητοῦ
675 2311 744 2356 τάξεως.
764 2310 790 2350 ib.
818 2313 926 2362 ἐγεγόνεισαν
968 2333 969 2336 ’

583 2365 616 2413 γάρ
625 2365 678 2402 πάλαι
687 2366 763 2413 μαθηταί.
780 2378 797 2414 3.
820 2368 843 2405 ὧς
851 2368 926 2414 μαθητὰς

583 2419 610 2455 καὶ
629 2420 702 2466 μιμητὰς
720 2423 751 2457 τοῦ
771 2420 839 2469 Κυρίου.
866 2420 923 2459 Mart.

584 2470 647 2522 Polyc.
661 2480 692 2521 17.
712 2474 802 2523 Εἶρηναίου
811 2475 886 2522 μαθητοῦ
895 2479 925 2513 τοῦ
980 2512 982 2514 ,

554 2559 558 2563 .
583 2528 705 2576 Πολυκάρπου.
721 2540 753 2566 22.

556 2577 616 2617 Μαίων
624 2582 715 2619 καλανδῶν.
730 2581 787 2621 Mam
799 2582 862 2634 Polyc.
875 2596 905 2621 21.

556 2631 661 2683 Μακαρίζειν.
685 2636 715 2683 τήν
728 2638 794 2674 τελείαν
808 2639 836 2674 καί
851 2638 924 2686 ἀσφαλῆ

582 2692 646 2736 γνῶσιν
655 2691 685 2726 οὐκ
693 2690 804 2740 ἐμακάρισεν;
819 2690 878 2729 Olem.
887 2691 898 2729 I
907 2704 923 2730 Ι.

583 2744 633 2792 πόσῳ
645 2745 712 2790 μᾶλλον
720 2746 763 2792 ὑμᾶς
773 2747 864 2794 μακαρίζω.
879 2745 924 2797 Igu.

583 2794 632 2846 Eph.
642 2805 659 2844 5.
678 2799 765 2848 μακαρίζει
773 2803 806 2847 ροῦ
815 2800 825 2846 ἡ
835 2800 885 2848 φυχή
894 2801 925 2847 τήν

583 2851 607 2888 εἷς
616 2852 659 2887 θεὸν
668 2853 719 2889 αὐτοῦ
727 2855 801 2902 γνώμην.
818 2853 893 2892 Philad.
906 2866 923 2893 1.

582 2904 676 2953 μακαρίσας
688 2907 779 2953 τήν...τῶν
791 2908 872 2957 ἀδελφῶν
882 2909 923 2957 ἀγά-

582 2973 620 3004 πην.
636 2957 693 2998 Mart.
704 2960 746 3013 Ign.
759 2970 775 3009 5.
801 2963 925 3011 μοκορίσοντες

582 3013 611 3049 τὸν
619 3013 671 3061 ἅγιον.
688 3022 706 3063 7.
