1931 3420
295 233 332 276 ΕΤ
347 233 570 279 FORMULARUM.
597 286 598 289 Ἰ

83 351 114 399 τὴν
123 349 186 387 πίστιν.
202 359 232 394 14.
259 347 304 396 όρχῆ
316 348 346 395 μὲν
358 347 420 387 πίστις.

83 406 108 444 ih.
136 403 195 441 Οὐδεὶς
203 403 262 440 πίστιν
271 403 420 452 ἐπαγγελλόμενος.

82 460 108 499 ib.
131 459 149 495 ἐν
158 458 226 504 δυνάμει
234 457 313 495 πίστεως.
323 455 348 495 ib.
363 458 421 495 πίστιν

83 516 127 553 θεοῦ
134 514 152 550 ἐν
158 514 199 559 κακῇ
206 512 306 560 διδασκαλίᾳ
313 510 381 561 φθείρῃ.
390 513 419 550 16.

83 572 100 608 ἐν
108 571 129 616 τῇ
140 568 192 605 αὐτοῦ
202 567 260 604 πίστει
272 568 299 604 καὶ
309 568 327 603 ἐν
337 570 358 615 τῆ
370 568 421 604 αὐτοῦ

81 625 142 675 ἀγάπῃ.
155 634 185 660 20.
214 621 319 671 συνέρχεσθε
328 622 346 660 ἐν
354 625 384 670 μιᾷ
393 624 421 660 πί-

82 693 125 717 στει.
133 676 157 716 ib.
187 677 205 713 ἐν
213 677 271 714 πίστει
279 676 336 724 Ἰησοῦ
345 681 421 727 Χριστοῦ

81 734 204 784 προσλαλῆσαι
215 732 259 778 ὑμῖν.
270 730 334 783 Magn.
348 744 364 770 Ι.
391 733 419 770 πί-

82 790 136 827 στεώς
147 787 203 824 τεκαὶ
215 787 287 836 ἀγάπης.
297 785 321 826 ib.
357 788 376 824 τὸ
387 791 421 825 πᾶν

81 843 147 890 πλῆθος
168 842 255 891 ἐθεώρησα
279 842 297 879 ἐν
319 842 381 880 πίστει.
401 843 418 880 6.

81 899 138 937 πίστει
148 897 175 934 καί
183 896 244 946 ἀγάπῃ,
258 908 287 945 13.
307 897 420 935 όνακτίσασθε

81 952 151 990 εἀυτοδς
164 952 182 988 ἐν
198 951 260 988 πίστει.
277 950 332 990 Trall.
346 964 361 989 1.
399 953 420 990 τά

81 1007 140 1045 άθικτα
148 1006 209 1054 ἀρχεῖα
218 1036 222 1044 .
231 1037 235 1045 ,
243 1036 247 1044 .
256 1006 266 1054 ἡ
275 1006 333 1045 πίστις
342 1007 380 1054 ῆδιΙ
391 1009 420 1045 αὐ-

81 1065 116 1101 τοῦ.
127 1060 199 1100 Philud.
205 1062 222 1099 8.
257 1061 281 1099 εἷς
292 1061 310 1099 όν
319 1062 420 1108 ἐλπίζουσιν

84 1148 88 1156 .
97 1148 100 1156 .
110 1146 114 1155 .
122 1118 186 1160 πίστει,
194 1116 255 1166 ἀγάπῃ.
269 1128 299 1154 11.
327 1119 418 1165 πεπληρω-

80 1172 121 1220 μένῃ
133 1172 151 1209 ἐν
161 1172 218 1209 πίστει
231 1172 257 1208 καὶ
267 1171 329 1221 άγάπῃ.
343 1170 417 1222 Smyrn.

81 1227 139 1265 Inser.
169 1225 310 1275 κατηρτισμένους
320 1227 338 1264 ἐν
349 1226 419 1278 ἆκινῆτῳ

80 1283 143 1320 πίστει.
155 1294 170 1319 1.
198 1283 218 1318 τδ
227 1282 260 1331 γὰρ
268 1281 308 1318 ὅλου
315 1282 352 1319 ἐστὶ
361 1283 420 1321 πίστις

71 1338 108 1374 καὶ
122 1336 183 1386 ἀγάπη.
201 1336 219 1374 6.
253 1336 263 1383 ῆ
281 1336 338 1373 τελεία
355 1337 418 1381 πίστις,

80 1392 147 1439 Ἰησοῦς
164 1392 244 1440 Χριστός.
263 1403 292 1429 10.
338 1392 419 1440 ἑδρᾶσθαι

81 1446 138 1484 πίστει
156 1447 183 1483 καὶ
198 1446 254 1495 ἀγάπῃ
273 1449 343 1495 σαρκικῇ
358 1462 377 1483 τε
393 1448 419 1484 καὶ

81 1504 186 1549 πνευματικῇ.
197 1512 226 1550 13.
255 1500 265 1547 ἡ
273 1502 331 1539 πίστις
340 1502 362 1539 ῶς
370 1517 418 1550 περι-

81 1556 170 1605 κεφαλαία.
182 1555 244 1606 Polyc.
256 1555 274 1593 6.
308 1558 337 1603 τῆς
345 1555 419 1594 πίστεως

81 1612 127 1658 ὑμῶν
134 1610 177 1660 ῥίζα.
188 1610 251 1661 Polyc.
262 1609 311 1648 Phil.
321 1621 336 1648 1.
354 1612 417 1648 οἰκοδο.

80 1666 149 1714 μεῖσθαι
155 1667 179 1704 εἷς
187 1667 218 1713 τῆν
224 1667 304 1703 δοθεῖσαν
309 1666 348 1713 ὑμῖν
354 1666 416 1703 πίστιν.

82 1734 99 1770 3.
128 1721 146 1758 ἐν
154 1723 175 1768 τῇ
184 1721 253 1768 δοθείσῃ
262 1722 320 1759 αὐταῖς
328 1721 389 1759 πίστει.
399 1734 416 1768 4.

80 1775 206 1824 σωφρονοῦσας
219 1777 258 1824 περὶ
271 1776 302 1823 τὴν
313 1779 343 1812 τοῦ
355 1776 418 1825 Κυρίου

80 1830 143 1868 πίστιν.
156 1829 182 1869 ib.
209 1831 228 1867 ἐν
241 1831 299 1868 πίστει
315 1832 341 1867 καὶ
357 1831 418 1867 δικαιο-

81 1884 127 1933 σίνῃ.
143 1897 160 1934 9.
189 1885 292 1934 Περιέχουσι
306 1886 339 1934 γὰρ
354 1886 416 1923 πίστιν,

83 1952 112 1989 13.

53 1998 134 2033 Πιστοῦυ.
169 1995 281 2034 πιστευθέντες
297 1997 315 2032 ἐν
328 1998 352 2046 τῷ
370 1997 417 2045 λόγῳ

80 2053 110 2087 τοῦ
120 2053 168 2088 θεοῦ.
179 2048 256 2088 olem]
266 2062 297 2097 42.

53 2107 122 2144 Πιστός.
147 2109 186 2142 Νῶε
194 2106 256 2144 πιστός
264 2105 341 2153 εὑρεθείς.
357 2103 415 2142 Glem.

80 2159 90 2197 I
101 2172 118 2209 9.
151 2159 230 2209 Ἀβραὰμ
239 2191 243 2199 .
252 2190 256 2199 ,
265 2190 268 2197 .
277 2160 338 2197 πιστὸς
352 2159 415 2208 εὑρέθη.

82 2227 113 2252 10.
147 2218 170 2266 τῷ
187 2220 243 2266 πιστῷ
262 2216 279 2252 ἐν
297 2217 333 2252 ταῖς
346 2215 417 2264 ἐπαγγε-

80 2271 130 2309 λίαις.
142 2278 174 2319 27.
203 2272 212 2306 ὁ
224 2271 305 2319 μακάριος
316 2270 377 2307 πιστός
389 2270 416 2305 θε-

79 2326 138 2373 ράπων
147 2356 151 2363 ,
161 2356 163 2363 ,
172 2354 176 2362 ,
184 2327 263 2372 Μωῦσῆς.
276 2336 307 2373 43.
331 2323 381 2361 ’Ἥτω
391 2326 417 2363 τὶς

79 2382 146 2418 πιστός.
163 2381 195 2427 48.
233 2381 298 2417 Πιστὸς
315 2381 348 2428 γάρ
364 2380 416 2423 ἐστιν,

79 2437 89 2470 ὁ
105 2435 247 2484 ἐπαγγειλάμενος
265 2435 295 2473 τὰς
313 2434 417 2480 άντιμισθίας

79 2489 180 2527 ἀποδιδόναι.
197 2488 219 2526 II
237 2502 266 2527 ΙΙ,
303 2491 377 2537 ἔσχατος
395 2489 417 2524 ὢν

79 2548 112 2581 τῶν
128 2545 161 2581 ἐκεῖ
174 2549 244 2583 πιστῶν.
263 2543 305 2595 Igu.
321 2542 369 2594 Eph.
379 2555 414 2580 αι.

78 2601 95 2636 οἷ
111 2600 129 2636 δὲ
143 2601 202 2637 πιστοὶ
217 2600 234 2636 εὐ
249 2600 306 2649 ἀγάπῃ
321 2600 417 2647 χαρακτῆρα

79 2657 128 2692 θεοῦ.
139 2653 203 2705 Magn.
215 2663 233 2702 5.
264 2655 324 2692 πιστὸς
334 2656 343 2690 ὁ
352 2653 415 2701 Πατήρ.

79 2707 135 2747 Trall.
146 2721 176 2758 13.
190 2711 252 2747 πιστὸς
259 2707 305 2752 εἶναι,
313 2708 353 2745 ὅταν
359 2709 417 2757 κόσμῳ

78 2764 101 2811 ’μὴ
116 2764 208 2813 φαίνωμαι.
220 2764 277 2802 Rom.
290 2777 307 2812 3.
342 2764 365 2800 εἰς
378 2763 417 2799 τοὺς

80 2819 138 2867 ἁγίους
145 2821 172 2856 καὶ
177 2820 249 2858 πιστοὺς
254 2820 310 2856 αὐτοῦ.
318 2817 392 2868 Smyru.
400 2829 415 2853 1.

78 2871 125 2911 εἶπεν
139 2875 250 2923 ἐπιστραφείς
268 2876 304 2911 τοῖς
321 2874 354 2910 σὺν
372 2873 416 2922 αὐτῷ

78 2930 151 2967 πιστοῖς.
164 2928 223 2967 Mart.
237 2927 300 2979 Polyc.
315 2940 344 2965 12.
380 2926 416 2963 ἕκα-

79 2998 121 3019 στον
129 2987 162 3020 τῶν
170 2988 237 3021 πιστῶν
246 2984 350 3029 σπουδάζειν.
364 2993 392 3030 13.

51 3037 104 3074 Πίων,
133 3039 151 3076 ἐν
163 3039 214 3085 θυσίᾳ
225 3039 270 3075 πίονι
283 3039 309 3074 καὶ
321 3037 416 3086 προσδεκτῇ

79 3091 136 3130 Μαι-ί.
148 3092 210 3143 Polye.
224 3105 253 3139 14.

785 236 813 282 99

448 351 523 387 Πλανᾶν.
541 351 569 397 Μῆ
583 350 678 393 πλανᾶσθε,
688 350 761 400 ἀδελφοί
774 367 811 398 μου,

475 403 518 455 Igu.
529 403 577 456 uph.
590 405 620 448 16,
630 409 650 443 et
659 403 731 443 Philad.
743 418 760 454 3.
784 407 813 442 τόν

475 459 568 497 ἐπίσκοπον
585 462 645 496 τοῦτον
662 461 692 496 τὸυ
708 462 814 508 βλεπόμενον

474 516 530 562 πλανῆ
539 529 569 552 τις.
580 512 646 564 Magn.
654 525 671 562 3.
687 515 715 561 Μὴ
725 516 813 552 πλανᾶσθε

474 571 510 606 ταῖς
520 568 636 617 ἑτεροδοξίαις.
647 570 664 606 8.
693 569 716 615 με’
723 585 767 608 τινες
775 569 812 617 ῆθέ-

474 624 530 669 λησαν
544 625 634 671 πλανῆσαι,
650 624 696 660 ἀλλὰ
711 625 730 660 τό
745 627 813 672 Πνεῦμα

475 679 495 714 οὐ
507 680 594 715 πλανᾶται.
608 676 681 716 Philud.
693 686 709 727 7.
751 680 813 726 Μηδεὶς

474 732 572 769 πλονάσθω.
585 731 633 783 Eph.
645 741 662 781 5.
677 736 696 771 οδ
707 732 782 784 Smyrn.
795 734 811 771 6.

475 787 528 825 θεοὺς
546 787 680 837 προσαγορεύεις
697 790 812 835 πλανώμενος.

474 840 531 880 Mart.
543 841 584 893 Igu.
597 854 613 880 2.

447 898 510 944 Πλάνη.
547 898 649 945 θεασάμενος
664 898 682 934 ἐν
695 897 734 945 ἡμῖν
747 899 813 946 πολλὴν

473 953 544 1000 πλάνην.
560 951 619 991 Olem.
637 951 658 990 Π
677 964 693 991 1.
726 955 769 1003 πρὸς
783 954 818 1001 τῆν
852 952 853 955 “

473 1008 539 1054 πλάνην
561 1008 616 1045 αὐτῶν
639 1008 686 1055 ὑμεῖς
706 1009 769 1058 ἑδραῖοι
792 1012 812 1056 τῇ

473 1062 535 1100 πίστει.
551 1061 593 1113 Igu.
606 1061 655 1114 Eph.
669 1075 701 1101 10.
735 1064 765 1111 τῆν
779 1068 813 1101 τῶν

473 1119 543 1155 πολλῶν
556 1119 625 1165 πλάνην,
642 1117 705 1169 Polyc.
726 1116 774 1157 Phss.
793 1131 809 1157 2.

472 1173 529 1209 πᾶσαν
556 1174 689 1210 καταδικάσαντα
716 1174 811 1221 δαιμονικὴν

472 1228 540 1274 πλάνην.
550 1226 607 1266 Malu.
618 1226 661 1278 Igu.
673 1240 690 1265 2.

445 1282 539 1319 Πλάσσειν.
577 1285 613 1321 ταῖς
629 1284 680 1331 ἱεραῖς
694 1284 722 1319 ’καὶ
737 1283 811 1332 άμῶμοις

472 1338 532 1384 χερσὶν
540 1338 620 1375 ἔπλασεν,
631 1336 691 1376 olem.
702 1337 713 1375 I
723 1350 755 1387 33.

445 1392 518 1429 Πλάτος.
547 1394 568 1428 τὰ
578 1392 633 1439 πλάτη
643 1395 672 1439 τῆς
681 1393 749 1442 καρδίας
759 1394 808 1440 ὑμῶν.

472 1443 531 1484 Olem.
542 1446 552 1484 Ι
563 1459 581 1484 2.

445 1502 552 1549 Πλατυσμάς.
591 1504 644 1539 Πᾶσα
662 1503 704 1548 δόξα
721 1503 748 1539 καὶ
766 1506 810 1540 πλα-

471 1559 541 1603 τυσμός.
552 1555 611 1595 Glem.
622 1556 633 1593 I
643 1569 660 1606 3.

445 1611 502 1648 Πλεῖν.
531 1613 558 1648 διὰ
569 1612 588 1648 τὸ
598 1612 678 1660 ἐξαίφνης
688 1614 737 1649 πλεῖν
746 1628 767 1660 με
776 1612 809 1650 άπδ

471 1665 554 1714 Τρωάδος.
571 1665 614 1717 Igu.
631 1665 693 1717 Polye.
712 1668 730 1705 8.
761 1668 809 1705 ἔπλει

471 1721 491 1756 τὸ
511 1720 616 1770 Ἀδριατικὸν
642 1721 722 1771 πέλαγος.
747 1721 805 1760 Mart.

471 1774 513 1825 Ign.
524 1784 543 1824 5.

444 1831 535 1868 Πλειόνως.
563 1832 645 1869 πλειόνως
654 1832 704 1868 αὐτὸν
713 1829 808 1880 φοβείσθω.

469 1884 514 1935 Igu.
525 1884 574 1936 Eph.
585 1885 603 1923 6.

446 1941 535 1978 Πλεῖστος.
573 1942 647 1977 πλεῖστα
670 1941 740 1988 χαίρειν.
767 1941 808 1993 Igu.

472 1993 547 2045 Smyru.
558 1994 617 2033 Inscr.
628 1994 693 2046 Polyc.
703 1994 765 2034 Inscr.

444 2050 517 2087 Πλείων.
548 2051 627 2089 πλείονας
639 2050 731 2100 ὕπῆνεγκεν
743 2053 809 2090 πόνους.

472 2103 531 2143 (Hem.
543 2105 553 2142 I
563 2114 580 2153 5.
616 2106 634 2142 ἐκ
647 2109 677 2142 τοῦ
691 2107 727 2144 ἑνός
740 2109 810 2144 πλείονα

472 2161 523 2206 αὔξει.
542 2173 573 2207 24.
610 2161 633 2207 μὴ
652 2160 767 2206 στασιάζωσιν
783 2163 810 2199 ἐπί

471 2217 535 2252 πλεῖον.
546 2223 577 2263 55.
592 2216 668 2253 πλείονες
678 2216 768 2264 ἐγενόμεθα
776 2221 810 2253 τῶν

472 2269 565 2307 δοκούντων
573 2271 618 2317 ἔχειν
627 2272 675 2307 Θεόν.
686 2269 708 2307 II
719 2283 735 2307 α.
756 2275 810 2320 σιγῶν

470 2325 540 2361 πλείονα
555 2324 626 2361 δύναται.
644 2323 686 2375 Igu.
702 2324 774 2363 Philad.
793 2338 807 2363 1.

471 2378 540 2416 σύνεσιν
549 2379 619 2417 πλείονα
627 2378 646 2426 ῆς
655 2381 704 2427 ἐχεῖς,
716 2379 778 2430 Polyc.
794 2395 807 2419 ι.

471 2433 514 2471 ὅπου
523 2434 585 2471 πλείων
592 2435 648 2471 κόπος.
656 2432 681 2471 ib.
710 2437 770 2471 πλεῖον
778 2437 808 2472 οὐ·

471 2490 500 2524 τὸν
512 2491 656 2538 προσοικειοῦσαυ.
667 2487 724 2527 Mart.
735 2488 777 2540 Igu.
793 2503 807 2527 ι.

470 2543 540 2580 πλείουά
552 2558 570 2579 τε
579 2574 582 2580 ,
591 2573 594 2580 ,
604 2543 716 2591 διαλεχθείς.
728 2544 745 2581 6.
765 2546 781 2580 οἱ
791 2545 809 2581 δέ

465 2597 539 2635 ιπλείους
555 2597 622 2634 ἔπειθον
638 2599 689 2634 αὐτὸν
704 2599 807 2644 ὑπεξελθεῖν.

471 2651 527 2689 Marb.
539 2650 602 2702 Polyc.
614 2660 631 2699 5.
650 2653 676 2688 καὶ
685 2652 730 2689 ἀλλὰ
739 2655 809 2691 πλείονα

470 2706 530 2755 λέγων.
543 2718 572 2743 12.
602 2707 629 2743 διὰ
641 2708 723 2744 πλειόνων
732 2709 808 2756 δηλωθῆ-

471 2776 501 2798 υαι.
514 2774 543 2798 20.

443 2816 504 2853 Πλέον.
533 2816 587 2864 ὑγίεια
599 2816 653 2853 πλέον
666 2815 729 2863 ῆνίιισε.
748 2816 807 2856 Olem.

470 2870 545 2921 Fragm.
552 2869 576 2908 iv.
592 2871 650 2907 Πλέον
655 2872 748 2910 σπουδαῖος
755 2872 808 2922 γίνου.

470 2924 512 2976 Igu.
523 2925 587 2976 Polyc.
598 2938 617 2973 3.
637 2925 698 2962 Ιπλέον
707 2928 809 2966 δουλευέτω-

471 2995 507 3018 σαν.
519 2992 536 3026 4.
558 2981 587 3016 ἐὰν
595 2980 664 3029 γνωσθῇ
674 2981 732 3020 πλέον,
744 2992 761 3031 5,

444 3035 541 3081 Πλεονεξία,
571 3035 698 3084 ἀπορρίψαντες
707 3037 737 3086 ἀφ’
748 3040 810 3077 ἑαυτῶν

473 3121 487 3127 ,.
500 3088 613 3136 ,πλεονεξίανΙ
625 3089 684 3129 Clem.
696 3090 706 3128 I
717 3100 747 3141 35.
770 3094 810 3132 άπε-

498 3157 531 3182 112
