1958 3490
318 227 359 270 AD
375 226 568 279 CORINTHIOS,
578 225 599 268 ii.
781 224 809 267 15
852 288 853 292 ¹

112 344 185 413 plena
205 344 280 394 etiam
300 360 374 411 super
391 340 704 409 omnesnspiritussanoti
723 340 810 391 effusio

112 424 178 474 facta
195 428 248 483 est,
272 427 404 488 sanctaque
420 420 548 471 voluntate
564 419 636 487 pleni,
653 420 718 470 bona
734 419 810 469 animi

112 501 314 570 promptitudine,
325 518 381 551 cum
396 500 437 567 pia
452 499 603 558 confidentia,
615 517 703 549 manus
714 504 810 564 vestras

112 580 144 631 ad
161 580 243 630 Deum
261 580 454 648 omipotentem
473 577 625 637 extendistis,
644 576 811 644 supplicantes

112 659 141 718 ei,
153 664 183 708 ut
198 664 263 709 esset
278 676 337 726 erga
347 675 391 707 vos
408 657 488 707 animo
504 656 616 725 propitio
628 656 650 707 si
661 656 722 723 quid
737 654 811 706 inviti

111 735 262 805 peccassetis.
296 735 377 787 Labor
391 731 469 786 omnis
482 741 512 806 et
521 734 650 786 'contentio
665 740 750 785 vestra
767 733 811 785 diu

111 821 235 883 noctuque
245 833 290 883 pro
298 814 413 878 universa
420 814 575 865 fraternitate
583 819 642 874 erat,
651 819 681 864 ut
691 831 810 864 numerus

111 893 243 944 electorum
259 894 312 962 ejus
327 911 383 945 curn
396 893 602 944 commiseratione
619 898 645 943 et
662 892 811 944 conscientia

110 973 253 1024 salvaretur.
289 973 382 1025 Sinceri
398 972 521 1023 intervos
537 972 648 1032 invicem,
664 973 767 1033 innoxii,
783 978 813 1022 et¹

111 1053 189 1103 omnis
207 1052 311 1120 injuriae
330 1053 482 1102 immemores
502 1051 581 1102 eratis.
617 1051 711 1103 Seditio
730 1052 810 1103 omnis

111 1138 137 1195 et
157 1132 261 1182 scissura
279 1132 348 1183 vobis
368 1131 529 1182 abominanda
548 1136 601 1182 erat
611 1150 618 1192 ;
641 1131 810 1199 proximorum

111 1204 200 1262 delicta
218 1210 348 1279 lugebatis,
367 1210 464 1261 illorum
484 1211 593 1261 defectus
612 1217 708 1262 vestros
728 1230 810 1262 oense·

109 1290 190 1341 batis:
213 1296 314 1358 propter
330 1290 456 1341 benefacta
474 1290 542 1341 nulla
560 1290 713 1357 poenitentia
732 1291 808 1351 ducti,

109 1368 143 1424 ad
153 1387 224 1419 omne
235 1369 327 1420 bonum
339 1387 399 1436 opus
410 1370 517 1437 prompti
528 1369 607 1420 eratis.
634 1370 723 1421 Ornati
734 1388 808 1421 rene·
817 1385 918 1438 asopus.

109 1446 186 1497 randa
201 1453 227 1497 et
242 1447 353 1498 omnibus
367 1448 474 1498 numeris
490 1448 602 1499 absoluta
616 1450 806 1509 conversatione,
815 1430 849 1464 Μ’
858 1440 876 1463 ¹¹¹
884 1440 898 1463 ¹'

110 1526 191 1576 omnia
212 1526 239 1576 in
261 1526 348 1576 timore
371 1526 423 1593 ejus
445 1527 614 1595 peragebatis:
639 1528 758 1580 mandata
781 1534 808 1599 et

109 1669 157 1709 time
163 1682 170 1719 3
185 1682 231 1708 nam
244 1670 372 1718 ἆναμνησίκακοι
385 1668 402 1708 si
415 1669 444 1708 di·
470 1670 502 1709 tel.
513 1675 532 1710 et
542 1670 614 1710 Colom.
627 1676 666 1717 τῶν,
676 1671 707 1711 vel
721 1674 806 1721 πλησίων,

109 1729 203 1772 cenentur,
217 1724 231 1763 ii
243 1724 401 1776 significarentur,
410 1724 444 1776 qui
470 1729 490 1764 et
512 1725 560 1764 nihil
582 1725 660 1777 quidem
687 1726 807 1779 frequentius

109 1783 220 1819 revocarent
233 1779 254 1818 in
269 1778 381 1818 memoriam
394 1779 444 1831 injn-
470 1793 528 1832 quum
541 1794 553 1819 a
566 1780 644 1820 librario
656 1786 724 1821 nostro
737 1790 807 1822 ocum

108 1833 147 1873 rias
165 1834 189 1873 ab
207 1833 249 1873 aliis
267 1839 358 1886 acceptas.
391 1834 444 1874 Hine
470 1842 485 1872 Ω
501 1835 610 1886 permutari.
639 1836 719 1876 Rectius
735 1842 806 1886 autem,

108 1892 166 1940 atque
179 1902 203 1927 ex
212 1889 317 1928 innumeris
326 1888 444 1941 aliisdepre-
470 1889 544 1942 opinor,
560 1890 641 1935 Boisius.
658 1891 692 1944 qui
707 1892 756 1945 legit
772 1896 807 1933 τοῖς

108 1943 210 1983 hendimus
224 1944 277 1993 locis,
291 1957 335 1983 eum
348 1943 382 1995 qui
395 1944 443 1984 uod.
470 1950 504 1984 τῶν
517 1947 595 1995 πλησίον.
623 1945 718 1987 Eamdem
730 1947 807 2001 ellipsin

109 1996 165 2038 Alex.
179 1999 285 2051 exscripsit,
299 2013 338 2038 non
352 1998 398 2038 satis
411 1999 444 2038 ad·
470 1998 528 2040 habes
546 2000 597 2052 apud
613 2001 679 2054 Eurip.
698 2002 746 2043 Hec.
765 2011 805 2055 975

108 2057 162 2093 terte
171 2053 233 2093 officio
242 2067 276 2094 suo
287 2054 403 2103 defunctum,
411 2054 444 2106 qui
470 2055 498 2095 ed.
510 2055 578 2096 Matth.
589 2060 648 2096 Σῶσόν
658 2073 688 2096 νυν
700 2060 756 2104 αὐτόν,
767 2059 806 2108 μηδ’

108 2108 155 2148 tolie
177 2109 248 2148 menda
269 2109 326 2161 plene
349 2109 444 2149 contraria
470 2112 500 2160 ἔρα
508 2116 542 2150 τῶν
550 2112 628 2160 πλησίον.

109 2163 214 2204 Clementis
245 2165 310 2204 animo
339 2164 447 2216 reliquerit
497 2165 521 2205 ib.
542 2164 657 2221 ὑστερήματα]
676 2167 705 2207 Cf.
721 2167 744 2206 Π
759 2167 803 2208 Cor.

109 2217 183 2258 OLER,
217 2219 271 2259 Msu
279 2219 381 2260 lectionem
390 2233 443 2259 men·
469 2220 803 2275 viii14‚tcre'pqpo,irtopiosm,Vulg.

108 2273 175 2313 dosam
185 2273 290 2314 Wottonus
303 2288 347 2315 cum
361 2274 403 2313 aliis
416 2275 443 2314 sic
499 2289 528 2325 14.
542 2277 604 2325 ἕτοιμοι
618 2279 642 2317 εἷς
654 2276 696 2332 πᾶν]
714 2273 809 2328 Hermos,

108 2329 202 2378 emendat,
216 2331 330 2379 ἅμνησίκακοι.
364 2329 443 2369 Mallem
470 2330 520 2370 Post.
540 2331 659 2382 11112124,
684 2333 719 2372 ‘in
738 2347 805 2374 omnes

108 2397 153 2423 cum
161 2384 225 2423 Birric
234 2387 389 2434 παναμνησίκακοιι
404 2399 443 2424 ora
468 2385 555 2426 homines
570 2386 595 2425 ad
608 2387 715 2427 faciendam
730 2389 805 2429 miseri·

107 2439 140 2478 air
153 2439 245 2479 intereos
258 2439 338 2491 ‹ffinsuo
347 2439 443 2479 immaca-
469 2441 553 2480 cordiam
559 2443 657 2493 prompti?

107 2508 142 2534 res.
171 2494 283 2535 Delectatur
292 2500 343 2535 certe
356 2494 443 2548 hujusce-
498 2497 527 2536 16.
538 2499 588 2549 ἐντῷ
597 2500 648 2550 φόβῳ
657 2496 718 2552 αὐτοῦ]
736 2498 804 2539 Malim

107 2549 160 2588 modi
172 2550 283 2602 compositis
293 2550 311 2591 S.
320 2551 381 2590 Pater.
410 2550 442 2591 sie
469 2553 518 2603 ἐντῷ
527 2554 579 2604 φόβῳ
587 2556 618 2590 τοῦ
627 2555 725 2604 Koploaut
734 2553 804 2593 deinde

107 2618 154 2643 mox
162 2604 193 2644 hie
203 2610 223 2654 τῇ
232 2607 330 2658 παναρέτῳ.
339 2637 342 2645 .
351 2607 440 2655 ,πολιτείᾳΙ
468 2605 518 2645 linea
527 2611 622 2659 sequente,
630 2621 665 2659 pro
672 2610 694 2645 τὰ
701 2610 803 2657 δικαιώματα

108 2660 158 2711 §33,
168 2662 359 2712 τῴπαμμεγεθεστάτῳ,
369 2665 442 2713 etpost
467 2666 498 2699 τοῦ
511 2664 579 2712 Κυρίου,
593 2662 687 2702 scribatur
700 2665 722 2701 τὰ
735 2665 802 2701 δικαιώ-

106 2727 172 2766 pauca,
188 2718 208 2753 τὸ
224 2717 330 2767 campos
348 2717 389 2754 κατὰ
405 2717 440 2754 διά-
467 2733 511 2765 ματα
528 2719 585 2756 αὐτοῦ·
600 2718 670 2757 rectius
689 2718 741 2757 enim
758 2718 803 2758 sub-

107 2785 157 2808 νοιαν.
187 2771 239 2822 §35
253 2774 263 2808 ὁ
277 2773 362 2822 saudyca
392 2773 441 2821 §45
465 2771 532 2823 jicitur
549 2771 655 2822 relativum,
671 2787 730 2825 quam
748 2787 806 2826 prae--

106 2827 131 2875 τῷ
140 2827 309 2877 παναρέτῳόνόματι.
326 2827 441 2878 §Slslw
468 2826 523 2866 cedit.
538 2826 604 2867 BOIS.

106 2881 234 2930 (ἱρετοΜοφιίι1
250 2880 327 2921 GALL,
494 2882 519 2921 ib.
534 2884 561 2920 καὶ
578 2884 600 2920 τὰ
615 2880 725 2937 δικαιώματα]
748 2882 804 2923 Haec

136 2946 165 2973 12.
180 2939 216 2975 τοῖς
231 2934 314 2991 πλησίον]
335 2935 405 2975 Junius
421 2941 441 2976 et
467 2937 529 2986 verba,
540 2950 587 2989 quae
601 2937 670 2978 desunt
682 2938 732 2978 Edd.
747 2939 804 2979 resti-

107 2988 171 3028 Folius
180 2990 260 3031 mallent
269 2992 387 3039 τῶνπλησίον.
404 2992 441 3030 Co·
467 2992 506 3032 tuit
521 3006 545 3032 ex
560 2991 617 3032 MSto
631 2993 740 3034 Wottonus.
774 2995 804 3035 na
