1958 3490
310 238 351 281 AD
366 236 556 289 CORINTHIOS,
572 236 600 278 ix.
783 233 810 274 m

71 362 74 363 ’
106 401 110 408 ,
145 355 190 405 ΙΧ.
209 354 291 417 Quare
309 355 451 423 magnificae
470 354 524 421 ejus
542 359 569 403 et
588 350 707 419 gloriosae
725 348 810 399 volun-

109 433 158 484 tati
177 432 345 500 obsequamur,
364 440 390 484 et
409 432 554 501 suppliciter
573 426 764 480 misericordiam
786 432 812 476 et

109 511 290 579 benignitatem
302 511 355 579 ejus
365 512 533 579 implorantes,
544 507 637 558 relictis
648 505 719 555 vanis
735 504 812 571 operi-

109 590 163 649 bus,
176 589 339 650 contentione,
356 597 382 641 et
399 588 563 640 aemulatione
580 603 643 652 quae
660 583 692 634 ad
708 588 812 633 mortem

110 669 185 728 ducit,
197 668 229 719 ad
245 668 412 720 miserationes
430 668 483 735 ejus
500 665 662 716 advolvamur
676 668 702 712 et
713 679 812 712 conver-

110 755 198 799 tamur.
234 747 303 797 Fixis
324 747 399 799 oculis
417 748 559 797 intueamur
582 762 630 802 eos,
653 742 697 809 qui
718 741 812 808 magni-

110 827 206 878 ficae'
185 845 239 895 ejus
247 827 341 917 gloriae
352 827 460 895 perfecte
474 823 645 873 inservierunt.
681 820 813 872 Sumamus
821 838 864 871 een
872 848 884 870 v
888 848 919 890 nn.

110 906 203 965 Enoch,
211 906 255 973 qui
265 906 292 955 in
303 905 443 956 obedientia
450 904 536 971 justus
547 906 666 969 repertus,
678 882 861 950 translatusHeb
822 927 865 960 Ge„
873 938 892 960 ,1
875 882 917 959 ξ

38 1031 41 1035 ,
110 985 166 1044 fuit,
177 1003 257 1052 neque
274 1003 339 1036 mors
355 985 408 1052 ejus
425 981 576 1050 deprehensa
588 986 632 1031 est
668 980 722 1030 Noe
733 972 893 1049 fidelisffl,¹J
876 1015 894 1048 xi
903 1022 918 1057 7

109 1064 234 1124 inventus,
256 1082 301 1131 per
323 1062 488 1113 ministerium
513 1078 586 1110 suum
608 1076 698 1109 novam
721 1056 898 1107 mundoffetf
887 1067 924 1102 ¹¹5·

110 1143 295 1211 generationem
314 1141 483 1209 praedicavit3
510 1145 537 1189 et
556 1157 600 1207 per
618 1156 675 1188 eum
693 1135 812 1195 animalia,

111 1289 233 1342 ‘Paedag”
221 1303 240 1335 11,
258 1287 277 1343 [§
290 1302 320 1339 10,
334 1304 352 1342 p
365 1302 403 1340 233
419 1289 447 1328 ed.
477 1288 593 1328 ‘Hebraeos
606 1287 700 1331 imitatur
710 1286 743 1326 lat¹
729 1291 767 1326 trus
781 1286 813 1326 de-

112 1322 209 1398 ‘Potter.]
227 1344 330 1395 Αυθρωπας
338 1362 380 1396 your
389 1345 409 1393 ην
418 1361 448 1389 τις
477 1343 556 1395 ‘pingit
548 1343 637 1384 SPa
638 1341 756 1381 marcharum
771 1355 812 1381 mo-

112 1399 385 1455 “όΚιίριοςδιηηονμευοςλέηει,
395 1400 449 1439 πλον-
477 1398 630 1450 ‘res,fidemque
638 1397 749 1450 praedicat3
764 1410 813 1449 quae

112 1454 263 1505 *σιοςσφόδραῇ
255 1472 274 1494 ας
283 1456 398 1494 ἐνεδιδύσκετο
407 1471 449 1505 παρ·
476 1453 512 1493 ‘in
522 1453 598 1493 citando
607 1466 643 1505 pro
654 1466 708 1491 more
720 1465 754 1491 suo
768 1466 813 1492 oon-

112 1510 183 1560 ’φόρου
192 1512 219 1548 καὶ
232 1509 307 1555 βόασον
318 1512 449 1560 εὐφραινόμενος
476 1508 551 1548 trahit
559 1506 713 1548 Alexandrinus

112 1566 190 1603 ί’καθ’
182 1565 244 1615 ημέραυ
261 1567 349 1615 λαμπρῶς·
372 1565 421 1604 οὗτος
439 1568 448 1601 ὁ
503 1572 520 1613 7,
531 1563 810 1614 τῇμεγιιλοπρεπεῖδόξῃαύταῦ,]

112 1625 117 1641 ‘
126 1622 189 1669 χόρτος
198 1619 224 1667 ἦν·
238 1621 306 1668 πτωχός
315 1621 336 1657 δέ
346 1637 371 1659 τις
380 1621 449 1667 ὀνόματι
476 1617 508 1658 Sic
526 1617 548 1657 B.
559 1619 634 1663 Petrus,
651 1617 674 1656 Π
688 1617 695 1655 i
709 1625 739 1667 17,
754 1618 813 1666 φωνῆς

113 1676 201 1724 ’Λάζαρος
212 1675 297 1721 ἐβέβλητο
306 1676 330 1725 εἷς
340 1677 370 1713 τόν
378 1677 448 1713 πυλῶνα
476 1674 573 1722 ἐνεχθείσης
589 1676 634 1724 αὐτῷ
648 1673 718 1710 τοιᾶσδε
736 1673 770 1710 dud
783 1675 813 1721 τῆς

113 1736 117 1752 ¹
127 1729 248 1767 τοῦιιλουσίαο
254 1729 355 1776 ἡλκωμένον,
364 1730 449 1777 ἐπιθυμῶν
475 1731 616 1778 μεγαλοπρεποῦς
624 1729 679 1775 δόξης.

113 1784 242 1833 (χορτασθῆναι
251 1785 270 1820 ἐκ
278 1786 449 1831 τῶνπιπτόντωντῆς
503 1782 528 1821 ib.
544 1785 627 1831 Λάβωμεν
640 1783 705 1831 Ἑνὼχ]
725 1781 813 1821 Clemens

113 1846 117 1860 ¹
128 1839 210 1888 τραπέζης
215 1842 245 1875 τοῦ
250 1839 341 1876 πλουσίου·
348 1839 396 1877 οὗτός
402 1839 450 1876 ε’στιν
476 1836 532 1876 Alex.
546 1840 630 1886 Λάβωμεν
638 1838 813 1886 Ἐνώχ,--μετετέθη,

113 1894 137 1941 (ἡ
152 1896 191 1932 πόα·
206 1893 246 1930 ἀλλ’
260 1896 270 1930 ὁ
285 1894 316 1941 μὲν
329 1895 418 1940 ἐκολάζετο
432 1894 450 1930 εὐ
477 1892 547 1931 omisso
561 1894 588 1931 καὶ
602 1894 634 1941 οὐχ
648 1892 707 1941 εὑρέθη
719 1893 770 1929 αὐτοῦ
784 1894 814 1930 θά-

113 1949 177 1996 ’ᾅδοα
193 1951 202 1985 ό
220 1947 310 1993 πλούσιος,
328 1949 404 1997 μετέχων
419 1951 450 1985 τοῦ
477 1964 532 1987 υατος.
561 1946 589 1986 Of.
601 1960 649 1999 quae
663 1946 687 1985 (ie
701 1945 769 1985 Enoch
782 1946 814 1985 ha-

113 2009 118 2025 *
127 2005 186 2052 πυρός’
201 2006 210 2040 ὁ
220 2003 239 2039 δὲ
251 2003 344 2041 ἀνέθαλλεν
353 2004 371 2040 εὐ
380 2006 450 2041 κολποις
476 2002 547 2041 buntur
554 2002 575 2041 in
582 2001 670 2054 Epistola
676 2001 701 2040 ad
708 2001 814 2045 Hebraeos,

113 2060 158 2095 ‘rot
176 2059 250 2106 Πατρός.
279 2056 307 2096 Cf.
323 2057 449 2099 &Luexvi
477 2057 502 2096 ad
518 2071 576 2109 quam
591 2056 717 2109 proculdubio
729 2057 815 2108 respexit

113 2115 196 2151 ‘avers
209 2125 233 2162 19
245 2112 344 2162 adfinem,
355 2117 374 2152 et
384 2112 405 2151 in
420 2126 451 2151 eo·
478 2112 497 2152 S,
509 2112 572 2157 Pater,
583 2117 602 2152 et
611 2112 659 2151 adeo
668 2125 728 2164 prope
739 2112 815 2151 adeam

113 2167 172 2206 ‘dem
183 2167 253 2207 Strom.
268 2165 296 2220 [iv
306 2168 324 2213 6,
336 2182 354 2220 p.
366 2170 405 2217 578
420 2167 449 2206 ed,
477 2167 556 2212 accedit,
563 2171 606 2207 tum
615 2167 636 2206 in
645 2167 687 2215 hoo,
693 2172 737 2206 tum
745 2166 766 2205 in
773 2167 815 2206 aliis

113 2221 210 2276 ‘Potter.]
225 2225 287 2272 Σαφῶς
300 2224 319 2260 δὲ
334 2227 343 2261 ὁ
358 2223 420 2273 nepta
433 2224 451 2260 ἐν
477 2223 530 2267 locis,
544 2227 566 2262 ut
580 2222 668 2261 nonnulli
683 2222 707 2261 de
719 2222 815 2262 veteribus

113 2280 118 2298 ‘
129 2281 153 2329 τῷ
166 2279 267 2329 Εὐαγγελίιρ
280 2280 310 2315 τδν
323 2278 413 2325 πλαίσιον,
422 2280 452 2315 τόν
479 2276 609 2329 Scriptoribus
620 2277 758 2316 Ecclesiasticis
772 2291 816 2317 eum

114 2334 251 2382 ίθησαυρίζοντα
260 2334 320 2372 εἰςτὰς
327 2333 452 2381 ἀποθήκας,καὶ
478 2337 512 2372 aut
529 2333 632 2385 scripsisse,
651 2337 685 2371 aut
704 2333 772 2372 saltem
791 2346 816 2372 cx

113 2388 172 2437 ’πρὸς
181 2390 240 2425 ἑαυτὸν
250 2388 328 2437 λέγοντα,
338 2390 383 2437 ἔχεις
396 2389 452 2437 ἀγαθὰ
479 2388 568 2427 Hebraeo
587 2388 607 2426 in
626 2387 722 2427 Graecum
744 2401 815 2427 8811110-
839 2394 840 2397 ’

113 2445 186 2481 *πολλὰ
195 2444 295 2490 ἀποκείμενα
308 2445 331 2482 εἷς
344 2445 372 2491 ἔτη
386 2444 450 2481 πολλά·
479 2456 524 2482 nem
538 2457 580 2482 eam
589 2443 675 2487 vertisse,
685 2447 814 2483 autumentur.

114 2500 180 2548 “φα’γε,
191 2499 225 2546 πίε,
236 2499 334 2548 εὐφραίνου,
344 2499 411 2548 ἄφρονα
424 2499 450 2535 κε’·
479 2498 561 2538 WOTT.

114 2555 195 2600 ίκληκευ·
209 2553 262 2600 ταότη
277 2554 310 2602 γὰρ
325 2557 345 2601 τῇ
362 2555 407 2591 νυκτὶ
422 2554 452 2601 τὴν
508 2567 525 2603 9.
536 2559 575 2591 Νῶε
590 2554 651 2592 πιστὸς
667 2552 755 2602 εὖρεθείς,]
773 2551 815 2591 (lle-

114 2608 190 2657 ‘tvxtv
206 2606 239 2645 σου
254 2610 423 2657 παραλαμβάνουσιν·
441 2608 452 2644 ἃ
479 2622 533 2647 mens
543 2607 599 2647 Alex.
614 2611 644 2659 τῷ,
658 2608 737 2655 μετετέθη
752 2606 776 2645 (ie
790 2607 815 2645 Ε-

114 2663 159 2700 ‘otu
172 2664 265 2711 ἡτοίμασας
278 2665 323 2702 τίνος
335 2664 402 2713 γένηται
410 2677 416 2712 3
431 2662 450 2702 S.
479 2663 541 2702 noello
556 2663 613 2703 modo
630 2662 688 2705 dicto,
705 2661 816 2702 immediate

114 2724 118 2740 ‘
129 2717 174 2756 Luc.
185 2717 213 2756 xii
222 2731 289 2757 avers.
299 2718 322 2755 16
332 2718 357 2756 ad
368 2731 398 2757 αα.
414 2717 452 2758 Sed
480 2719 582 2767 subnectit,
593 2719 625 2755 Καὶ
634 2722 678 2761 Νῶε,
689 2716 707 2755 ὃς
720 2718 816 2757 πιστεύσας

114 2775 167 2811 ‘non
182 2786 230 2824 opus
243 2777 278 2816 est,
288 2777 311 2812 ut
320 2773 376 2824 plura
387 2773 451 2824 profe-
480 2775 558 2822 διεσώθη,
571 2771 711 2825 praetermissis
724 2770 753 2813 iis,
768 2785 817 2824 quae

114 2835 119 2849 ¹
129 2840 194 2866 ramus
203 2828 227 2867 de
236 2832 312 2867 renota
321 2828 368 2867 adeo
379 2828 408 2874 iis,
419 2827 452 2880 qui
479 2828 510 2867 hio
520 2828 579 2867 fusius
589 2827 674 2879 legimus
690 2826 771 2866 WOTT.

113 2885 120 2912 ⁶«
129 2881 249 2923 Clementem
258 2882 412 2922 Alexandrinum
421 2883 452 2922 vel
509 2896 538 2922 1ο.
548 2879 688 2935 παλιγγενεσίαν]
702 2882 731 2920 De
741 2882 816 2933 generis

113 2936 258 2989 ‘inspexerunt
288 2937 377 2978 Clemens
392 2938 453 2991 igitur
479 2938 558 2977 humani
571 2937 711 2976 instauratione
728 2942 747 2976 et
760 2952 817 2990 gene-

114 2999 118 3016 ‘
129 2992 233 3038 Romanus,
245 2993 292 3032 dum
307 2994 414 3046 Epistolam
428 2994 452 3032 ati
480 2993 553 3033 ratione
566 3006 621 3036 nova,
631 2992 771 3044 interpretatur
782 2994 818 3033 Ju-

521 3071 555 3098 (Η
