2017 3420
157 211 186 252 54
398 210 498 253 INDEX
513 210 687 253 VERBORUM

159 321 248 360 Ἐπιθύειν.
279 323 347 360 ἔπεισεν
355 323 417 369 ὀμόσαι
430 323 458 359 καί
471 323 528 361 ἐπιθῦ-
555 321 653 369 Ἐπιμελῇς.
673 320 926 368 διόκονοι...ἐπιμελεῖς.Ρο-

187 391 220 414 σοι.
236 374 296 415 Mart.
311 375 373 427 Polyc.
384 389 401 423 4.
430 378 485 415 εἰπεῖν
496 376 529 414 Κύ-

186 445 222 479 ριος
232 431 312 480 Καῖσαρί
328 432 354 469 καλ
363 431 447 469 ἐπιθῡσαι.
464 433 482 469 8.

159 484 263 532 Ἐπιθυμεῖν.
292 486 314 522 τὰ
323 486 394 529 κοσμικὰ
403 488 457 523 ταῦτα
466 486 489 524 ὣς
498 485 528 522 εἰλ-

186 541 247 588 λότριιι
263 539 347 588 ἡγεῖσθαι,
362 541 388 576 καί
403 539 425 587 μὴ
441 540 529 587 ἐπιθυμεῖν

186 594 246 631 αὐτῶν.
269 592 329 632 Olem.
343 593 365 631 II
380 603 398 642 5.
426 594 445 631 ἐν
455 595 490 643 γὰρ
505 596 528 645 τῷ

582 376 617 428 lyc.
630 375 678 414 Phil.
690 384 707 424 5.

554 431 655 479 Ἐπιμελῶς.
683 430 798 480 προσέχοντες
812 430 852 469 τούς
864 432 926 479 λόγους

582 486 634 522 αὐτοῦ
649 486 737 532 ἐπιμελῶς.
752 483 812 523 Clem.
824 484 835 522 I
846 496 863 522 2.
887 484 925 521 ἐκυ-

581 539 636 588 βέρνα
648 540 678 587 τὴν
690 538 791 586 ἐκκλησίαν.
803 566 807 576 .
819 566 824 575 .
835 539 924 586 ἐπιμελῶς.

582 593 642 632 Mart.
653 593 696 645 Igu.
707 591 723 630 I.

186 648 274 695 ἐπιθυμεῖν
280 648 323 695 ἡμας
330 649 424 695 κτήσασθαι
430 651 490 685 ταῦτα.
502 647 527 686 ib.
554 648 654 695 Ἐπιμένειν.
676 651 706 685 νῦν
720 648 738 684 δέ
753 647 862 694 ἐπιμένουσιν
875 662 924 684 κυκο·

186 703 237 749 μηδὲν
261 702 349 749 ἐπιθυμεῖν
369 704 455 750 κοσμικόν.
484 701 527 753 Ign.

187 755 242 794 Rom.
254 768 272 804 4.
297 758 361 804 κόσμου
368 757 386 794 δέ
393 756 494 805 ἐπιθυμεῖτε.
510 765 527 805 7.

187 812 210 849 εἰς
227 809 248 857 ἣν
264 811 328 848 πολλοὶ
346 811 457 858 ἐπιθυμοῦσιν
472 812 529 848 εἴσελ-

187 865 225 902 θεῖν.
235 863 301 915 Polyc.
309 863 356 902 Phil.
366 877 383 902 1.
399 865 429 911 τὴν
438 864 483 902 ἰδίαν
492 865 530 902 ἐπε-

187 918 234 964 θύμει
252 919 333 968 γενέσθαι
350 917 443 956 τελείωσιν.
470 917 527 957 Mart.

186 972 228 1023 Igu.
240 973 258 1010 6.
279 973 339 1022 καίπερ
348 974 417 1010 πολλῶν
426 972 529 1021 ἐπιθυμούν-

582 703 728 740 διδασκολοῦντες.
759 700 819 739 Olem.
830 731 832 733 >
845 700 867 739 ΙΙ
893 713 924 740 10.

583 758 695 804 ἐπιμενόντων
710 760 744 793 τῶν
760 755 854 803 ζητούντων
868 757 923 794 αὐτόν.

583 810 641 849 Mar'fi.
654 810 717 861 Polyc.
734 810 751 847 6.
779 810 893 858 ἐπιμενόντων
906 812 925 848 δὲ

583 866 644 908 αὐτῶν,
662 866 701 913 ἔφη.
727 866 744 903 8.
771 864 890 911 Ἐπιμέυοντος
906 865 925 902 δὲ

582 920 634 957 πάλιν
641 920 693 956 αὐτοῦ
701 917 818 967 καὶλέγοντος.
832 930 862 956 10.
882 919 925 956 ιίσόα

582 975 644 1010 λευτον
653 973 734 1019 ἐπιμεῖναι
743 976 763 1020 τῇ
771 976 822 1021 πυρᾷ.
841 984 872 1021 13.

185 1042 218 1064 των
231 1030 283 1063 τοῦτο
297 1029 371 1074 ποιῆσαι.
391 1025 449 1066 Mart.
463 1026 526 1077 Polyc.
555 1026 650 1075 Ἐπίμυνος.
671 1025 748 1075 ἐπίμονος
756 1028 801 1075 ύμῶν
808 1026 923 1074 ἐστίνῇστό-

188 1088 216 1129 17.
246 1081 267 1118 οὗ
280 1082 300 1117 τδ
312 1080 403 1131 μαρτύριον
414 1082 478 1120 πάντες
492 1082 528 1119 ἐπι·

185 1135 268 1182 θυμοῦσιν
277 1135 369 1182 μιμεῖσθαι,
386 1147 415 1184 19.

581 1096 613 1119 σις.
632 1079 693 1119 Olem.
704 1079 715 1117 I
725 1081 755 1128 46.
784 1081 812 1117 διὰ
823 1083 853 1128 τῆς
865 1081 923 1129 ἐπιμό-

581 1150 609 1172 νσυ
618 1136 713 1174 κολάσεως.
728 1133 785 1174 Marii.
793 1134 860 1186 Polyc.
872 1147 889 1173 2.

158 1188 253 1237 Ἐπιθυμία.
282 1190 358 1235 βαδίζειν
371 1191 411 1226 κατὰ
425 1190 456 1226 τὰς
470 1189 528 1226 ἐπιθυ·
554 1188 640 1237 Ἐπινσμὴ.
663 1189 727 1237 μεταξύ
736 1189 814 1237 ἐπινομὴν
823 1190 921 1229 δεδώκασιν.

184 1244 226 1291 μίας.
243 1242 304 1281 Olem.
317 1243 328 1280 I
340 1255 358 1292 3.
386 1241 459 1292 φαύλων
472 1244 527 1292 ἔργων

580 1242 640 1282 Olem.
652 1243 663 1281 I
674 1256 705 1291 44.

184 1298 243 1347 μιαρὰς
257 1297 351 1344 ἐπιθυμίας.
372 1299 402 1335 28.
430 1298 527 1342 βδελυκτὰς
552 1298 666 1336 Ἐπιπίπτειν.
694 1298 725 1336 Ὣς
738 1298 757 1334 δὲ
771 1298 854 1335 ἐπιπεσδν
867 1299 924 1342 βίαιον

183 1352 276 1399 ἐπιθυμίας.
293 1364 324 1401 3ο.
344 1351 371 1390 ’ίνσ
379 1353 401 1400 μὴ
410 1352 470 1388 δοῦλοι
479 1352 527 1401 εὑρε-

579 1355 649 1400 πνεῦμο.
665 1350 723 1390 Mart.
733 1350 776 1402 Ign.
787 1362 804 1401 5.

184 1406 237 1444 θῶσιν
251 1406 345 1453 ἐπιθυμίας.
367 1406 408 1456 Ign.
425 1405 490 1457 Polyc.
508 1418 525 1453 4.
553 1407 673 1454 Ἐπιπόθητος.
693 1406 724 1453 τὴν
732 1406 809 1443 εὐκταίαν
821 1409 849 1443 καί
862 1407 921 1444 ἐπιπο-

183 1459 209 1497 ’ίυιι
225 1462 235 1496 ὁ
249 1461 305 1510 γάμος
318 1458 329 1508 ᾖ
343 1462 384 1498 κατὰ
399 1461 447 1504 θεὸν,
461 1461 488 1497 καί
503 1461 530 1508 μὴ,

581 1460 632 1507 θῇτην
641 1461 682 1508 ἡμῖν
690 1460 760 1509 είρῇνην.
775 1458 835 1498 Olem.
847 1459 858 1498 I
868 1469 901 1510 59.

213 1515 218 1529 ἲ
239 1515 244 1528 )
264 1515 275 1551 θ
301 1516 305 1528 Ι
405 1515 410 1528 Ἇ
447 1516 452 1530 Ι
552 1515 557 1529 ἱ
616 1518 623 1526 ⁸
700 1515 705 1529 Ι
723 1515 728 1527 θ
900 1516 905 1529 Ι

184 1529 214 1551 κατ
234 1529 329 1561 επιομιον.
352 1523 369 1563 5.
400 1515 527 1551 ανοκοπτεσθαι
558 1516 672 1553 Επιπτασθαι.
696 1530 762 1563 ημερας,
771 1516 873 1559 βλεπόντων
881 1530 922 1553 παν-

155 1593 158 1597 -
183 1569 216 1606 ἆπδ
223 1572 258 1606 τῶν
265 1568 360 1615 ἐπιθυμιῶν.
376 1568 438 1619 Polyc.
448 1567 498 1606 Phil.
507 1577 525 1617 5.

579 1584 617 1614 των,
628 1570 705 1607 ἐπιστάς.
720 1567 778 1607 Olem.
789 1567 800 1605 I
811 1576 843 1616 25.

184 1625 231 1661 πιῖσσ
244 1622 326 1671 ἐπιθυμία
338 1625 379 1660 κατὰ
388 1626 417 1660 τοῦ
429 1622 526 1670 πνεύματος
553 1623 687 1673 Ἐπιρρωννύειν.
706 1623 819 1671 ἐπερρώννυεν
827 1624 884 1660 αὐτῶν
892 1623 922 1670 τὴν

184 1677 299 1725 στρατεύεται.
321 1676 346 1715 ib.
375 1676 394 1716 δς
407 1677 427 1714 ἃν
442 1676 525 1724 μεθοδεύῃ

580 1678 648 1715 δειλίαν.
664 1676 722 1715 Mart.
733 1676 795 1728 Polyc.
807 1690 824 1726 3.

184 1732 273 1780 ...πρὸς
286 1733 316 1769 τὰς
330 1732 372 1770 ἰδίας
389 1731 483 1779 ἐπιθυμίας.
506 1739 524 1780 7.
552 1732 649 1769 Ἐπισείειν.
669 1732 919 1780 ἐπισείσοςούτοῖςτὴνχεῖρα.

183 1786 262 1833 ἐπιθυμίᾳ
271 1789 301 1822 τοῦ
310 1786 379 1824 πόθους.
391 1785 449 1824 Mart.
457 1784 500 1836 Ign.
506 1798 523 1834 3.

579 1785 636 1824 Mart.
648 1784 712 1836 Polyc.
724 1798 741 1834 9.

182 1840 265 1888 Ἰγνατίου
288 1840 395 1889 πληροῦσθαι
415 1840 446 1887 τὴν
466 1840 524 1877 ἐπιθυ·
551 1841 651 1888 Ἐπίσημος.
689 1842 749 1890 ὥσπερ
767 1841 812 1889 κριὸς
831 1839 919 1887 ἐπίσημος.

183 1895 226 1940 μίαν.
248 1895 266 1931 6.
296 1896 326 1940 τῇς
339 1893 456 1943 φιλοχρίστου
470 1894 524 1931 αὐτοῦ

183 1948 275 1994 ἐπιθυμίας.
292 1955 309 1996 7.

155 2000 288 2039 Ἐπικαλεῖσθαι.
317 2003 364 2048 πόσῃ
375 2003 424 2050 ψυχῇ
434 2003 523 2049 ἐπικεκλη-

578 1893 636 1933 Mart.
644 1894 687 1945 Ign.
698 1906 715 1937 π,
724 1897 743 1933 et
750 1892 806 1932 Mart.
814 1893 880 1943 Polye.
890 1905 919 1941 14.

577 1949 681 1987 διδάσκαλος
711 1949 799 1997 γενόμενος
831 1949 919 1996 ἐπίσημος.

577 2001 634 2041 Μυός.
646 2002 710 2053 Ροίγο.
724 2014 752 2051 19.

181 2055 221 2102 με’νη
238 2057 258 2092 τὸ
273 2083 277 2092 .
294 2084 298 2092 .
314 2083 318 2092 .
334 2056 381 2104 ἅγιον
397 2056 449 2102 όνομα
466 2057 522 2094 ama.
551 2057 655 2104 Ἐπισῇμως.
680 2056 767 2105 ἐπισήμως
777 2056 918 2105 ἐθηριομάχησεν.

182 2107 241 2147 Olem.
252 2109 264 2146 Ι
274 2111 306 2157 58.

578 2110 635 2149 Mart.
647 2110 712 2161 Polyc.
724 2123 741 2159 3.

154 2163 326 2201 Ἐπικαταλλάσσειν,
351 2163 396 2201 ὅπως
410 2162 462 2201 ίλεως
477 2166 524 2212 γενό·
550 2165 701 2203 Ἐπισκέπτεσθαι.
730 2166 751 2201 Οί
768 2163 797 2201 οὖν
816 2166 867 2213 ἱερεῖς
883 2164 919 2201 ἐπι-

180 2233 229 2309 χιενος
246 2218 374 2267 ἐπικαταλλσγῇ
391 2218 433 2265 ύμῖν.
463 2216 522 2255 Olem.

202 2273 233 2319 48.

153 2326 265 2364 Ἐπικεῖσθαι.
295 2328 305 2363 ὁ
317 2327 367 2364 αύτδς
379 2325 417 2372 ἡμῖν
430 2325 478 2373 αἰγῶυ
486 2325 523 2362 ἐπί-

578 2219 679 2256 σκέπτοντσι
691 2219 721 2257 τὰς
733 2219 837 2268 ἀναγραφάς.
858 2217 917 2257 Olem.

578 2273 587 2310 Ι
604 2281 634 2321 25.
665 2274 804 2320 ἐπισκεπτόμενοι
819 2274 885 2311 πάντας
900 2273 919 2309 ό-

577 2327 647 2365 σθενεῖς.
663 2326 727 2378 Polyc.
738 2326 784 2365 Phil.
797 2327 813 2364 6.

180 2396 235 2418 κειται.
260 2378 320 2418 Olem.
338 2378 349 2416 I
365 2388 382 2429 7.
410 2377 451 2415 ίδιαι
468 2379 523 2415 διακο-
549 2381 664 2419 Ἐπισκυπεῖν.
684 2383 734 2429 μόνος
743 2381 793 2428 αὐτὴν
801 2381 917 2429 ἸησοῦςΧρι-

181 2435 213 2472 νίοι
229 2435 326 2472 ἐπίκεινται.
347 2446 378 2481 40.
406 2432 488 2470 ἐπίκειται
502 2434 523 2469 τὰ

180 2488 210 2526 δύο
224 2491 272 2535 ὁμοῦ.
294 2487 336 2539 Igu.
351 2488 415 2539 Magn.
432 2496 450 2535 5.
480 2485 524 2524 ἴδιον

179 2545 278 2592 χαρακτῆρα
292 2543 400 2590 ἐπικείμενον.
422 2540 448 2580 ib.
479 2542 489 2577 ὁ
503 2542 521 2577 δέ

179 2599 245 2635 τοκετύς
253 2612 285 2644 μοι
294 2597 378 2635 ἐπίκειται.
393 2597 449 2635 Rom.
462 2595 480 2632 6.

151 2651 288 2699 Ἐπιλομβάνειν.
318 2653 388 2699 ούρανοῦ
401 2650 471 2699 με’λλιυν
486 2649 522 2687 ἐπι-

179 2706 303 2752 λαμβάνεσθαι,
319 2705 428 2757 Mal't.1gn.
440 2716 458 2752 4.

145 2759 283 2797 ,Ἐπιλανθάνειν
308 2760 419 2798 ἐπιλαθέσθαι
434 2759 479 2807 ἡμᾶς
495 2757 522 2794 ότι

178 2813 221 2861 με’λη
230 2814 284 2861 ἐσμὲν
292 2814 377 2861 α’λλῇλωυ,
393 2813 451 2853 Glem.
462 2811 473 2850 Ῑ
482 2812 513 2859 46.

151 2868 250 2917 Ἐπιλέγειν.
295 2868 372 2917 Ἡρώδης
395 2869 519 2917 ἐπιλεγόμενος.

179 2921 235 2961 Μυός.
247 2921 312 2973 Polyc.
325 2923 342 2960 6.

151 2976 252 3023 Ἐπιμέλεια.
277 2976 350 3014 Ἐκδίκει
359 2992 391 3015 σου
401 2979 430 3014 τὸν
438 2981 493 3017 τόπον
502 2979 520 3016 ἐν

178 3031 225 3077 πόση
234 3031 326 3078 ἐπιμελείᾳ.
343 3031 384 3082 Ign.
396 3031 459 3083 Polyc.
474 3046 489 3070 1.

577 2437 617 2474 στὸς
631 2435 750 2482 ἐπισκοπῇσει.
777 2434 819 2485 Ign.
831 2434 888 2472 Rom.
900 2446 917 2483 9.

575 2492 641 2536 μᾶλλον
664 2489 793 2540 ἐπεσκυπημέυης
813 2490 848 2526 ὑπὸ
867 2492 917 2526 θεοῦ.
964 2533 967 2537 ’

576 2542 638 2594 Polyo.
650 2543 711 2582 Insor.

549 2597 648 2645 Ἐπισκοπὴ.
673 2599 719 2647 ἔρις.
728 2627 732 2635 .
741 2625 745 2634 .
753 2598 780 2635 ἐπί
791 2600 821 2634 τοῦ
835 2597 918 2643 ὀνόματος

575 2653 716 2699 τῇςέπισκυπῆς.
736 2650 860 2698 Olem.144.
888 2653 918 2698 τῆς

576 2707 670 2754 ἐπισκοπῇς
681 2707 799 2753 ἀποβάλωμεν.
813 2704 839 2743 ib.
870 2706 888 2742 ἐν
896 2708 917 2751 τῇ

576 2761 659 2807 ἐπισκοπῇ
675 2763 706 2808 τῆς
721 2760 810 2805 βασιλείας
827 2762 859 2796 τοῦ
874 2765 916 2808 Χρι-

576 2817 622 2852 στοῦ,
649 2823 680 2862 50.
710 2815 727 2851 ἐν
743 2816 805 2861 ἐνότητι
824 2817 871 2850 θεοῦ
889 2814 917 2850 καί

575 2869 666 2915 ἐπισκοπῇ.
682 2868 723 2920 Igu.
735 2867 796 2919 Polyc.
808 2868 825 2906 8.

548 2922 657 2961 Ἐπίσκοπος.
676 2923 779 2961 καθέστανου
792 2924 822 2961 τὰς
837 2922 916 2971 ἀπαρχὰς

574 2978 638 3014 αὐτῶν.
647 3006 651 3014 .
661 3007 665 3016 .
674 2978 698 3016 εἷς
707 2978 814 3016 ἐπισκόπους.
834 2975 896 3015 Olem.
905 2975 916 3013 I

575 3043 604 3078 41.
636 3032 655 3068 ἐκ
671 3033 704 3082 γὰρ
723 3033 743 3079 δὴ
761 3034 830 3069 πολλῶν
849 3033 916 3080 χρόνων
